3624 5554
245 399 311 479 724
756 405 821 464 vrrs
837 404 952 466 loannis
968 403 1089 478 Kepleri.

244 603 366 660 neeesse
391 585 462 648 mibi
486 586 533 652 sel
556 587 615 666 ipsi
638 586 793 664 videbitur,
816 591 907 650 misso
931 588 1201 666 ennoematicae
1224 590 1355 663 reniam,
1378 589 1429 652 aad
1452 592 1529 652 intra
1551 592 1598 652 bi·
1672 567 1679 594 ’

243 675 334 735 duom
350 674 397 736 rel
412 674 540 736 triduom
555 675 682 753 Pragam
697 676 808 750 redibo,
831 679 888 736 nisi
910 675 984 738 inste
999 680 1093 754 magis
1113 676 1269 750 solitarios,
1286 681 1389 750 ¹minsis
1412 679 1597 742 turbulentus

243 761 315 828 mibi
343 765 382 824 sit
411 763 495 824 locus
524 763 732 824 commorandi.
777 765 892 841 Pragae
922 781 994 826 vero
1022 767 1188 826 necessaria
1211 773 1240 824 ct
1262 767 1458 826 astronomica
1489 767 1598 841 studia,

245 867 322 928 quae
344 853 453 927 quevis
476 860 605 930 tempore
636 854 796 931 praecipua
824 870 888 912 essa
910 855 1024 912 scivero
1053 847 1137 936 (quia
1164 854 1287 930 tempori
1311 854 1521 914 consulendum
1544 862 1597 930 est,

244 938 324 1015 qnod
347 955 406 998 non
429 940 483 998 crit
506 937 583 1000 ultre
606 956 695 999 unum
718 938 767 1000 vel
790 937 914 1000 alterurn
936 939 1068 1018 annum),
1091 957 1128 1002 ea
1147 939 1205 1001 lide
1229 947 1259 1000 et
1281 940 1430 1018 diligentia
1454 944 1597 1017 tractabo,

157 1033 160 1038 ’
244 1035 278 1086 ut
299 1026 378 1106 apud
402 1044 448 1086 me
470 1044 584 1086 summa
610 1025 723 1103 gloriae
745 1027 821 1100 Dei,
854 1029 988 1106 proxima
1010 1025 1173 1106 Tycbonis,
1204 1031 1323 1088 minima
1350 1047 1433 1090 meae
1461 1031 1599 1108 ratiesit

244 1113 357 1188 intare,
381 1121 411 1174 et
433 1112 464 1172 id
487 1114 558 1174 mibi
581 1115 731 1193 imperabo
754 1117 830 1196 ipsi,
857 1114 946 1194 quod¹
960 1113 1040 1175 baud
1061 1117 1123 1177 scie
1146 1134 1184 1178 an
1207 1118 1237 1173 in
1260 1114 1418 1178 Germania
1440 1119 1597 1196 quisquam

245 1201 322 1262 alius
345 1202 440 1262 iecere
464 1202 545 1264 velit.
968 1216 971 1222 ·

350 1295 379 1352 4.
403 1289 555 1350 Ineuodae
582 1297 666 1350 erunt
693 1305 763 1365 ergo
791 1289 975 1350 conditiones
1005 1288 1153 1364 bifariam,
1186 1292 1310 1368 primum
1339 1292 1364 1349 si
1387 1291 1458 1353 mibi
1481 1293 1536 1370 ipsi
1560 1292 1597 1352 da

243 1374 426 1437 habitatione
449 1383 479 1436 et
499 1377 588 1453 lignis
611 1379 650 1436 sit
672 1375 918 1456 prospiciendum,
942 1376 1047 1437 deinde
1070 1380 1094 1437 si
1111 1377 1146 1438 de
1161 1389 1286 1454 utroquo
1301 1379 1381 1451 mibi,
1402 1380 1454 1461 ubi
1469 1379 1596 1456 Praganr

243 1481 362 1539 verrere,
382 1465 445 1542 jam
469 1472 653 1543 prospectum
668 1483 687 1524 a
701 1464 739 1523 D.
756 1464 897 1542 'lycaone
919 1468 968 1540 sit,
991 1464 1062 1542 quid
1085 1467 1115 1524 in
1131 1474 1285 1543 utrumque
1301 1475 1438 1532 eventum
1453 1470 1597 1545 paeoniae

244 1552 315 1612 nribi
338 1553 467 1630 (praeter
486 1553 550 1627 jam
574 1551 673 1612 datum
697 1553 852 1624 viaticum,
884 1551 962 1629 qnod
986 1554 1014 1610 in
1038 1552 1116 1612 bunc
1142 1570 1261 1614 censium
1289 1557 1390 1616 venire
1413 1571 1471 1614 nen
1495 1549 1597 1637 debet)

243 1641 283 1700 sit
305 1639 335 1698 in
358 1657 450 1700 annos
472 1639 604 1718 singulos
628 1639 798 1702 tributurus.
836 1639 893 1700 Hie
909 1640 1044 1714 audiam,
1069 1639 1138 1716 quid
1161 1642 1224 1719 ipse
1239 1652 1392 1720 proponat,
1411 1641 1493 1702 nulle
1508 1642 1596 1702 medo

244 1728 321 1805 prior
343 1729 405 1806 ipse
428 1734 536 1806 petam.
581 1725 760 1787 Deliberabo
784 1744 854 1788 vero
878 1737 998 1806 postca,
1022 1729 1170 1788 victumne
1193 1727 1317 1788 tolerare
1340 1731 1464 1806 possim,
1492 1731 1516 1788 si
1539 1729 1596 1790 boe

241 1813 444 1893 Tyebonicum
473 1813 607 1893 Styriaco
637 1814 744 1876 calado
779 1815 966 1892 adjungatur.
1019 1813 1134 1876 Etenim
1165 1832 1241 1892 quae
1274 1818 1471 1876 astronomiae
1506 1834 1597 1877 causa

241 1901 338 1962 iecere
360 1920 487 1981 possem,
502 1901 562 1962 illa
584 1899 708 1962 libenter
730 1905 794 1962 sine
816 1901 1055 1982 compensatione
1077 1903 1212 1976 lacerem,
1236 1919 1302 1964 corn
1324 1905 1387 1982 ipso
1410 1906 1439 1962 io
1462 1903 1509 1962 bis
1531 1913 1595 1971 stn-

241 1987 298 2050 diis
320 1990 466 2068 proiectus
490 2008 540 2068 por
562 1991 791 2050 communicatas
807 1991 843 2050 D.
859 1989 1008 2070 'l'ycbonis
1031 1991 1252 2052 observationes
1271 2008 1390 2070 operam
1411 1991 1497 2052 lacile
1513 2008 1596 2052 eorn-

240 2084 353 2158 panset,
377 2077 428 2138 sed
452 2095 568 2156 possem
592 2077 644 2137 illa
660 2073 775 2158 Graeeii
792 2077 943 2156 perlicere,
973 2085 1086 2138 utnon
1108 2081 1147 2137 sit
1169 2095 1298 2152 necesse,
1322 2079 1388 2138 ideo
1411 2095 1457 2138 me
1480 2081 1595 2158 privare

241 2164 516 2246 commoditatibus,
546 2163 705 2243 quaejam
728 2183 747 2226 a
768 2183 815 2226 ma
839 2168 902 2244 ipse
926 2167 1075 2226 aestimari
1098 2174 1257 2242 nequeunt.
1303 2165 1375 2226 Com
1399 2183 1468 2243 ergo
1493 2167 1595 2238 itinere

240 2249 400 2314 Bobemico
423 2271 470 2314 me
493 2251 552 2312 illis
575 2255 687 2332 privem
709 2270 772 2313 nen
791 2255 988 2314 astronomiae
1007 2255 1171 2332 praecipue,
1195 2253 1247 2312 sed
1259 2253 1301 2312 D.
1318 2251 1468 2332 Tycbonis
1489 2257 1593 2329 gratia,

240 2357 368 2418 mquam
391 2347 444 2414 est,
468 2340 538 2400 mibi
563 2349 644 2418 parte
667 2338 768 2418 aliqua
791 2339 842 2402 illa
864 2360 882 2400 a
905 2325 942 2404 D.
966 2339 1106 2418 'l'ycbone
1130 2341 1321 2420 compensari.
1357 2339 1419 2400 Nec
1434 2339 1508 2400 base
1522 2339 1595 2401 lueri

240 2445 331 2490 eausa
354 2425 504 2488 dicuntur:
536 2435 630 2487 metus
654 2445 712 2502 nne,
741 2445 799 2488 oon
822 2445 890 2509 spes
914 2428 987 2487 lucri
1009 2429 1067 2490 lroc
1090 2425 1200 2506 adigit,
1231 2443 1299 2487 nam
1323 2431 1351 2486 in
1375 2427 1474 2506 Styrio
1498 2430 1596 2488 omnia

239 2519 269 2574 lo
293 2517 391 2576 omnia
414 2531 563 2588 eerrsunro,
586 2532 664 2590 quac
688 2513 736 2574 vel
759 2517 797 2574 nb
821 2515 919 2574 axoris
943 2515 1026 2574 bonis
1049 2515 1096 2576 vel
1120 2534 1138 2576 a
1161 2517 1233 2575 meis
1256 2513 1406 2576 laboribus
1429 2515 1536 2576 babeo.

346 2608 374 2668 b.
398 2603 462 2664 Etsi
485 2605 556 2676 seio,
580 2603 609 2662 id
634 2614 721 2679 agere
744 2603 782 2664 D.
807 2601 988 2680 l'ycbenem,
1012 2610 1045 2662 at
1068 2602 1203 2664 Caesaris
1227 2605 1401 2692 nuptoritnta
1425 2604 1542 2662 reniam
1565 2605 1594 2662 in

239 2689 422 2764 Bebemium,
446 2699 514 2768 peto
538 2699 649 2763 umen,
673 2691 796 2750 etmihi
820 2689 995 2752 documenta
1017 2689 1104 2766 bojas
1127 2694 1167 2751 rei
1190 2689 1282 2749 literis
1305 2692 1493 2770 consignata,
1517 2708 1595 2768 quae

239 2777 278 2838 ad
301 2780 489 2854 magistratus
512 2776 688 2838 Bolrcmieos
712 2778 839 2838 valitura
861 2780 929 2852 sint,
953 2779 1168 2854 communicari,
1192 2788 1223 2838 ut
1246 2775 1387 2853 babeam,
1410 2779 1434 2838 si
1458 2781 1500 2837 ita
1521 2779 1596 2838 ierat

240 2883 321 2942 nnus,
345 2866 395 2926 nbi
414 2865 464 2942 jus
488 2863 645 2944 appellem.

345 2959 375 3015 6.
398 2951 577 3014 Scribendae
600 2959 685 3013 erunt
707 2959 736 3012 et
758 2950 939 3014 solemnibus
968 2953 1064 3013 verbis
1093 2951 1130 3012 ad
1153 2970 1200 3020 me
1223 2955 1252 3011 in
1276 2951 1404 3030 Styriaos
1430 2951 1533 3014 literae
1555 2953 1610 3012 D.-

222 3037 389 3118 *Tycbenis
411 3057 499 3100 manu
522 3041 647 3118 propria,
672 3040 779 3118 quibus
803 3039 1000 3113 eorrditiones,
1024 3040 1060 3100 de
1084 3041 1191 3116 quibus
1220 3039 1267 3102 bie
1290 3047 1358 3100 ante
1381 3039 1494 3100 abitum
1520 3043 1595 3103 inter

238 3143 293 3188 aes
316 3128 496 3204 convenerit,
520 3127 733 3202 confirmantur,
756 3134 789 3187 ut
810 3146 847 3188 cx
871 3129 905 3188 iis
928 3135 1010 3188 tento
1026 3130 1132 3188 rectius
1149 3129 1231 3189 uxori
1254 3137 1284 3188 et
1298 3143 1399 3188 socero
1423 3145 1488 3190 meo
1503 3128 1594 3204 bojas

156 3269 159 3282 ,
238 3217 297 3274 mei
319 3216 430 3276 itineris
453 3218 528 3275 ratio
552 3213 743 3276 demonstrari
767 3217 868 3293 possit
960 3251 965 3264 ·

346 3310 373 3364 l.
399 3301 475 3377 Quia
498 3319 556 3362 non
581 3320 695 3382 semper
716 3305 870 3381 pecuniam
894 3319 910 3362 a
933 3301 1032 3380 Styria
1055 3319 1106 3380 per
1134 3310 1247 3362 turrium
1274 3301 1462 3362 interuallum
1485 3301 1594 3364 babere

237 3397 350 3470 potere,
372 3389 559 3468 pollicebitur
581 3387 618 3450 G.
642 3391 679 3454 D.
695 3385 807 3468 i'yebo,
832 3408 864 3450 se
888 3390 958 3449 mibi
981 3387 1159 3474 interpositis
1182 3392 1423 3452 convenientibus
1446 3392 1594 3451 cautioni·

237 3479 293 3538 bns
317 3479 471 3555 pecuniam
493 3475 532 3538 ad
546 3479 726 3538 necessarios
743 3479 812 3536 usus
830 3477 1006 3539 domesticos
1026 3476 1210 3538 commodato
1227 3477 1372 3550 daturum,
1396 3495 1486 3555 quam
1501 3481 1590 3538 etiam

238 3563 363 3626 fideliter
384 3568 548 3640 restituam,
578 3567 679 3644 sicque
702 3582 760 3624 non
784 3583 950 3644 passurum,
980 3572 1012 3625 nt
1034 3567 1207 3626 necessariis
1235 3564 1273 3625 ad
1297 3567 1407 3627 victum
1430 3565 1590 3644 aliquanda

238 3651 396 3730 indigeam.

343 3745 373 3805 8.
396 3739 474 3800 narrt
504 3741 676 3819 principium
706 3745 769 3800 esto
799 3739 922 3818 priorum
953 3747 1041 3816 atquc
1065 3739 1191 3816 Pragam
1220 3756 1342 3813 renero,
1374 3741 1485 3800 itineris
1508 3757 1589 3814 sero,

237 3830 366 3909 primunt
383 3836 473 3904 atqua
495 3830 650 3904 requisitos
672 3845 761 3906 snpra
783 3824 883 3887 literas
905 3827 936 3906 (b
960 3836 990 3887 et
1013 3827 1043 3906 6)
1066 3845 1125 3886 una
1154 3844 1219 3903 corn
1249 3829 1358 3888 viatico
1388 3835 1417 3888 et
1445 3833 1590 3906 praesenti

236 3917 362 3998 pecunia
378 3911 493 3976 Graecii
515 3931 664 3992 accepero.
702 3914 832 3976 Pecunia
854 3915 924 3974 mibi
947 3913 1029 3974 nulla
1051 3933 1189 3993 praesens
1211 3923 1256 3974 est
1279 3913 1396 3975 Graeoii
1418 3931 1473 3974 nec
1499 3932 1592 3993 spon·

236 4006 368 4066 sionibus
390 4005 446 4064 iter
469 4011 570 4080 potero
594 4001 741 4080 periinere,
764 4005 863 4078 itaque
887 4004 1030 4081 praesenti
1055 4006 1178 4079 pecuaria
1202 4017 1276 4080 epus
1301 4005 1371 4078 esit3
1394 4019 1449 4062 uec
1470 4001 1591 4080 Magni·

235 4093 283 4154 liei
306 4102 335 4154 et
351 4091 426 4154 Gen.
441 4089 480 4151 D.
497 4087 664 4150 Hellanaoni
688 4106 786 4167 opera,
809 4107 897 4166 quaer
921 4089 1083 4168 pollicetar,
1107 4099 1247 4167 tanquam
1270 4091 1350 4163 milri,
1374 4089 1425 4150 scd
1449 4099 1590 4167 tasrquanr

235 4181 275 4242 D.
298 4177 431 4259 'lycbeni
455 4185 626 4256 praestetur,
650 4185 810 4239 censeatur.
853 4175 996 4252 Quamvis
1019 4176 1154 4238 videatur
1176 4177 1225 4238 illc
1248 4179 1378 4249 innume,
1400 4195 1433 4236 ac
1455 4179 1590 4238 subditos

133 4277 136 4286 ’
236 4285 306 4330 snos
329 4267 368 4329 ad
396 4274 545 4328 vecturam
573 4263 786 4337 adhibiturum,
818 4265 868 4324 ubi
892 4265 1080 4324 nibilominus
1112 4265 1203 4342 aliqui
1232 4257 1270 4326 D.
1299 4263 1448 4342 Tycbenis
1476 4261 1611 4326 sumtus·

236 4365 320 4418 erunt
350 4357 378 4414 in
403 4355 560 4432 symposiis
581 4350 731 4438 soluendis
754 4359 783 4410 et
806 4351 1039 4426 remunerandis,
1064 4363 1096 4412 ut
1118 4353 1173 4413 lert
1195 4351 1353 4414 christiana
1367 4351 1511 4427 ebaritas,
1535 4371 1590 4413 au-

236 4447 306 4520 rigis
328 4443 473 4521 incpibus.
510 4441 614 4517 Neque
637 4442 713 4501 anim
737 4439 834 4513 selim,
858 4439 969 4518 pridem
992 4457 1066 4519 pene
1090 4457 1244 4518 oppresses
1267 4449 1312 4500 tot
1333 4439 1476 4520 Styriacis
1499 4458 1590 4520 expe-

237 4531 396 4592 ditionibus
419 4547 484 4590 mea
506 4545 596 4590 cansa
618 4527 740 4588 ulterius
763 4528 862 4608 premi.

343 4624 372 4681 9.
395 4617 437 4690 Si,
461 4614 540 4694 qued
564 4615 665 4699 nolim,
687 4617 798 4675 interea
821 4615 856 4678 D.
873 4613 1006 4694 Tycboni
1029 4615 1058 4672 in
1081 4622 1207 4678 mentem
1237 4614 1349 4700 venerit
1370 4612 1510 4674 aliorsum
1534 4615 1589 4676 ab·

237 4703 335 4780 eundi,
357 4703 538 4766 conditiones
569 4711 665 4765 murco
688 4719 803 4762 annuae
826 4700 864 4760 ad
887 4701 974 4764 linens
996 4699 1143 4764 durabunt
1166 4720 1259 4780 usque
1281 4703 1368 4779 anni,
1399 4713 1495 4780 neque
1517 4701 1589 4764 nnibi

237 4808 356 4856 neeesse
379 4795 433 4854 erit
455 4791 594 4850 aliorsum
617 4789 715 4866 Frage
737 4791 788 4850 ire.
1519 4865 1522 4870 Ι

333 4883 392 4944 td.
415 4879 526 4942 Exacto
549 4885 687 4966 ternpore,
712 4873 791 4958 quod
812 4872 883 4938 mibi
910 4873 1064 4940 indulserit
1086 4880 1274 4958 magistratus
1297 4895 1396 4952 meus,
1425 4879 1588 4942 autetiam
