3588 5540
253 312 329 420 888
696 427 700 439 ‚
767 331 831 402 vio
847 339 962 404 ronne
979 341 1101 416 88888.

251 525 342 597 ipsum
359 527 416 580 tarn
434 523 533 580 188888
552 521 770 594 hyperaspistes»
786 525 908 578 nactum.
943 521 981 577 At
998 519 1061 592 vidi,
1080 520 1170 590 addit,
1188 521 1217 577 in
1234 519 1360 593 catalogo
1379 525 1487 578 tantum
1505 533 1520 577 8
1538 537 1607 578 nnn-

253 613 324 669 dinis
343 612 437 682 allato,
456 611 579 668 nondum
596 611 626 666 iu
638 597 815 679 bibliopoleo.
839 607 882 663 An
900 613 976 664 totae
995 615 1060 663 sunt
1079 622 1205 677 excusae,
1223 609 1298 678 quod
1316 609 1436 664 nondum
1450 615 1608 678 comparent

194 732 202 744 =
251 701 413 758 nobiscum?
431 700 535 755 -Die
554 701 578 754 7.
599 698 675 767 Sept.
693 695 804 751 nunciat
821 695 976 765 Philippus,
997 693 1120 751 chiliade
1143 695 1215 765 typis
1240 701 1369 751 excusam
1393 711 1453 751 esse
1471 696 1608 765 mittitque

253 789 286 844 10
305 785 484 858 exemplaria3
509 802 560 858 pro
583 783 754 842 dedicatione
778 783 902 854 assignat
923 783 1042 853 Keplero
1068 784 1102 838 80
1118 782 1240 839 thaleros
1265 789 1293 838 88
1311 784 1380 839 mitti
1402 784 1453 840 sibi
1477 783 1546 853 petit
1568 784 1607 838 in·

250 876 419 931 stitutionem
438 875 473 930 ad
492 889 571 931 usum
588 871 824 943 legarithmorum‚
844 887 926 942 quam
943 871 1084 942 accepisse
1105 885 1136 924 88
1151 869 1236 926 refert
1252 871 1396 942 Philippus
1413 871 1457 927 die
1473 873 1517 929 23.
1529 871 1608 942 Apri·

249 961 383 1019 1181025.

355 1049 489 1105 Viennam
513 1047 653 1119 proiectus
673 1043 770 1101 188888
793 1043 905 1101 Octobri
929 1043 1022 1100 literas
1049 1040 1125 1101 dedit
1148 1045 1285 1116 Keplerus
1307 1047 1409 1104 Baroni
1433 1049 1549 1106 Erasmo
1573 1051 1608 1106 88

251 1135 434 1207 dteremberg,
454 1133 501 1205 qui
517 1135 613 1190 Lincio
631 1133 657 1189 d.
677 1134 701 1188 4.
720 1133 789 1189 Nor.
807 1131 963 1201 respondit:
984 1133 1080 1200 „valde
1098 1148 1142 1188 me
1160 1133 1330 1192 delectarunt
1346 1137 1440 1193 literae
1458 1143 1532 1204 8888,
1551 1139 1608 1194 aui·

250 1241 324 1280 mum
347 1225 424 1294 pium
446 1239 479 1279 ac
497 1225 658 1292 ingenuum,
683 1219 829 1277 candorem
852 1220 963 1276 solitum
986 1221 1151 1278 redolentes.
1187 1223 1304 1293 Expetis
1329 1232 1360 1281 ut
1384 1225 1413 1280 iu
1436 1225 1513 1280 luctu
1536 1243 1608 1282 nnnc

249 1311 360 1384 publico
386 1311 504 1367 animum
527 1317 606 1366 tuum
628 1307 796 1365 confirmem.
832 1307 943 1363 Utinam
962 1322 994 1362 so
1014 1323 1103 1363 essem
1125 1308 1207 1364 animi
1229 1311 1328 1367 robore
1349 1312 1506 1383 praeditus,
1532 1320 1563 1368 ut
1581 1304 1628 1368 et*

249 1400 401 1470 meipsum
429 1398 496 1454 satis
519 1412 627 1468 semper
650 1397 754 1466 erigere
777 1401 804 1451 et
822 1395 910 1452 bonos
934 1412 1057 1468 quosque
1080 1395 1165 1453 solari
1186 1402 1337 1468 possen.·)
1373 1399 1416 1456 Tu
1433 1417 1484 1471 pro
1503 1402 1607 1470 pietate

249 1493 298 1544 tua
316 1487 449 1558 singulari
466 1488 534 1544 satis
552 1492 580 1542 88
599 1491 695 1542 888888
713 1485 842 1542 fortunae
859 1501 1039 1556 quoscunque
1058 1485 1174 1542 insultus
1194 1503 1299 1544 armare
1316 1495 1395 1558 potes
1408 1492 1563 1560 praeceptis
1581 1497 1609 1546 et

250 1576 384 1647 exemplis
401 1575 527 1647 infinitis,
553 1574 608 1630 imo
627 1572 697 1630 alios
715 1575 850 1630 iustruere
868 1579 898 1629 et
915 1573 1022 1630 docere.
1059 1573 1092 1628 Iu
1111 1589 1144 1629 88
1163 1576 1233 1631 euim
1257 1584 1382 1646 tempora
1399 1577 1558 1654 incidimus,
1577 1585 1615 1634 ut·

251 1664 360 1721 firmare
378 1663 496 1720 animum
515 1662 644 1733 expediat
660 1663 850 1718 constantibus
876 1662 1019 1733 exemplis.
1056 1663 1183 1717 Ceterum
1206 1663 1311 1732 gaudeo
1329 1665 1432 1735 tibique
1451 1665 1609 1737 gratulere

250 1755 367 1810 0888888
383 1758 412 1809 88
431 1750 781 1809 81888881881888881888
800 1765 875 1822 esse,
900 1765 989 1819 neque
1008 1749 1042 1804 de
1060 1756 1155 1820 optato
1179 1765 1308 1808 successu
1333 1752 1439 1822 dubito,
1458 1754 1483 1809 si
1505 1755 1607 1808 instau-

249 1846 293 1897 ter
310 1841 450 1910 negotium
467 1853 568 1910 urgeas
584 1845 612 1893 ct
630 1837 718 1893 fretus
737 1835 780 1894 111.
798 1837 934 1908 Principis
953 1837 1137 1908 Eclssubergii
1159 1836 1252 1894 favore
1269 1845 1297 1894 et
1315 1841 1467 1910 patrocinio
1486 1842 1526 1896 uti
1543 1841 1608 1896 irni-

250 1943 304 1999 888
323 1943 356 1984 88
374 1927 465 1984 liceat.
491 1925 601 1981 Domini
614 1925 753 1980 Praesulis
769 1924 799 1978 in
817 1925 1039 1982 Kremsmdnster
1056 1925 1252 1996 quaestionem,
1271 1926 1335 1994 quid
1355 1925 1478 1982 facturus
1497 1928 1536 1983 sis
1555 1928 1608 1983 hoc

249 2033 340 2073 rernm
359 2023 444 2084 statu,
463 2018 556 2071 utrum
574 2029 609 2068 ex
627 2013 740 2068 Austris
759 2012 878 2068 animum
895 2012 1077 2069 translaturus
1096 2014 1142 2084 sis,
1162 2028 1216 2068 non
1228 2014 1298 2068 tanti
1310 2011 1462 2070 faciendam
1475 2015 1609 2085 existimo,

249 2110 280 2161 ut
297 2102 362 2160 inde
378 2117 486 2158 remora
502 2100 656 2171 metuenda,
676 2099 739 2155 dum
759 2101 901 2156 Gaesarem
921 2100 1081 2156 clementem
1099 2106 1127 2154 et
1145 2098 1281 2155 faventem
1300 2099 1410 2169 habeas,
1428 2117 1526 2171 magno
1544 2103 1610 2158 huic

249 2192 326 2263 operi
344 2191 467 2247 ultimam
492 2205 601 2244 manum
622 2189 789 2259 imponendi.
826 2189 914 2259 Perge
931 2187 1016 2256 igitur
1032 2187 1111 2242 bonis
1135 2188 1230 2244 avibus
1255 2197 1283 2243 88
1301 2189 1456 2245 desiderata
1474 2190 1510 2256 ad
1526 2189 1609 2245 finem

247 2280 399 2352 perducito,
420 2294 502 2349 quem
520 2277 611 2346 magui
629 2277 748 2347 18881888
766 2275 816 2331 viri
833 2280 966 2346 exoptant
982 2275 1099 2345 plurimi.
1119 2305 1152 2313 -
1172 2277 1239 2331 Tuis
1258 2277 1311 2348 piis
1329 2278 1456 2348 precibus
1474 2294 1518 2334 me
1536 2295 1610 2335 com·

249 2367 358 2435 mendo,
376 2363 449 2421 idem
465 2372 498 2421 tu
516 2365 584 2421 meis
603 2364 725 2420 inclusus
743 2365 806 2422 eris.
842 2363 955 2432 Legatis
973 2378 1118 2434 procerum
1136 2363 1254 2418 salutem
1272 2381 1332 2420 meo
1350 2367 1468 2436 nomine,
1486 2367 1609 2437 inprimis

248 2457 284 2514 D.
304 2451 525 2523 lichenieldero‚
551 2467 633 2522 quem
656 2459 688 2507 ut
712 2451 787 2521 pium
806 2467 839 2507 ac
857 2450 962 2521 patriae
981 2456 1118 2505 amantem
1141 2463 1202 2506 888
1225 2451 1382 2521 plurimum.
1416 2455 1492 2509 Deus
1511 2453 1610 2522 dirigat

181 2562 184 2570 ·
248 2541 362 2602 consilia
387 2548 416 2597 et
433 2543 555 2598 actiones
580 2537 615 2594 ad
632 2539 756 2595 Nominis
773 2539 866 2594 Dirini
890 2538 1005 2607 gloriam
1030 2544 1058 2593 88
1076 2539 1181 2608 patriae
1199 2541 1313 2611 jamjam
1337 2542 1459 2598 ruiturae
1483 2548 1512 2596 88
1528 2542 1610 2611 plane

248 2633 390 2704 collapsae
409 2629 644 2686 sustentationem.
676 2627 755 2682 08888
773 2624 905 2680 orandum
924 2631 952 2679 et
964 2625 1130 2694 vigilandum
1150 2635 1193 2684 est
1211 2635 1330 2698 strenue,
1348 2629 1401 2683 nisi
1419 2628 1510 2684 divina
1522 2629 1610 2698 gratia

248 2720 329 2777 nobis
347 2719 426 2790 88818,
444 2718 601 2786 verendum¹
620 2731 655 2772 ne
668 2715 758 2770 omnia
777 2718 920 2783 corruant;
940 2713 989 2769 888
1006 2713 1035 2766 in
1053 2713 1136 2770 rebus
1153 2714 1273 2770 adversis
1292 2717 1413 2772 animose
1432 2715 1565 2784 agendum
1584 2726 1612 2770 88

247 2809 276 2863 in
294 2822 428 2878 prospera
446 2805 556 2861 1888888
573 2804 679 2860 animus
697 2800 1010 2866 concanonicarento
1028 2801 1143 2858 adverso
1161 2819 1233 2862 nunc
1251 2803 1363 2872 expedit
1374 2805 1511 2873 navigare,
1530 2803 1610 2858 modo

250 2910 395 2968 supremus
412 2891 558 2952 Nararcha
579 2892 670 2948 selum
693 2903 840 2958 remosque
863 2887 973 2958 dirigat.
1010 2887 1039 2944 si
1056 2887 1131 2944 Deus
1154 2890 1314 2960 monebis,
1339 2892 1400 2961 quis
1424 2898 1521 2948 contra
1538 2892 1609 2947 nos?

247 2984 359 3040 Fortior
382 2988 426 3040 est
448 2984 524 3039 Deus
548 2983 584 3040 ad
609 2978 851 3053 propugnandum,
875 2991 957 3047 qnam
981 2976 1070 3032 hostis
1093 2976 1128 3032 88
1152 2978 1377 3048 oppugnandum.
1412 2981 1489 3035 B0no
1516 2981 1609 3050 itaque

248 3072 368 3142 sortique
386 3069 472 3128 simu's
493 3072 596 3128 aniam:
615 3068 712 3125 fortior
729 3073 773 3124 888
784 3066 813 3121 in
825 3064 913 3133 nobis,
934 3079 1015 3132 quam
1033 3065 1082 3133 qui
1100 3065 1128 3120 in
1146 3067 1246 3122 mundo
1265 3066 1397 3123 adversus
1416 3084 1467 3124 nos
1484 3069 1611 3139 insurgit.

250 3156 658 3221 111888881881818888888188
677 3153 908 3212 commendatus.“
930 3181 964 3193 —
1070 3143 1073 3150 '

352 3246 429 3314 Quae
452 3245 508 3314 egit
529 3245 665 3314 Keplerus
691 3243 746 3298 hoc
768 3255 840 3296 anno
869 3255 932 3295 cnm
954 3239 1127 3310 Bernsggero
1153 3248 1181 3297 88
1202 3242 1404 3300 Hebenstreitio
1432 3242 1467 3300 88
1494 3244 1608 3300 edendis

249 3330 363 3390 Tabulis
381 3331 579 3404 Rndolphinis,
606 3346 638 3387 ea
655 3331 784 3401 leguntur
801 3327 856 3384 sol.
875 3327 920 3383 Vi.
940 3343 966 3397 p.
985 3328 1037 3384 017
1061 3335 1090 3383 88
1108 3329 1168 3385 338.
1194 3329 1352 3386 *Praeterea
1374 3331 1523 3402 disputarit
1547 3349 1609 3388 cunr

251 3421 371 3488 Crtgero
390 3421 425 3476 88
445 3421 575 3491 Epitoms
593 3418 784 3476 astronomiae
803 3415 1005 3486 Cepernicanae
1024 3421 1052 3470 et
1070 3415 1104 3471 de
1122 3419 1234 3474 cometis
1256 3419 1396 3474 mensibus
1412 3419 1562 3476 Februario
1580 3427 1609 3478 et

248 3507 403 3578 Septembri
416 3507 477 3578 (cfr.
489 3508 543 3564 rol.
555 3508 603 3564 VI.
616 3525 644 3578 p.
658 3506 691 3562 33
705 3520 743 3564 ss.
756 3511 784 3558 88
796 3501 849 3559 vol.
862 3502 924 3559 Vll.
936 3519 963 3573 p.
980 3505 1012 3558 10
1025 3503 1085 3572 sa).
1112 3505 1266 3562 08888888
1279 3507 1356 3576 (dan.
1367 3507 1447 3576 1028)
1461 3507 1607 3564 Wallen-

249 3596 355 3654 stenii
374 3595 545 3652 nativitatem
564 3594 737 3651 exhibuimus
755 3607 841 3662 supra
858 3609 885 3661 p.
903 3590 964 3645 343.
984 3623 1016 3630 -

354 3685 468 3741 Codices
486 3683 685 3741 Pullrovicnses
704 3679 779 3737 hand
797 3695 886 3751 pauca
905 3678 1035 3734 exhibent
1053 3679 1145 3736 studia
1158 3680 1278 3753 Kepleri‚
1299 3699 1369 3753 quse
1387 3685 1423 3741 ad
1441 3700 1607 3757 praeparan-

250 3773 313 3830 dam
330 3771 478 3828 cditionem
489 3771 657 3828 Tabularum
668 3769 905 3839 Rndolphinarum
917 3769 1064 3838 pertinent,
1081 3770 1227 3841 adscriptis
1246 3772 1412 3830 hisdiebus:
1432 3775 1606 3836 81828188.

250 3869 279 3917 et
297 3863 326 3918 1.
342 3859 444 3916 Martio
463 3861 597 3916 correctio
618 3865 742 3914 motuum
758 3859 850 3927 dosis,
874 3859 915 3912 13.
933 3857 1010 3914 Junii
1032 3861 1165 3916 correctio
1189 3867 1311 3918 motuum
1330 3863 1459 3936 Veneris3
1484 3867 1526 3922 20.
1545 3867 1612 3922 dan.

251 3951 312 4019 „Ex
331 3947 444 4021 epochis
459 3947 530 4004 Solis
548 3955 577 4004 ct
594 3946 720 4018 fixarum,
740 3947 775 4004 88
793 3946 964 4004 novilunium
982 3949 1127 4004 creationis
1144 3963 1238 4005 serum
1256 3953 1476 4023 accommodatis,
1497 3971 1608 4026 compu-

248 4039 318 4094 tatio
344 4035 546 4107 conjunctionis
564 4034 642 4090 dosis
666 4051 729 4091 oum
747 4034 876 4104 Asello“,
901 4035 1041 4092 conclusio
1059 4037 1084 4092 5.
1104 4029 1209 4094 Martii:
1237 4039 1337 4110 „igitur
1359 4056 1408 4111 per
1425 4041 1607 4100 Ptolemaicas

248 4124 455 4183 obseruationes
472 4122 547 4179 venit
565 4121 599 4192 2!-
617 4122 646 4178 in
663 4123 695 4178 '7⁰
712 4124 737 4178 3‘
755 4124 808 4179 21⁴¹
823 4127 863 4194 z,
881 4139 932 4193 per
949 4124 1144 4196 Dionysianam
1161 4126 1190 4180 in
1202 4127 1233 4182 5⁰
1252 4128 1295 4184 30
1311 4133 1350 4198 z,
1369 4129 1504 4198 siqnidem
1522 4132 1606 4201 apbc-

247 4214 314 4272 lium
331 4212 490 4269 Ptolemaeo
507 4211 624 4268 liberum
647 4210 868 4282 permittamus⁴⁴3
893 4211 936 4267 18.
953 4211 1030 4268 Junii
1053 4220 1167 4270 annotat
1189 4215 1224 4271 88
1248 4214 1451 4272 observationes
1470 4218 1606 4276 waltheri

351 4406 376 4477 *J
395 4411 444 4460 Res
461 4409 514 4461 illle
533 4411 690 4476 temporibus
712 4412 796 4470 gestes
820 4409 860 4458 hts
884 4408 1087 4475 complectimur:
1114 4413 1141 4464 8.
1160 4413 1224 4464 Nor.
1244 4413 1313 4463 1020
1336 4427 1423 4476 pugna
1444 4415 1475 4464 88
1494 4422 1605 4467 montem

247 4483 351 4540 alburna
377 4482 514 4531 Februario
533 4483 601 4542 seat
620 4482 716 4542 Pragae
733 4480 815 4545 capite
832 4481 918 4544 puniti
936 4483 969 4530 27
989 4483 1088 4530 nobiles
1107 4488 1131 4530 et
1155 4484 1221 4532 cives
1239 4483 1356 4548 Bohemi,
1380 4486 1528 4551 intorques
1547 4488 1603 4538 des·

248 4553 342 4616 eeulue,
360 4556 441 4600 rector
459 4552 604 4602 academiae
622 4551 764 4614 Pragensla
783 4551 893 4614 Keplaro
911 4553 989 4600 veteri
1008 4553 1122 4602 amicitia
1137 4557 1252 4616 junctum
1272 4555 1340 4604 1622
1359 4569 1461 4620 pugnae
1479 4557 1603 4609 8811188-

247 4621 314 4687 locb,
332 4622 489 4686 wimplnam
507 4628 533 4672 et
549 4623 695 4685 1188888888,
719 4618 1129 4673 Ε188888Ρ818818881818881888
1152 4627 1289 4674 exercitum
1312 4625 1421 4681 dimisit;
1445 4629 1523 4681 1823.
1544 4643 1604 4678 con-

247 4696 338 4740 uentus
355 4693 502 4757 principum
520 4694 686 4752 Ratlsbonae.
711 4691 841 4741 Friderico
861 4689 963 4740 aboleta
987 4693 1095 4754 dignitas
1120 4693 1269 4754 electoralis,
1296 4710 1336 4744 res
1361 4703 1444 4756 gestae
1462 4697 1604 4760 blansieldi,

248 4756 532 4884 fflidisnffinmm
544 4769 570 4815 et
582 4761 767 4830 Hunguorum,
786 4758 983 4810 Wallenstanlus
1001 4765 1035 4813 ab
1053 4765 1203 4832 imperatore
1216 4764 1377 4816 Ferdlnando
1396 4766 1446 4816 dux
1460 4770 1603 4820 nominatus
