3612 5538
620 397 663 456 De
680 393 774 456 amicis
792 402 821 456 et
837 393 989 456 lantonbns
1006 395 1126 470 Kepleri
1355 369 1361 376 '
1486 397 1552 470 bii

201 591 275 654 quos
297 574 491 638 condemnare
505 575 634 656 Keplero
658 585 687 640 et
708 577 816 656 iniuria
837 586 867 640 et
888 579 1007 640 minime
1023 597 1059 640 ex
1074 595 1104 640 re
1120 579 1288 642 Lntberana
1310 595 1374 641 esse
1398 578 1553 644 rideretur.

201 661 259 724 Sed
282 679 333 724 eur
355 663 433 725 idem
452 667 485 743 ¹in
507 667 594 727 rebus
617 669 821 728 astronomicis
845 667 966 728 eandem
983 669 1157 744 cautionem,
1182 666 1305 730 eandem
1322 671 1553 728 taciturnitatem

92 755 96 764 “
201 751 377 830 praebuerit,
401 752 493 814 altera
516 771 606 815 cansa
629 765 673 816 est
696 755 834 816 deliniens
856 773 951 816 rerum
974 773 993 815 a
1014 753 1143 832 Keplero
1166 755 1323 816 allatarum
1345 753 1551 834 intelligentia,

205 839 297 899 altera
321 857 412 900 causa
435 851 464 902 et
485 843 685 922 interpretatio
709 844 738 901 in
762 843 902 922 epistolis·
919 847 996 903 inest
1024 845 1183 904 amicorum
1206 832 1455 921 Tuhingeusium,
1478 861 1554 920 quos

202 925 348 1006 Keplerus
372 931 490 1006 saepius
514 929 643 1006 adierat,
671 937 704 990 ut
734 947 789 990 sua
811 929 1011 992 admonitione
1034 929 1224 991 Maestlinum
1255 931 1293 992 ad
1322 929 1552 992 continuandum

200 1013 349 1076 literarum
379 1019 582 1078 commercium
612 1017 812 1096 perducerent
857 1017 927 1080 Jam
954 1035 1032 1079 anno
1059 1021 1151 1078 1605.
1174 1017 1320 1079 Besoldus
1351 1021 1467 1081 scribit:
1501 1017 1554 1102 „Si

202 1101 378 1164 Maestlinus
400 1106 430 1162 in
453 1123 548 1165 rerum
571 1115 676 1165 natura
698 1122 757 1166 non
780 1114 872 1182 esset,
903 1106 989 1166 nohis
1011 1108 1131 1184 propius
1155 1123 1244 1166 esses.
1290 1105 1408 1167 Certum
1431 1114 1492 1181 est,
1524 1115 1553 1168 te

86 1231 89 1238 .
204 1191 335 1251 obtinere
357 1193 404 1252 bic
427 1209 514 1270 posse
539 1195 749 1271 professionem
771 1193 1005 1272 philosophicam
1028 1211 1233 1270 quamcunque
1250 1195 1373 1272 primum
1390 1203 1553 1270 vacantem,

204 1281 332 1338 omnium
355 1282 431 1340 enlm
454 1280 590 1340 horarum
613 1279 803 1348 homoclues
826 1285 936 1359 quique
960 1283 1040 1341 omni
1055 1283 1165 1342 servire
1188 1284 1282 1359 possit
1297 1285 1432 1344 scenac.“
1471 1281 1553 1342 Idem

162 1399 164 1408 =
204 1366 239 1426 de
253 1365 412 1428 Maestlino
437 1377 540 1446 postea
557 1371 671 1446 (1619)
695 1371 738 1429 sie
757 1369 887 1446 judicat:
913 1359 1109 1446 ,Maestlin'us
1132 1377 1231 1428 noster
1254 1371 1407 1446 antiquum
1431 1370 1553 1444 obtinet,

205 1453 329 1527 dubitat,
352 1457 436 1514 timet
458 1465 487 1514 et
509 1465 678 1532 cunctatur,
702 1473 758 1516 nec
780 1457 876 1516 adhuc
898 1455 1011 1534 aliquid
1034 1455 1093 1518 edit
1095 1500 1228 1518 ......
1274 1455 1468 1518 Schiclrardus
1491 1455 1555 1539 (qui

204 1559 282 1602 anno
308 1545 400 1605 1618.
424 1543 589 1620 Tubingam
621 1551 745 1604 vocatus
768 1543 823 1624 est)
853 1562 912 1604 non
942 1547 996 1604 erit
1023 1543 1175 1605 Maestlini
1205 1543 1337 1622 collega,
1368 1553 1470 1624 utpote
1502 1547 1553 1622 qui

203 1645 302 1708 parem
325 1647 384 1689 uon
405 1631 477 1690 lerre
492 1633 618 1707 potest.“
650 1631 683 1690 In
700 1631 820 1692 Besoldi
843 1633 969 1708 denique
992 1631 1083 1691 literis
1106 1647 1183 1692 anno
1210 1637 1302 1692 teas.
1325 1635 1441 1712 scriptis
1463 1632 1555 1693 verba
1599 1689 1603 1696 .

204 1719 303 1777 insunt
325 1718 410 1778 haec:
437 1752 498 1794 „—
513 1717 670 1796 Exemplar
685 1717 937 1794 Harmonicorum,
961 1717 1040 1796 quod
1057 1719 1267 1780 Bidemhaohio
1291 1715 1374 1804 (duci
1390 1719 1554 1782 Wiirttem·

204 1803 322 1882 bergico
345 1825 364 1866 a
387 1804 527 1886 consiliis)
557 1805 736 1881 destinaras,
763 1807 825 1884 jam
857 1807 907 1866 diu
931 1815 991 1882 est,
1022 1807 1101 1884 quod
1123 1805 1282 1867 Maestlino
1307 1809 1350 1884 (et
1373 1808 1491 1884 quidem
1516 1827 1552 1868 ex
1610 1849 1613 1859 ·

203 1900 255 1952 tuo
274 1893 372 1970 jussu)
397 1909 491 1970 eoque
514 1893 569 1953 fine
592 1893 672 1966 dedi,
697 1903 730 1953 ut
745 1897 824 1972 operi
847 1893 1016 1973 praeficeret
1039 1893 1304 1955 commendatitiam
1327 1896 1554 1974 praelationem

204 1979 256 2040 sed
279 1979 380 2040 multis
400 1979 648 2040 admonitionibus
672 1982 700 2042 id
725 1983 879 2060 impetrare
902 1983 1032 2058 nequivi.
1077 1982 1168 2056 Sane,
1200 1990 1232 2041 ut
1255 1983 1308 2042 tibi
1332 1980 1403 2060 quid
1427 1985 1552 2044 sentiam

204 2069 357 2129 inaurem
381 2069 494 2144 dicam,
525 2081 576 2128 aut
606 2067 718 2128 insidia
740 2079 792 2129 aut
814 2069 1010 2130 aemulatione
1040 2069 1172 2145 laborat,
1203 2078 1255 2129 aut
1285 2087 1343 2129 uon
1373 2071 1469 2149 placet
1496 2073 1555 2150 ipsi

205 2155 301 2216 audax
329 2164 397 2215 tuus
420 2153 471 2216 sed
495 2157 639 2234 ingenuus
662 2155 799 2233 omnique
826 2157 915 2218 lauda
947 2155 1053 2233 dignus
1083 2157 1130 2216 hio
1153 2159 1306 2218 conatus.“
1354 2157 1412 2216 Vix
1436 2158 1555 2234 quidem

204 2249 248 2303 est
270 2243 417 2316 credibile,
440 2243 588 2304 bominem
612 2243 693 2304 illum
716 2245 825 2304 bonum
848 2253 878 2304 et
900 2243 1065 2320 candidum,
1090 2245 1141 2324 qui
1163 2245 1343 2324 temporibus
1359 2247 1554 2309 anterioribus

204 2348 270 2392 cum
293 2332 428 2391 omnibus
449 2334 511 2391 suis
534 2333 645 2391 viribus
669 2331 829 2412 Keplerum
849 2331 962 2408 juverit
984 2339 1014 2392 et
1036 2335 1164 2406 auxerit,
1193 2330 1369 2412 procedente
1392 2340 1490 2394 aetate
1512 2337 1555 2393 sic
1643 2331 1647 2341 '

204 2435 299 2480 mores
323 2427 353 2479 et
374 2421 516 2478 animum·
526 2427 730 2494 commutasse,
754 2427 787 2478 ut
809 2420 921 2480 insidia
944 2419 1073 2496 quadarn
1095 2427 1124 2480 et
1147 2419 1343 2479 aemulatione
1363 2437 1415 2498 per
1430 2419 1551 2500 Kepleri

202 2507 326 2583 gloriam
349 2509 378 2564 in
402 2505 464 2566 dies
485 2507 626 2582 maj0rem
650 2509 778 2569 excitata
801 2507 1014 2584 prohiberetur,
1046 2507 1196 2567 literarum
1228 2512 1432 2567 commercium
1455 2511 1498 2568 sic
1523 2515 1556 2568 ut

204 2601 291 2654 antea
313 2595 493 2654 continuare.
523 2593 581 2654 Sed
605 2603 702 2656 tamen
726 2615 743 2654 a
767 2598 889 2654 veritate
912 2611 970 2653 uon
993 2593 1164 2671 longissime
1187 2594 1291 2654 abesse
1308 2594 1433 2668 videtur,
1457 2595 1555 2655 bomi-

186 2697 269 2764 nem
298 2684 381 2742 annis
406 2681 548 2742 inlinitum
573 2683 614 2758 (a.
642 2689 735 2743 1620.
759 2685 946 2762 septuaginta
974 2698 1065 2741 eustos
1094 2691 1211 2756 natum,
1236 2685 1286 2758 qui
1310 2680 1434 2742 docendi
1458 2684 1555 2744 oiiicio

200 2769 343 2846 jamnon
374 2777 407 2829 ut
435 2778 523 2830 antea
545 2769 740 2846 satisfaceret)
772 2787 829 2829 non
859 2770 1016 2844 hahuisse,
1048 2768 1120 2846 quid
1151 2771 1214 2828 viro
1238 2770 1407 2829 doctissimo
1431 2787 1555 2850 respon·

205 2855 286 2917 deret
309 2867 346 2932 st,
372 2865 404 2916 ut
425 2865 495 2916 suut
516 2875 600 2918 senes
624 2861 800 2938 suspicaces,
825 2874 1034 2934 nonnunquam
1057 2858 1198 2930 timuisse,
1222 2873 1258 2915 ne
1282 2856 1473 2916 dilectissimo
1498 2876 1553 2918 suo

204 2943 352 3022 quondam
376 2943 535 3023 discipulo,
565 2945 715 3025 permultis
745 2953 774 3005 et
796 2943 1034 3022 Tubingeusibns
1066 2951 1096 3004 et
1117 2943 1394 3022 Stuttgartiensibus
1416 2947 1554 3004 amicitiis

204 3033 322 3110 adjuto,
346 3034 541 3109 contingeret,
564 3031 719 3108 Tubingae
742 3031 915 3110 professoris
937 3049 1043 3090 munus
1065 3029 1190 3110 adipisci
1213 3037 1243 3090 ei
1265 3033 1328 3110 ipse
1351 3029 1425 3092 sorte
1449 3051 1554 3110 super-

204 3119 280 3179 fluus
304 3119 460 3180 videretur.
507 3119 566 3179 Sed
590 3131 748 3198 utcumque
770 3137 816 3180 res
841 3122 910 3194 erit,
933 3117 1080 3195 Keplerus
1102 3121 1194 3179 veteri
1217 3121 1357 3196 magistro
1382 3137 1497 3197 semper
1519 3138 1552 3179 se

203 3203 375 3266 fidissimum
397 3208 546 3284 praebuit,
576 3209 602 3267 ei
626 3213 724 3267 omnia
746 3207 868 3286 eredidit
890 3208 1071 3284 apertissime
1099 3224 1175 3284 quae
1198 3214 1261 3266 erat
1284 3205 1428 3282 editurus,
1460 3207 1553 3280 nullo,

204 3295 300 3372 qualis
328 3303 390 3354 turn
419 3297 493 3354 iuter
522 3298 601 3354 siros
633 3295 734 3354 doctos
765 3304 858 3370 esset,
890 3290 973 3371 pravi
1001 3311 1071 3354 usus
1098 3296 1200 3354 timore
1233 3293 1269 3353 de
1301 3293 1405 3354 studiis
1434 3303 1485 3354 aut
1507 3297 1555 3352 in-

204 3384 299 3442 ventis
326 3384 457 3460 scripsit,
488 3383 551 3458 ejus
574 3385 703 3443 animum
731 3384 792 3442 suis
823 3384 973 3443 sententiis
997 3383 1153 3442 conciliare
1184 3380 1296 3442 studuit
1325 3400 1449 3458 eumque
1474 3384 1556 3443 exci-

204 3473 292 3546 tarit,
323 3478 364 3528 ut*
378 3469 587 3548 amplissimam
617 3487 701 3530 suam
724 3471 984 3530 astronomicarum
1007 3479 1059 3528 aut
1082 3469 1353 3544 chronologicarum
1383 3487 1479 3529 rerum
1503 3487 1556 3532 cx·

205 3559 378 3634 parientiam
402 3567 452 3618 aut
475 3557 574 3618 ederet
597 3566 649 3617 aut
670 3558 775 3618 saltem
797 3574 896 3617 secum
920 3558 1154 3618 communicaret.
1194 3555 1276 3616 Idem
1300 3574 1366 3616 cum
1388 3561 1507 3638 saepius
1524 3560 1553 3616 in
1642 3584 1651 3600 =

205 3643 454 3722 Wilrttembergia
484 3653 662 3717 uersaretur,
693 3643 843 3705 Maestlini
875 3662 1037 3705 sermonem
1076 3650 1105 3704 et
1134 3643 1312 3720 colloquium
1347 3644 1552 3706 ardentissime

207 3731 354 3809 cupiebat.
398 3731 556 3808 Nunquam
579 3732 622 3792 illi
645 3736 772 3792 maxima
796 3731 916 3808 Kepleri
948 3733 1042 3808 gratia
1072 3739 1100 3791 et
1123 3735 1290 3792 aestimatio
1314 3731 1430 3806 deerat,
1463 3741 1494 3792 ut
1518 3750 1554 3792 ex

205 3821 276 3898 ipsis
300 3819 433 3896 epistolis
456 3828 586 3898 apparet,
611 3837 684 3896 quas
708 3837 807 3880 omnes
833 3820 1040 3902 „Praeceptori
1055 3835 1120 3878 meo
1144 3816 1370 3880 colendissimo“
1397 3821 1553 3880 inscribere

206 3915 235 3969 et
267 3910 469 3986 „gratissimus
499 3907 679 3986 discipulus“
710 3909 819 3968 soleret
849 3908 1041 3968 subscribere.
1093 3903 1175 3980 Quas
1206 3905 1347 3984 epistolas
1375 3901 1567 3966 Maestlinus'

204 3997 330 4054 maxime
353 3998 521 4058 aestimarit
544 4004 573 4055 et
596 3993 817 4071 diligentissime
841 3997 986 4070 servavit,
1016 4002 1048 4053 ut
1077 3995 1262 4069 paucissimis
1292 3998 1421 4070 exceptis
1451 4011 1552 4053 ornnes

204 4085 369 4160 posteritati
398 4082 520 4144 traditae
550 4085 617 4145 siut.
670 4085 712 4142 Eo
740 4083 834 4160 magis
863 4089 961 4141 auteur
991 4080 1046 4141 hoc
1069 4090 1207 4158 putamus
1235 4084 1361 4142 maxime
1385 4079 1555 4141 desideran-

206 4169 288 4246 dum,
320 4169 507 4230 Maestlinum
538 4169 733 4247 respondendi
760 4171 850 4230 luisse
879 4171 1099 4248 parcissimum,
1131 4187 1195 4229 cum
1219 4171 1327 4229 nemini
1357 4165 1477 4228 dubium
1506 4169 1554 4244 sil,

205 4261 275 4335 quin
298 4257 346 4318 hic
369 4259 530 4319 uberrimus
559 4257 754 4335 cognoscendi
782 4259 890 4332 ingenii
914 4255 1085 4334 Keplerinni
1113 4255 1179 4316 lons
1208 4259 1296 4326 etiam
1319 4255 1435 4315 uberior
1458 4256 1553 4315 lactus

206 4355 292 4420 esset,
316 4348 372 4405 nisi
394 4345 546 4406 Maestlini
560 4349 767 4424 vtaciturnitate
783 4342 928 4420 Keplerus
950 4363 969 4404 a
991 4345 1186 4421 frequentiore
1209 4343 1359 4403 literarum
1382 4343 1554 4402 commercio

206 4433 359 4494 deterritus
390 4445 476 4494 esset.
523 4431 608 4510 Quod
635 4437 732 4512 ipsum
756 4449 791 4492 eo
814 4433 908 4492 minus
938 4430 1130 4492 dubitandum
1154 4439 1213 4505 est,
1246 4447 1312 4490 cum
1335 4428 1463 4507 Keplcro
1486 4447 1556 4506 pro·

206 4523 301 4597 prium
324 4529 409 4596 esset,
434 4523 628 4598 cogitationes
652 4539 720 4581 suas
744 4522 772 4580 in
796 4523 893 4580 animo
916 4519 1045 4579 nondum
1063 4519 1207 4596 periectas
1230 4526 1259 4576 et
1282 4524 1442 4578 maturatas
1466 4534 1557 4576 eausa
1639 4579 1645 4590 ,

207 4608 336 4685 quadam
358 4611 537 4670 extrinsecus
560 4609 726 4682 accedente,
751 4609 882 4685 inprimis
897 4609 922 4667 si
940 4608 1027 4666 amici
1049 4623 1101 4683 per
1124 4605 1224 4666 literas
1240 4605 1267 4662 ei
1283 4611 1335 4664 aut
1358 4603 1556 4666 dubitationes

207 4703 258 4756 aut
273 4699 461 4774 quaestiones
475 4695 618 4770 afferrent,
643 4697 725 4757 brevi
741 4696 928 4772 perscribere,
953 4691 1158 4770 interrogando
1180 4698 1209 4751 et
1225 4699 1327 4751 contra
1348 4689 1555 4769 interrogando

207 4801 257 4844 eas
281 4783 438 4860 explanare
462 4791 491 4842 et
513 4785 555 4844 sic
577 4785 606 4841 in
630 4785 728 4843 animo
751 4799 950 4860 concoquere,
982 4781 1076 4841 donec
1098 4778 1161 4854 ejus
1185 4780 1304 4854 ingenio
1332 4796 1449 4855 prorsus
1472 4787 1557 4857 pate-

207 4879 280 4934 rent
312 4871 409 4947 Quam
431 4869 552 4947 Kepleri
574 4869 816 4933 consuetudinem
838 4877 868 4932 et
891 4888 927 4932 ex
951 4871 1023 4946 ipsis
1046 4861 1179 4946 epistolis
1202 4879 1260 4925 uon
1283 4865 1372 4930 modo
1388 4865 1428 4928 ad
1442 4865 1556 4930 Maest-

256 4971 516 5029 ΜΜΟΜἾΠῙ·
1313 4966 1349 5026 6³
