3588 5540
731 407 739 554 .
769 453 952 516 tect-mae.
1456 451 1524 528 aaa

169 651 231 692 cum
248 635 366 692 ilenrico
384 649 402 692 a
420 633 601 703 Strelendori,
619 631 746 704 praeside
762 634 790 688 in
809 633 970 690 consistorio
988 631 1130 703 imperiali,
1148 631 1182 688 de
1200 631 1370 704 logarithrnis
1388 634 1445 704 esic
1461 633 1527 692 sui·

170 725 250 780 bens:
277 741 342 795 ,per
359 724 475 780 hiemem
493 724 631 780 solennem
650 721 691 776 rei
709 721 967 778 demonstrationem
984 735 1045 776 sum
1068 725 1240 791 appareas.
1275 722 1313 778 Ut
1330 723 1447 793 prinum
1464 733 1526 793 per·

169 809 242 866 iacta
262 810 315 866 init
335 811 452 882 Obelicc,
475 810 637 866 transmissa
662 815 704 864 est
721 809 816 865 Lincio
840 808 876 864 ad
899 807 1073 878 Philippum,
1096 809 1213 890 Sassiae
1229 809 1440 882 Lmdgravium,
1462 811 1527 878 „sed

170 913 218 969 per
244 900 371 968 ambages
398 900 538 968 itinerum,
564 897 720 967 inquibus
746 895 857 952 libellus
884 896 975 952 haesit
999 896 1027 951 in
1052 897 1162 952 metium
1184 913 1286 954 annum
1311 903 1429 969 uspue⁸.
1472 899 1528 958 Rs·

171 985 275 1042 ierente
294 987 462 1044 Schickardo
480 987 657 1056 Maestlinus,
686 986 731 1041 cni
747 984 947 1055 inspiciendum
967 983 1093 1057 dederat,
1120 1002 1231 1056 segnem
1253 1003 1283 1044 se
1305 987 1433 1059 praebuit
1449 989 1529 1044 resti·

171 1078 283 1133 tuendo.
317 1077 414 1132 Mense
426 1075 514 1146 Aprili
531 1075 608 1131 finita
626 1079 668 1129 est
685 1072 824 1144 inquisitio
846 1073 903 1140 „De
921 1070 1032 1142 Origine
1051 1074 1194 1131 Gentiam“
1215 1075 1286 1145 (vn.
1303 1076 1356 1134 788
1367 1076 1424 1146 aa),
1444 1075 1530 1135 mati

172 1170 271 1218 unctae
289 1165 495 1219 observationes
513 1163 583 1219 airis
602 1177 704 1232 eaeque
722 1178 810 1231 usque
833 1161 861 1217 in
881 1161 1034 1230 Augustum
1053 1167 1081 1218 et
1099 1162 1211 1219 Octobri
1235 1171 1263 1219 et
1280 1164 1425 1222 Decembri
1442 1164 1530 1220 Linaii

173 1251 290 1322 habitae,
310 1251 461 1322 Septembri
479 1251 551 1306 inter
569 1251 740 1332 Linciumlet
757 1249 928 1313 Praemium,
947 1249 1097 1306 Novembri
1116 1251 1213 1321 Styrus
1231 1258 1259 1307 et
1277 1253 1385 1310 Velsae.
1416 1255 1530 1312 nesam

174 1339 264 1394 studia
282 1341 466 1395 astronomica
485 1340 657 1394 continuata:
681 1353 775 1392 mense
793 1337 876 1392 Junio
902 1337 936 1392 de
955 1338 1146 1406 praecessione
1164 1339 1411 1410 aequinoctiorum,
1433 1339 1469 1396 de
1486 1356 1530 1399 ee·

175 1428 344 1484 centricitete
364 1428 433 1482 Solis
453 1427 488 1482 ad
506 1435 630 1496 tempora
647 1427 761 1495 antiqua
779 1433 807 1480 et
825 1425 859 1480 de
878 1423 1047 1494 longitudine
1065 1427 1129 1481 anni
1146 1427 1258 1498 tropici3
1277 1427 1311 1484 de
1323 1427 1400 1485 ioris
1417 1429 1531 1499 epochis

175 1514 384 1580 constituendis3
410 1514 485 1569 Julio
505 1520 533 1570 et
550 1515 675 1584 Augusto
699 1511 820 1568 calculus
838 1517 961 1568 motuum
980 1513 1069 1582 Joris,
1096 1513 1196 1570 calculi
1219 1516 1287 1570 varii
1312 1515 1346 1573 de
1367 1515 1530 1588 cclipstbns;

175 1602 327 1673 Septembri
351 1601 505 1657 observatio
532 1600 700 1656 macularum
722 1601 832 1670 Lunae;
862 1601 974 1655 Octobri
996 1599 1091 1656 itidem
1116 1601 1216 1658 calculi
1240 1609 1363 1660 motuum
1380 1603 1471 1672 lovis,
1495 1603 1531 1662 de

176 1691 287 1762 epochis
307 1691 416 1748 Saturni
433 1689 469 1744 ad
488 1689 601 1758 antiqua
613 1697 749 1758 tempora;
767 1687 915 1743 Novembri
927 1692 955 1741 et
966 1687 1109 1742 Decembri
1129 1687 1163 1743 de
1178 1681 1438 1760 ,prosthaphae'resi
1456 1692 1531 1750 orbis

175 1778 290 1848 magni“,
314 1783 460 1849 praecepta
484 1776 659 1847 computandi
682 1775 744 1830 loca
767 1775 938 1844 planetarum
958 1775 1006 1846 (ad
1024 1776 1091 1832 Tab.
1111 1776 1211 1848 Rau),
1236 1776 1287 1844 ,de
1309 1778 1464 1838 atumem
1481 1778 1531 1836 ab·

176 1865 340 1922 breviatione
357 1865 393 1921 ad
411 1865 500 1935 legem
517 1863 680 1934 hypothesis
697 1863 725 1917 in
743 1862 895 1933 Epitomc.“

279 1954 422 2023 Epistolae
448 1953 482 2008 ad
506 1952 653 2008 Mulierum
676 1953 709 2008 de
732 1951 882 2007 Harmonia
906 1957 934 2006 et
958 1951 1086 2021 Epitome
1104 1953 1149 2019 (V.
1170 1952 1204 2010 68
1222 1967 1269 2023 sa,
1288 1953 1336 2009 vt
1351 1937 1390 2009 ‘ld
1409 1954 1472 2024 ss),
1495 1951 1532 2010 ad

177 2043 408 2098 Hebenstreitium
422 2042 461 2096 ¹de
479 2040 559 2097 rebus
573 2041 701 2110 privatis.
737 2041 956 2096 Hebenstrcitius
975 2041 1002 2097 d.
1020 2039 1064 2098 23.
1082 2041 1176 2097 Martii
1193 2042 1315 2112 scripsit:
1340 2042 1383 2098 De
1402 2057 1531 2100 caesareo

178 2130 313 2200 stipendio
331 2131 453 2200 impense
476 2129 526 2183 tihi
544 2128 672 2197 gratulor.
708 2129 750 2183 De
769 2129 928 2184 amanuensi
946 2129 1055 2200 scribis3
1080 2129 1195 2186 multum
1218 2129 1318 2200 diuque
1338 2130 1372 2186 de
1389 2131 1443 2187 hoc
1461 2131 1533 2202 cogi·

177 2219 247 2274 tanti
265 2218 422 2287 supervenit
440 2217 579 2271 studiosus
598 2215 708 2285 quidem
725 2216 769 2270 Jo.
781 2214 851 2271 Hein
870 2232 885 2270 e
903 2215 1056 2286 palatinatu
1074 2217 1261 2288 Ncopurgico,
1279 2217 1323 2274 cui
1341 2217 1435 2276 literas
1453 2219 1488 2276 ad
1506 2227 1535 2276 te

179 2305 320 2376 impertivi,
340 2321 421 2374 spero
441 2311 544 2374 gratam
563 2303 649 2372 ipsius
668 2303 718 2358 tibi
736 2319 846 2372 operam
865 2303 984 2361 itrturam
987 2343 1077 2362 .....
1112 2305 1155 2360 Tu
1174 2304 1305 2376 quidquid
1331 2306 1367 2362 ad
1384 2321 1442 2362 rem
1458 2314 1535 2364 tuam

180 2391 323 2461 gerendam
334 2393 518 2446 neceesarium
532 2391 620 2461 tuerit,
642 2390 741 2445 habeas
754 2409 924 2463 persuasum,
944 2393 1149 2463 diligentissime
1162 2409 1178 2448 a
1189 2393 1267 2449 nobis
1279 2394 1311 2448 iri
1325 2402 1536 2454 accuratum...

180 2481 286 2536 Nummi
304 2479 424 2534 melioris
442 2487 525 2535 notae
543 2494 560 2534 a
578 2478 702 2534 vulturiis
719 2479 910 2536 subducuntur
927 2497 1035 2548 omncs,
1055 2487 1245 2552 supponuntur
1258 2489 1353 2538 contra
1370 2485 1459 2554 asperi
1477 2499 1537 2541 ccr-

181 2565 238 2623 nuti
256 2565 473 2636 improbissimae
491 2565 627 2621 materiae.
658 2565 780 2623 Uncialis
792 2568 941 2637 imperialis
954 2569 1114 2626 aestimatur
1127 2571 1143 2626 9
1155 2567 1275 2640 florenis,
1294 2577 1419 2628 scutatus
1437 2585 1537 2630 aureus

182 2653 222 2720 ld,
234 2653 355 2709 florenos
368 2669 467 2708 astreas
482 2655 514 2710 to
525 2652 636 2709 florenis
648 2661 676 2708 et
689 2657 720 2710 th
734 2655 869 2720 cruciatis,
882 2655 1037 2728 duplicatus
1046 2657 1212 2727 Hispanicns
1222 2656 1361 2728 (Duplon)
1374 2657 1537 2717 26florenis.

181 2748 277 2808 (ηρ.
289 2747 359 2800 tte.)
394 2742 451 2796 lma
468 2739 598 2796 frumenti
616 2740 645 2816 (d
664 2741 755 2798 aimeri
773 2743 923 2812 Teckiaci),
943 2745 1017 2800 venit
1034 2744 1068 2799 20
1085 2742 1128 2814 fl.,
1146 2759 1275 2800 mensura
1292 2744 1348 2800 vini
1366 2745 1382 2802 b
1400 2745 1538 2818 cruciatis,

180 2828 249 2884 libra
266 2828 397 2884 vitulinae
418 2830 458 2897 12,
477 2830 591 2884 bovinae
610 2833 635 2898 6,
654 2833 737 2886 istc.
772 2831 814 2885 De
832 2831 928 2886 schola
944 2835 1037 2886 vestre
1055 2829 1165 2900 scribis;
1185 2845 1246 2884 cum
1264 2831 1381 2901 primum
1398 2831 1538 2901 benignio-

181 2914 255 2970 ribus
274 2915 361 2970 oculis
373 2916 506 2972 Dominus
525 2933 575 2973 nos
588 2919 755 2988 respexerit,
774 2925 850 2973 certo
868 2918 917 2974 tibi
935 2915 1105 2988 persuadeas
1122 2916 1195 2984 iore,
1214 2924 1245 2972 ut
1263 2932 1281 2972 a
1297 2917 1456 2986 proceribus
1474 2918 1538 2974 Lin-

182 3003 252 3057 cinm
269 3003 385 3060 voceris.
405 3033 438 3043 -
457 3003 559 3072 Aprili:
584 3005 687 3060 Itiones
710 3013 739 3062 et
759 3006 907 3062 reditiones
934 3005 1072 3075 copiarum
1094 3003 1270 3080 Imperatoris
1292 3009 1321 3059 et
1345 3003 1539 3060 Bavaricarurn

182 3091 273 3146 nescio
293 3090 358 3161 quid
377 3091 554 3160 portendant;
575 3093 721 3161 prohibeat
738 3115 768 3149 ro
787 3101 871 3157 θεων,
890 3110 924 3149 ne
942 3093 1014 3150 inter
1033 3107 1140 3148 sacrum
1158 3097 1186 3146 et
1203 3104 1300 3146 saxum
1312 3093 1430 3162 correpti
1447 3099 1539 3148 tenes·

182 3195 249 3236 mur.
293 3184 351 3242 <Res
375 3187 460 3242 gestae
482 3184 548 3230 inter
573 3183 683 3245 'lplllnm
707 3190 732 3236 et
756 3187 927 3236 Marcbicnern
953 3186 1107 3250 Badenscm;
1129 3181 1253 3249 proelium
1279 3183 1311 3232 sd
1334 3183 1490 3248 Wimpinann
1513 3183 1538 3236 d.

184 3274 209 3326 8.
228 3271 304 3333 lieth
329 3270 477 3320 blansialdii
500 3272 690 3336 expeditiones)
708 3301 741 3310 -
761 3268 885 3327 Octobri:
912 3269 1061 3326 Postremis
1086 3269 1140 3324 tois
1159 3266 1287 3322 Heinium
1309 3265 1396 3320 virum
1420 3265 1539 3338 descrip-

184 3357 250 3412 sisti.
288 3353 387 3410 Testor
404 3355 485 3410 fidem
504 3354 644 3425 sinceram,
663 3357 716 3415 hoc
734 3374 789 3414 non
808 3366 866 3413 erat
883 3358 1069 3428 propositum,
1088 3371 1150 3412 cnm
1167 3359 1363 3424 caspvyetsm
1380 3353 1463 3410 istum
1480 3355 1541 3411 mit·

184 3451 281 3515 tarem
306 3445 414 3500 omnino
438 3446 589 3498 πολυλαλον
613 3461 643 3500 se
665 3447 806 3516 probarat.
842 3445 943 3500 Verum
967 3445 1109 3516 sperabam
1134 3444 1267 3512 futurum,
1293 3448 1324 3497 ut
1343 3441 1434 3511 operis
1452 3443 1540 3512 quoti·

184 3533 264 3590 diana
288 3532 431 3588 exactione
456 3529 690 3589 sermocinationis
712 3529 854 3604 ἁπειραιου
872 3553 968 3602 perpes
993 3531 1141 3598 inveniret,
1166 3530 1327 3600 praesertim
1349 3528 1396 3585 nbi
1414 3537 1541 3599 ageretur

183 3621 323 3690 negotium
343 3619 461 3676 famelici
479 3620 590 3674 ventris.
628 3621 681 3676 Sed
699 3622 769 3677 haec
792 3621 831 3676 ita
848 3621 969 3675 habeant
971 3657 1105 3676 .......
1143 3617 1334 3674 Stcreometria
1356 3625 1405 3672 tua
1423 3617 1540 3674 Domino

184 3709 288 3764 Oraitio
307 3707 480 3778 perjucunda
497 3707 608 3774 accidit,
633 3708 680 3776 qui
698 3709 779 3765 etiam
798 3706 913 3762 solidam
931 3708 1087 3776 repromisit
1107 3706 1233 3776 gratiam.
1253 3736 1286 3745 —-
1304 3701 1449 3774 Epistulae
1468 3705 1541 3776 Kep-

183 3795 234 3851 leri
253 3811 347 3852 omnes
366 3794 590 3850 interciderunt..
610 3796 688 3851 Circa
704 3797 787 3852 finem
804 3796 868 3852 anni
886 3796 997 3864 scripsit
1013 3794 1150 3864 Keplerus
1168 3794 1376 3864 Prognosticum
1396 3794 1424 3848 in
1441 3807 1541 3850 annunt

185 3886 264 3942 1623.
301 3885 416 3939 Ordines
436 3884 573 3939 Austriaci
591 3884 769 3939 decreverunt
785 3883 961 3938 honorarium
978 3884 1013 3940 40
1031 3881 1196 3938 florenorum
1217 3883 1295 3948 „dem
1312 3880 1427 3949 Ludwig
1438 3879 1542 3952 Keplcr

184 3972 230 4028 tur
248 3970 459 4039 Abschreibung
476 3970 530 4025 vnd
548 3970 716 4041 vbergebnes
734 3971 944 4041 Prognosticum
962 3970 1051 4027 seines
1069 3971 1168 4028 Vetere
1186 3971 1230 4028 Jo.
1250 3969 1378 4040 Keplcr.“

289 4063 375 4128 1623.
408 4063 567 4124 Resolutio
590 4066 669 4123 atini.
708 4064 801 4123 Natus
833 4064 904 4123 mihi
932 4063 1009 4124 tilius
1034 4062 1167 4123 Eridmar
1197 4060 1409 4124 subruerit
1433 4059 1539 4120 Lincii.

184 4153 358 4231 Baptisatus
382 4154 410 4208 in
433 4150 506 4211 aede
532 4150 748 4229 provincialia
772 4153 809 4210 D.
833 4170 893 4212 rev.
909 4149 987 4238 χ.Ιοῐι.
1012 4149 1076 4212 Rcu
1090 4150 1130 4230 (l)
1155 4152 1361 4212 concionatore
1392 4149 1541 4227 primario.

182 4241 323 4300 Patrimi:
356 4239 394 4298 D.
419 4238 570 4298 Abrabam
597 4239 749 4314 Schrvarz,
781 4240 819 4298 D.
843 4239 1036 4300 Sebastianus
1059 4237 1260 4311 Peumaister‚
1290 4233 1426 4312 Joergeri
1453 4234 1541 4297 aulae

184 4331 343 4404 magister,
375 4345 441 4386 cum
462 4343 554 4387 uxore
577 4327 736 4386 (letherius
757 4345 886 4404 geporne
910 4326 1047 4404 Hagenin
1070 4344 1139 4386 aues
1161 4325 1323 4386 Kirntben.
1368 4322 1462 4383 Filius
1485 4320 1542 4384 Se-

184 4415 304 4490 baldns,
329 4415 448 4474 variolis
472 4433 545 4491 peste
569 4422 697 4486 euectus,
722 4413 862 4474 decubuit
885 4414 933 4474 die
956 4415 1086 4492 corporis
1110 4413 1227 4474 Christi.
1267 4411 1355 4471 Edita
1377 4409 1541 4471 Confessio.
1569 4475 1580 4494 .

290 4502 396 4562 Editus
419 4501 548 4561 Discors
571 4520 633 4562 oon
660 4503 714 4560 der
735 4519 858 4578 pressea
884 4495 1092 4575 Coniunctiora
1114 4509 1157 4560 etc
1158 4540 1264 4564 .....
1311 4495 1417 4557 Obvvol
1441 4497 1488 4558 icb
1510 4500 1542 4556 in

184 4592 408 4650 continuatione
431 4589 658 4666 Ephemeridum
681 4589 744 4649 auff
763 4587 1018 4650 dessaisiant
1040 4587 1247 4665 lcrtgeiahren,
1269 4584 1346 4645 auch
1368 4586 1463 4645 maine
1485 4603 1542 4664 ge·

183 4679 330 4740 vrtinlicbe
347 4677 538 4753 conjecturas
554 4675 702 4742 naturales
725 4696 761 4736 au
777 4677 883 4756 Papier
904 4676 1053 4754 gebracht,
1077 4693 1110 4736 so
1133 4675 1186 4734 hat
1206 4675 1269 4732 mir
1284 4670 1359 4731 doch
1376 4671 1429 4732 das
1446 4670 1543 4734 eluar

182 4784 219 4828 so
243 4769 313 4828 veit
336 4762 550 4826 nitescundirn
565 4767 682 4840 mtigcn,
706 4763 774 4824 dass
797 4765 843 4824 ich
867 4783 898 4826 cs
921 4782 957 4825 su
980 4764 1094 4824 rechter
1109 4761 1174 4821 Zeit
1196 4758 1226 4818 in
1243 4758 1428 4820 otlentlichen
1444 4761 1543 4822 Truck

182 4855 265 4917 bettc
288 4855 412 4932 bringeri
434 4851 558 4914 hinden.
589 4850 714 4914 Dioveil
737 4853 808 4913 aber
830 4853 936 4914 etliche
951 4846 1237 4934 Kunstverstendige
1259 4845 1337 4906 mich
1360 4847 1541 4926 vermebnct,

1278 4944 1333 5001 tt·
