3624 5554
241 383 306 458 reo
755 352 1088 464 erasmiana

241 565 341 628 mandi
363 569 493 644 animus,
517 573 547 630 et
569 571 639 647 quia
661 587 719 632 non
742 574 914 650 experieris,
942 591 988 634 me
1010 589 1141 650 unquam
1163 589 1228 634 cam
1251 589 1401 651 quoquam
1422 573 1590 636 mortalium

241 658 283 718 ita
305 655 341 715 de
363 665 392 717 te
415 657 554 732 locutum,
578 662 620 719 uti
636 659 676 724 ad
689 667 718 720 te
733 677 822 720 unum
839 679 874 722 ex
889 660 964 722 laisa
979 663 1188 738 imaginatione
1210 665 1324 740 scripsi,
1346 661 1592 740 quemadmodum

240 759 335 820 neque
358 746 386 802 in
411 763 578 822 quanquam
602 765 730 824 unquam
753 749 826 808 talia
849 750 1022 826 designaris
1046 767 1082 810 ex
1104 749 1160 809 heo
1176 749 1373 826 qualicunque
1389 751 1591 812 consolatione

241 839 308 909 post
330 835 533 907 gravissimam
557 836 776 912 poenitudinem
799 839 928 896 animum
951 835 1082 897 nonnihil
1105 839 1215 913 recepi,
1246 845 1275 896 et
1298 841 1368 914 quia
1391 855 1468 916 quae
1490 841 1593 916 scripsi

242 933 338 978 coram
370 920 435 980 Deo
466 920 529 982 solo
561 929 636 984 teste
665 924 706 983 M.
738 924 822 984 Tuae
850 927 994 1002 imputata
1022 925 1117 998 luero,
1148 926 1272 1002 primum
1296 926 1392 985 Deum
1416 925 1485 1002 Opt.
1508 925 1590 988 Mar.

241 1009 357 1066 veniam
380 1011 517 1084 exorari,
542 1007 647 1072 deinde
671 1019 700 1072 et
721 1029 774 1088 pro
798 1013 958 1072 christiana
979 1011 1215 1072 reconciliatione
1239 1029 1351 1072 summe
1374 1015 1416 1073 lui
1438 1013 1591 1074 sollicitus.

241 1092 327 1170 Quod
349 1097 406 1154 nisi
427 1113 474 1157 me
497 1097 607 1159 aillicta
623 1099 771 1172 valetudo,
795 1100 1005 1160 immoderatae
1020 1100 1184 1160 affectionis
1199 1100 1278 1160 baud
1293 1101 1384 1160 dubia
1407 1103 1592 1172 stimulatrix,

241 1181 459 1259 impedivisset,
491 1187 584 1262 primo
608 1203 726 1265 quoque
748 1194 879 1264 tempore
902 1187 1077 1248 Benatilram
1100 1191 1292 1247 excurrissem
1315 1207 1420 1264 meque
1443 1189 1484 1249 Μ.
1508 1189 1592 1249 Tuae

241 1269 279 1328 nd
302 1287 417 1330 omnem
440 1273 668 1334 satisfactionem
688 1281 836 1353 promtum
859 1277 1008 1336 stitissem.
1038 1274 1107 1335 Jam
1130 1275 1201 1351 quia
1222 1276 1282 1335 tora
1304 1278 1346 1336 ita
1367 1277 1443 1350 tulit,
1469 1285 1502 1336 ut
1515 1279 1595 1354 prior

240 1356 283 1417 Μ.
307 1357 373 1417 'lua
400 1358 526 1436 Pragam
550 1364 670 1436 reniret,
694 1363 818 1440 supplex
842 1362 879 1422 sd
903 1363 945 1422 Μ.
968 1363 1063 1423 Tuam
1086 1365 1189 1436 renio,
1212 1380 1264 1438 per
1287 1363 1344 1424 Dei
1367 1364 1593 1425 misericordiam

243 1462 338 1518 orans,
363 1449 405 1505 uti
430 1447 501 1506 mibi
524 1447 599 1509 hanc
622 1453 833 1511 atrocissimam
857 1451 1046 1510 offensionem
1070 1449 1228 1510 christiano
1244 1453 1341 1511 animo
1355 1454 1491 1515 remittat.
1528 1452 1592 1529 Ego

244 1541 346 1592 contra
368 1551 445 1616 quae
469 1534 528 1594 dixi
553 1535 601 1597 rel
623 1541 726 1615 scripsi
749 1541 779 1596 in
801 1537 843 1598 Μ.
866 1537 950 1598 Tuae
972 1555 1137 1615 personam,
1160 1538 1284 1612 lamam,
1307 1539 1447 1599 honorem
1471 1547 1500 1599 et
1522 1539 1595 1599 doc-

243 1622 358 1694 trinam,
383 1622 430 1681 vel
456 1640 632 1702 quocunque
655 1626 714 1685 alio
744 1625 832 1686 modo
855 1627 1080 1702 injuriosissima
1107 1627 1146 1702 (ai
1168 1625 1250 1685 nulle
1272 1627 1372 1687 valeat
1393 1629 1422 1684 in
1444 1628 1594 1688 meliorem

241 1714 353 1784 partem
376 1709 592 1788 interpretatio)
615 1717 658 1772 uti
680 1711 771 1794 (quod
795 1731 831 1773 ex
855 1716 951 1774 animo
969 1712 1069 1791 doleo)
1092 1712 1151 1772 dixi
1174 1715 1335 1790 scripsique
1358 1715 1596 1792 quamplurima

241 1803 270 1854 et
293 1794 379 1872 plura
402 1814 491 1873 quam
515 1801 711 1876 meminerim,
740 1803 838 1860 omnio
862 1809 892 1861 et
913 1801 1031 1877 singula
1051 1815 1173 1873 revoco,
1204 1803 1297 1873 irrita,
1321 1801 1395 1862 laisa
1418 1810 1447 1862 et
1469 1804 1594 1880 probatu

243 1884 441 1960 impossibilia
463 1895 570 1962 sponte
593 1896 623 1948 et
644 1889 770 1965 ingenue
793 1905 921 1965 agnosco
950 1897 1040 1964 etque
1063 1890 1233 1966 pronuncio.
1280 1889 1380 1965 Neque
1403 1891 1480 1950 enlm
1502 1889 1595 1950 ullum

240 1971 353 2032 lacinus
385 1980 547 2049 patratum,
577 1982 629 2035 aut
651 1976 741 2036 ullam
769 1985 882 2052 partem
911 1977 1073 2038 honestatis
1096 1995 1115 2035 a
1136 1974 1178 2034 Μ.
1202 1977 1268 2036 Tua
1296 1995 1425 2053 unquam
1453 1977 1595 2039 violatam

242 2058 288 2118 rel
314 2058 375 2118 vidi
400 2060 446 2120 rel
470 2061 582 2121 audiri.
613 2063 645 2122 st
659 2064 729 2140 quid
752 2065 970 2141 suspicionibus
986 2067 1075 2124 etlam
1097 2061 1214 2135 indulsi,
1238 2063 1266 2122 id
1282 2081 1377 2140 omne,
1401 2073 1434 2124 ut
1448 2065 1594 2126 Christia-

239 2163 309 2205 num
342 2145 440 2222 decet,
472 2166 508 2208 ex
537 2151 634 2210 animo
663 2153 794 2227 ejiciam,
827 2153 871 2211 sic
893 2159 926 2212 ut
952 2153 1156 2229 protestationi
1186 2150 1362 2211 christianae
1391 2154 1592 2229 acquiescens,

241 2233 436 2294 temeritatem
459 2238 488 2294 ia
512 2237 688 2314 auspicando
711 2239 838 2300 libenter
860 2239 926 2300 Deo
949 2243 1164 2318 supdmysnrorp
1185 2238 1287 2298 lateor.

345 2319 489 2383 Promitte
512 2327 600 2385 etiam
624 2327 703 2387 hona
724 2327 796 2401 lide,
827 2343 874 2386 mo
897 2329 926 2385 iu
949 2335 1112 2404 posterum,
1143 2326 1311 2402 ubicunque
1335 2334 1504 2387 versaturus
1526 2329 1591 2399 sim,

240 2423 299 2467 uon
324 2414 436 2470 tantum
459 2411 628 2489 hujusmodi
652 2413 810 2474 malesanis
831 2415 962 2488 actibus,
986 2413 1085 2488 dictis,
1109 2413 1194 2472 iactis
1216 2421 1247 2472 et
1267 2414 1359 2474 literis
1380 2415 1590 2489 abstenturum,

239 2495 291 2556 aed
316 2513 410 2573 neque
439 2497 500 2560 ullo
529 2509 616 2576 pacto
639 2501 680 2560 Μ.
704 2501 800 2562 Tuam
828 2501 936 2577 injusta
964 2507 995 2560 et
1023 2518 1059 2561 ex
1086 2503 1237 2578 proposito
1267 2501 1459 2575 oliensunrm,
1495 2519 1592 2578 neque

240 2585 399 2660 quicquam
429 2587 508 2662 quod
539 2601 596 2648 non
627 2589 730 2650 decent
760 2597 862 2649 contra
884 2587 926 2652 Μ.
950 2589 1045 2649 uram
1068 2589 1246 2648 moliturum.
1291 2587 1351 2649 Oro
1375 2597 1488 2664 sutem,
1520 2593 1592 2666 quia

237 2670 351 2732 lubrico
375 2682 420 2733 est
443 2677 505 2734 rite
527 2675 670 2749 bominis,
695 2685 728 2736 ut
750 2679 775 2736 si
798 2676 839 2735 Μ.
863 2677 898 2736 Τ.
922 2676 1150 2750 animadvertat,
1174 2693 1220 2736 me
1244 2676 1455 2752 imprudentem
1479 2679 1508 2735 in
1532 2677 1591 2738 tale

238 2759 308 2834 quid
334 2778 461 2836 vergere,
483 2780 529 2824 me
552 2766 609 2826 mci
632 2765 725 2841 ipsius
747 2764 913 2838 admoueat,
937 2766 1103 2840 experietur
1124 2766 1201 2823 enirn
1224 2781 1270 2823 me
1293 2767 1478 2839 morigerum.
1513 2763 1590 2840 Quin

236 2848 295 2906 imo
326 2849 481 2923 polliceor,
509 2849 644 2911 daturum
673 2869 719 2913 rne
749 2869 885 2929 operam,
918 2851 998 2928 quod
1028 2851 1146 2927 quidem
1176 2869 1326 2928 nunquam
1357 2851 1454 2912 adhuc
1485 2855 1591 2912 meotis

237 2951 357 3010 compos
380 2937 531 3009 intermisi,
555 2947 588 2998 ut
611 2942 688 3000 omnl
712 2957 818 3016 genere
841 2939 1002 2999 ciliciorum
1017 2939 1059 3002 Μ.
1074 2939 1109 3000 Τ.
1133 2937 1253 3000 ulterius
1269 2938 1433 2999 devinctam
1450 2947 1479 2999 et
1494 2957 1591 3015 quau-

237 3029 298 3080 tum
321 3022 393 3082 mihi
415 3026 556 3101 possibile
579 3034 624 3087 est
645 3029 886 3104 superioremque
909 3043 1040 3086 meorum
1062 3027 1173 3103 patitur
1193 3029 1371 3101 auotoritas,
1402 3029 1430 3084 in
1454 3029 1590 3087 omnibus

236 3108 367 3170 honestis
398 3112 485 3172 rebus
513 3113 817 3189 quinqueremes
843 3122 944 3190 gratam
974 3114 1145 3174 intellexero
1174 3115 1349 3190 obsequium
1372 3122 1531 3190 praestem,
1560 3124 1591 3176 et

236 3198 280 3258 sie
302 3200 366 3274 ipso
389 3199 468 3260 iacto
491 3199 701 3275 demonstrem,
733 3202 819 3262 aliter
845 3219 893 3262 me
916 3203 944 3260 in
968 3200 1009 3262 Μ.
1033 3201 1117 3262 'l'uaa
1145 3219 1299 3279 personam
1330 3219 1394 3262 esse
1423 3209 1452 3261 et
1474 3219 1588 3280 semper

237 3283 326 3346 luisse
358 3287 507 3361 ansatum,
538 3302 627 3364 quam
655 3307 691 3349 ex
720 3289 771 3348 illa
799 3291 887 3349 trium
917 3291 1144 3366 septimanarum
1174 3291 1366 3366 intemperata
1399 3288 1590 3366 dispositione
1679 3349 1682 3354 .

238 3373 328 3434 animi
351 3382 380 3434 et
403 3377 532 3452 corporis
555 3377 654 3454 colligi
678 3385 801 3453 poterat.
848 3377 884 3436 Et
906 3393 1017 3454 precor,
1040 3385 1073 3438 ut
1095 3376 1133 3437 ad
1156 3376 1187 3436 id
1208 3377 1415 3454 praestandum
1438 3395 1484 3438 me
1507 3377 1589 3438 Deus

236 3459 368 3536 amnem.

341 3545 434 3615 Tycha
457 3544 676 3615 deprecationem
699 3547 771 3602 hauc
794 3546 912 3604 libenter
934 3548 1073 3617 accepisse
1098 3545 1206 3602 ridetur
1229 3554 1256 3602 et
1277 3546 1414 3618 Kepleros
1432 3548 1590 3604 lienaticam

234 3629 315 3684 rediit
325 3639 390 3702 post
402 3634 483 3690 trium
496 3634 696 3692 hebdomadum
708 3633 857 3692 absentiam
871 3633 921 3703 („si
933 3639 989 3690 tres
1003 3651 1026 3690 o.
1039 3633 1226 3692 hebdomadas
1238 3634 1357 3691 eximas“
1377 3651 1462 3706 supra
1473 3635 1590 3705 legimus

234 3717 397 3776 scribentem
421 3721 591 3793 Keplerum),
622 3729 650 3780 et
673 3737 722 3791 per
745 3736 865 3778 mensem
886 3720 990 3790 hlajmn
1015 3721 1088 3792 apud
1112 3721 1270 3790 Tyobouem
1296 3721 1464 3780 versabatur.
1504 3721 1589 3778 Initio

235 3807 253 3860 J
256 3807 311 3862 unii
324 3808 447 3864 Gratiam
460 3809 574 3866 rediisse
585 3810 743 3880 Keplerum,
762 3817 794 3869 ut
806 3810 870 3866 inde
882 3808 1013 3866 familiam
1023 3809 1051 3864 iu
1065 3808 1221 3864 Bohemienr
1235 3808 1399 3880 traduceret,
1418 3809 1471 3882 boc
1483 3795 1589 3879 usand-

236 3894 278 3950 uis
297 3895 453 3954 testimonio
473 3897 657 3956 confirmatur.

343 3989 395 4048 ligo
416 3989 521 4048 Tycha
540 3991 640 4040 Brahs
659 3989 696 4038 de
714 3988 902 4054 Koudetrup
919 3993 951 4038 at
967 3989 1149 4048 Uranlburg
1167 3989 1194 4038 in
1215 4002 1292 4050 regno
1310 3989 1421 4056 Daniae,
1445 4003 1513 4038 nuno
1530 4004 1589 4040 raro

236 4059 326 4108 Sacrae
339 4057 411 4108 Caes.
424 4058 484 4120 Mal.
504 4061 583 4110 allans
596 4061 622 4109 lu
640 4074 695 4108 arce
707 4061 843 4109 Bobemiae
855 4059 1013 4109 Beuuatieha
1032 4057 1161 4124 habitans,
1180 4064 1266 4110 notum
1286 4060 1349 4108 isoio
1368 4061 1484 4108 omuibus
1495 4065 1521 4108 et
1538 4061 1589 4110 eiu·

236 4129 302 4190 gulls
325 4129 399 4176 hasco
423 4126 519 4177 litteras
542 4129 692 4194 inspectoris
714 4133 884 4194 cujuscunque
903 4133 982 4178 status
1001 4127 1130 4188 diguitatis
1149 4133 1173 4175 et
1199 4129 1352 4178 conditionis
1379 4131 1479 4196 inerint,
1499 4145 1587 4178 earun-

237 4199 292 4248 dem
312 4199 477 4246 exhibitorem
497 4201 684 4248 ornatissimum
711 4205 735 4249 et
754 4199 951 4248 eruditissimum
973 4201 1054 4247 virum
1072 4197 1106 4248 Μ.
1126 4197 1272 4261 Keplarum,
1298 4199 1339 4251 lli.
1359 4199 1472 4248 Ducatus
1491 4201 1589 4258 Styriae

237 4271 353 4320 Statuam
371 4269 588 4335 Mathematicum‚
613 4271 661 4318 hoo
683 4267 784 4318 labante
807 4282 872 4318 anno
898 4269 1006 4333 epochae
1031 4267 1182 4316 christianae
1202 4271 1270 4320 1600
1288 4271 1320 4318 ab
1338 4270 1412 4318 lultlo
1431 4271 1524 4319 mensis
1542 4271 1588 4320 Fa-

236 4341 333 4390 bruaril
351 4353 432 4404 usque
450 4339 482 4388 ad
499 4338 574 4390 meur
593 4337 670 4402 Mati,
695 4354 741 4403 par
760 4345 867 4402 quatuor
884 4341 1002 4388 nimirum
1024 4337 1207 4388 intercedentes
1231 4353 1327 4390 mensae
1344 4354 1391 4404 pro
1409 4343 1499 4401 majori
1516 4347 1588 4405 parte

237 4411 278 4458 bio
296 4413 323 4458 in
341 4409 408 4458 dicta
427 4405 539 4458 Caesaris
557 4423 613 4459 arcs
630 4407 786 4460 Beunaticha
803 4423 900 4460 meeum
924 4409 1002 4460 luisse
1020 4421 1096 4472 seque
1119 4409 1214 4458 interea
1231 4411 1258 4458 iu
1276 4423 1331 4458 meo
1351 4413 1466 4459 convictu
1485 4412 1587 4460 honesta

235 4483 342 4540 gessisse
362 4485 386 4528 et
404 4481 517 4543 apprime
536 4479 679 4540 diligentem
699 4494 801 4546 operam
818 4481 845 4528 in
858 4480 982 4528 exercitiis
995 4485 1019 4527 st
1033 4477 1123 4526 studiis
1137 4481 1310 4529 astronomicis
1327 4482 1489 4546 praestitisse,
1508 4481 1586 4530 inter·

238 4549 407 4598 mediantibus
433 4551 495 4598 mels
517 4553 600 4612 justae
625 4550 807 4611 magnitudinis
836 4555 860 4598 et
883 4547 1090 4598 eoniormatloulr
1119 4549 1292 4598 instrumentis
1314 4553 1344 4597 et
1371 4551 1586 4599 observationibus

237 4618 421 4683 multiplicibus
444 4625 519 4682 atque
538 4621 664 4685 diutinis,
680 4624 817 4685 mutuaque
842 4622 908 4668 inter
931 4633 978 4668 nos
1001 4619 1032 4667 de
1056 4615 1152 4668 talibus
1175 4625 1252 4684 atqua
1272 4617 1332 4669 allls
1349 4620 1383 4668 ad
1400 4620 1586 4685 philosophiam

238 4689 390 4738 iacientibus
409 4688 589 4740 collocutione:
613 4696 643 4740 ut
660 4693 762 4740 omuino
780 4691 843 4738 mihi
860 4690 1036 4754 persuadeam,
1060 4686 1132 4737 illum
1150 4690 1178 4738 id
1196 4691 1317 4754 temporis
1335 4705 1386 4740 non
1403 4692 1489 4742 minua
1507 4691 1587 4752 langl-

238 4759 289 4807 tera
307 4759 348 4807 bic
366 4758 516 4822 collocasse,
541 4775 615 4827 qnam
634 4761 657 4812 sl
674 4764 772 4812 interea
790 4761 857 4810 domi
877 4760 1029 4824 desedisset,
1053 4760 1104 4808 imo
1128 4761 1149 4808 al
1174 4761 1270 4824 absque
1294 4761 1389 4810 luridis
1413 4761 1438 4809 id
1464 4759 1586 4810 affirmare

242 4825 337 4890 liceret,
355 4827 429 4889 longe
447 4830 546 4886 utilius.
572 4831 628 4894 Quo
647 4833 747 4882 nomine
766 4833 839 4880 etiam
858 4833 911 4892 ejus
930 4829 1072 4892 praesentia
1090 4833 1115 4878 et
1134 4831 1289 4880 conversatio
1307 4831 1369 4880 mihi
1381 4831 1505 4896 imprimis
1517 4836 1587 4892 grata

244 4897 342 4945 exstitit
353 4900 482 4966 multoque
494 4903 575 4952 adbuc
586 4904 681 4965 gratior
693 4901 786 4971 lutura,
800 4903 821 4952 al
834 4899 919 4951 eadem
931 4901 958 4949 ln
970 4903 1098 4966 posterum
1110 4901 1211 4966 saepius
1224 4906 1250 4951 et
1261 4901 1356 4950 diutim
1369 4896 1473 4952 concedi
1484 4902 1585 4966 poterit.
