3516 5540
233 2853 289 2908 stili
309 2853 386 2909 1606.

238 381 304 458 626
535 383 715 446 summarium
733 385 871 448 ilistorite
888 385 1078 446 Asbonomiae
1094 385 1189 448 seculo
1207 387 1281 450 xm.

236 560 386 633 parallaxis
404 563 568 620 mentionem
586 563 690 636 iecerit,
709 581 772 625 eum
790 567 858 624 alias
875 566 1032 638 eassepius
1050 567 1181 626 inculcet:
1200 567 1326 626 fortassis
1344 567 1416 626 bauo
1432 568 1599 642 hypothesin

238 651 369 706 stabilivit
387 658 533 722 antequam
552 651 728 709 reflexionem
747 654 906 711 introduxit.

339 739 371 792 V.
391 739 449 794 Fol.
468 741 512 796 05
538 741 588 796 snb
612 739 694 794 linem
718 740 782 796 dicit
806 752 914 812 auctor,
943 759 994 814 per
1016 743 1087 800 hauc
1115 742 1237 801 lunarem
1260 745 1424 815 hypothesin
1448 746 1596 802 mammam

237 823 441 894 inaequalitatis
460 827 589 895 angulum
608 829 635 882 in
654 830 691 885 <Y
715 835 743 882 et
764 842 800 892 00
822 833 937 891 eradere
949 832 981 886 4⁰
999 834 1042 890 58⁶
1062 836 1121 904 30²2
1140 834 1168 889 in
1188 836 1362 904 quadraturis
1381 837 1475 907 quinta
1494 836 1596 908 gradus

235 919 315 982 parte
332 912 461 969 minorem
486 929 566 983 qnam
586 915 753 986 Ptolemaeo,
771 917 913 988 Alphonso
932 926 960 974 et
979 921 1130 990 Copernico
1144 929 1204 993 eta,
1223 925 1328 981 seilicet
1340 926 1435 984 7⁰28&
1468 925 1595 980 Dubitari

235 1007 337 1070 potest,
356 1000 492 1069 quomodo
511 1003 564 1058 boc
581 1001 640 1058 lieri
658 1006 756 1073 possit.
788 1007 915 1062 Centrum
930 1009 1032 1065 Terrae
1045 1013 1078 1078 A,
1098 1027 1132 1066 ex
1151 1027 1206 1079 qno
1218 1013 1245 1066 in
1260 1016 1296 1070 0‘
1314 1019 1342 1068 et
1357 1017 1394 1067 σθ
1416 1013 1594 1080 eccentriens‚

238 1087 317 1156 eujus
335 1088 536 1144 semidiameter
550 1090 606 1157 All,
626 1092 662 1148 sit
673 1093 733 1163 PF,
752 1109 786 1150 ex
805 1095 827 1148 F
846 1103 940 1150 centro
959 1097 994 1152 nd
1011 1097 1224 1168 magnitudinem
1237 1100 1380 1169 utriusque
1400 1101 1596 1156 semidiametri

602 1178 681 1247 primi
701 1189 728 1234 et
746 1181 861 1237 secundi
879 1181 993 1252 epicycli
1012 1185 1129 1252 (seilicet
1147 1187 1214 1254 Fid)
1240 1187 1358 1257 partium
1377 1189 1447 1245 8700
1475 1187 1594 1244 circulus

602 1266 757 1337 descriptus
780 1269 830 1338 sit,
856 1287 937 1339 quem
960 1278 1056 1340 tangat
1073 1272 1128 1328 ΛΜ
1146 1275 1175 1330 in
1192 1274 1235 1344 M;
1263 1276 1328 1346 qnia
1353 1291 1417 1346 ergo
1443 1277 1594 1332 earundem

601 1354 649 1408 ΕΑ
668 1363 710 1410 est
725 1357 836 1426 100000,
854 1357 902 1413 fiet
920 1359 1036 1427 angulus
1049 1357 1233 1428 110050,
1254 1363 1456 1432 quodquidam
1475 1365 1511 1418 ab
1529 1379 1594 1418 auc·

599 1449 658 1497 tore
677 1459 775 1512 parum
793 1445 881 1501 abest.
916 1447 948 1500 ln
966 1449 1140 1517 quadraturis
1160 1459 1283 1505 centrum
1302 1453 1448 1508 eecentrioi
1467 1459 1510 1508 est
1528 1451 1555 1507 in
1569 1451 1591 1520 I,

599 1538 627 1586 et
645 1531 679 1586 sit
698 1534 734 1589 ad
753 1535 983 1591 semidiametrnm
1002 1538 1041 1590 lli
1064 1538 1159 1608 (p'riori
1177 1539 1226 1594 AF
1244 1539 1395 1608 aequalem)
1418 1538 1590 1594 ecoentricns

597 1619 659 1690 ΧΚ,
683 1628 715 1676 ut
732 1623 756 1676 Κ
775 1625 812 1678 ait
829 1631 961 1693 punctum
980 1623 1080 1681 Terrae
1098 1627 1265 1696 proximum,
1288 1633 1316 1681 et
1333 1641 1428 1682 rursus
1451 1633 1483 1682 ιιι
1508 1635 1592 1681 antea

597 1706 646 1760 KL
667 1708 866 1766 semidiameter
888 1711 996 1780 circuli,
1019 1713 1164 1768 maximam
1189 1713 1284 1770 Lunae
1311 1714 1511 1782 elongationem
1529 1727 1546 1766 a
1564 1711 1592 1766 K

596 1804 820 1868 repraesentans,
847 1805 874 1853 et
898 1799 971 1854 bunc
994 1805 1090 1871 tangat
1107 1801 1168 1872 AL,
1191 1809 1222 1858 nt
1241 1803 1314 1860 ΚΑΒ
1339 1802 1375 1857 sit
1393 1801 1528 1856 maximus
1547 1800 1588 1854 in-

598 1882 769 1952 aequalitatis
788 1885 906 1956 augulns
923 1888 951 1942 in
969 1887 1151 1958 quadraturis.
1188 1889 1226 1945 Et
1243 1890 1371 1960 qnoniam
1389 1890 1427 1944 ln
1447 1893 1489 1942 est
1506 1887 1585 1956 4348,

598 1970 717 2038 qualium
737 1973 776 2026 lli
790 1976 895 2031 100000
912 1985 940 2030 et
952 1977 1002 2030 Kb
1014 1977 1097 2044 8100,
1117 1991 1181 2044 ergo
1200 1975 1347 2032 earundem
1360 1977 1411 2030 erit
1423 1975 1474 2030 ΔΚ
1488 1975 1585 2044 95652,

211 2121 213 2128 Ι
598 2064 627 2111 et
643 2056 765 2127 qualium
783 2060 834 2114 ΑΚ
854 2063 973 2134 100000,
992 2065 1044 2119 erit
1061 2063 1110 2118 KL
1130 2065 1211 2133 0005,
1231 2071 1259 2119 ct
1277 2063 1312 2118 ob
1331 2064 1359 2118 id
1377 2065 1493 2132 angulus
1511 2061 1590 2118 ΚΑΙ,

234 2155 265 2209 5⁰
285 2152 335 2218 13‘,
354 2150 428 2220 qnod
446 2147 529 2218 longe
547 2145 652 2202 abest.⁴‘

337 2239 413 2294 llaec
431 2243 517 2304 erant,
537 2233 571 2289 de
590 2233 690 2303 quibus
707 2235 742 2290 ad
761 2235 847 2292 Tuam
866 2237 1022 2294 claritatem
1042 2236 1213 2292 scribendum
1231 2238 1334 2307 putari,
1353 2252 1407 2306 quo
1425 2235 1596 2305 intelligeret

234 2345 325 2385 meum
350 2326 530 2392 desiderium,
555 2322 771 2394 qualemqualem
797 2325 923 2380 notitiam
947 2325 1012 2378 mibi
1038 2323 1213 2393 comparandi
1231 2339 1323 2378 rernm
1342 2321 1596 2379 astronomicarum.

234 2415 335 2470 Saltem
354 2416 406 2470 hoc
424 2413 595 2483 relinquitur,
614 2419 646 2467 ut
663 2413 715 2467 niai
735 2412 803 2468 elios
822 2429 883 2468 enm
903 2413 1018 2469 Domino
1033 2413 1174 2467 Praetorio
1187 2429 1205 2468 a
1217 2412 1348 2482 Tyehone
1360 2410 1504 2466 dissentire
1517 2411 1595 2480 velia,

155 2551 159 2556 .
233 2516 277 2556 me
297 2508 434 2556 errantem
450 2500 479 2554 in
497 2499 620 2556 veritatis
639 2501 708 2554 viam
727 2516 777 2569 pro
796 2506 845 2555 tus
863 2500 996 2571 singulari
1008 2517 1073 2568 erga
1091 2517 1134 2555 me
1151 2499 1320 2555 humanitate
1339 2497 1464 2554 reducas.
1489 2497 1597 2568 Quodsi

238 2597 287 2645 tua
304 2588 476 2644 institutione
495 2587 549 2642 hoc
567 2586 647 2642 modo
666 2587 706 2642 uti
724 2586 790 2641 mihi
808 2587 917 2658 liceret,
936 2589 1002 2642 mibi
1022 2587 1127 2656 credas,
1147 2602 1284 2656 nunqnam
1304 2585 1387 2656 hujus
1405 2585 1544 2656 beneficii,
1564 2593 1597 2640 ut

343 1244 394 1296 sig.
410 1248 443 1288 10.

238 2686 266 2732 et
281 2677 403 2746 priorum
421 2675 605 2732 immemorem
630 2689 673 2728 me
691 2673 821 2731 futurum.
857 2675 926 2731 Vale
945 2683 973 2731 et
990 2676 1066 2732 salve
1085 2675 1180 2742 etiam,
1207 2673 1364 2730 Clarissima
1383 2680 1410 2727 et
1429 2673 1597 2728 Doetissime

231 2765 288 2831 Vir,
314 2781 349 2820 ex
376 2765 494 2820 Domino
522 2762 663 2818 Praetorio
691 2777 760 2818 meo.
802 2763 944 2818 Altdorilii
971 2779 1007 2818 ex
1033 2764 1148 2820 Musaeo
1175 2777 1237 2818 meo
1265 2762 1309 2818 die
1334 2764 1362 2820 8.
1387 2761 1505 2831 Augusti
1530 2761 1595 2816 nori

336 2939 387 2994 His
405 2937 547 3009 respondit
566 2937 752 3009 Keplerns:

337 3031 524 3092 Amicissime
553 3031 680 3092 Domine
709 3031 750 3090 Μ.
780 3029 899 3092 Odonti.
946 3031 1007 3092 Etsi
1037 3047 1142 3108 parum
1170 3031 1242 3092 mibi
1272 3037 1406 3108 superest
1438 3032 1509 3110 otii,
1541 3031 1595 3107 qni

208 3113 210 3126 '
233 3135 334 3180 reraor
358 3121 386 3177 in
410 3119 539 3179 editione
561 3119 653 3180 libelli
677 3117 713 3178 de
736 3119 832 3193 stella,
855 3127 953 3180 tamen
976 3127 1005 3180 et
1027 3127 1079 3180 tna
1102 3119 1229 3180 fidelitas
1253 3127 1282 3178 et
1305 3119 1425 3177 Domini
1445 3117 1594 3178 Praetorii

231 3217 382 3282 respectus
414 3213 598 3266 extorserunt
627 3206 699 3266 mihi
728 3223 917 3282 responsum,
948 3223 1008 3283 quo
1031 3210 1061 3264 in
1093 3223 1231 3283 praesens
1258 3223 1330 3283 rogo
1361 3208 1490 3266 contenti
1517 3207 1594 3280 sitis,

233 3292 312 3369 quod
336 3300 418 3354 tanto
439 3293 554 3354 lucilius
577 3311 595 3352 a
618 3293 746 3353 Domino
768 3293 919 3354 Praetorio
943 3297 1149 3370 impetravero,
1174 3297 1199 3353 si
1222 3293 1376 3369 diligenter
1399 3295 1494 3368 ipanm
1518 3292 1596 3352 etlo-

232 3383 335 3454 cnaria‚
359 3384 500 3458 quamsit
516 3381 629 3459 Pragae
643 3379 726 3440 nulla
737 3379 848 3456 ecbola,
872 3383 973 3464 σχολη,
997 3383 1093 3457 qualia
1109 3381 1235 3456 Altortil,
1258 3380 1311 3440 sed
1326 3389 1469 3458 perpetua
1485 3382 1593 3442 anxie·

232 3479 278 3528 tas
301 3477 330 3528 et
352 3469 534 3543 inquietudo.

336 3556 465 3614 Primum
488 3556 597 3624 oblitus
621 3553 729 3614 videris
752 3555 889 3631 istorum,
913 3555 992 3632 quod
1017 3555 1085 3628 dixi,
1110 3573 1200 3634 saepe
1223 3554 1394 3633 Tycbonem
1418 3557 1548 3631 incipere
1572 3571 1591 3614 a

231 3645 326 3721 prima
347 3641 483 3704 Jannaril
505 3645 536 3700 in
560 3641 680 3702 meridie
695 3641 876 3716 Hnennensi,
900 3661 960 3720 qua
983 3646 1011 3702 in
1035 3661 1065 3704 re
1088 3661 1146 3704 non
1170 3647 1315 3703 neminem
1331 3647 1367 3714 (a)
1392 3649 1437 3702 est
1459 3649 1589 3702 seeotna.

233 3731 339 3808 ltaque
363 3731 388 3788 si
411 3730 494 3790 detur
516 3729 634 3806 politiae
657 3737 781 3806 tempus,
804 3733 886 3790 verbi
909 3733 1005 3806 gratia
1027 3730 1084 3792 diei
1104 3737 1152 3793 15.
1169 3733 1295 3808 Augusti
1309 3733 1379 3789 anni
1398 3736 1492 3802 1606,
1517 3729 1593 3790 bora

233 3823 262 3880 8.
278 3816 520 3890 antemeridiana,
546 3815 692 3894 complete
715 3826 847 3894 tempora
872 3827 956 3878 erunt
975 3819 1108 3897 Tyobonl
1135 3824 1217 3880 1605
1238 3817 1338 3878 Julius
1359 3815 1386 3878 d.
1412 3823 1461 3878 ta.
1483 3817 1513 3876 b.
1541 3824 1593 3880 20.

232 3909 548 3978 (praecauendumque
568 3911 632 3961 torta
652 3909 703 3976 14.)
723 3909 767 3978 lb).
805 3906 841 3964 Et
865 3905 995 3982 epochae
1017 3915 1179 3982 sequuntur
1194 3906 1366 3966 Prnteniees
1390 3903 1512 3965 dimidio
1529 3908 1594 3964 cir·

231 3998 305 4054 aiter
327 3992 385 4052 die.

290 4127 295 4136 .
336 4077 487 4152 Secundo,
518 4076 591 4138 nibil
623 4082 702 4156 agis,
734 4097 908 4157 comparans
939 4079 1085 4141 calculum
1108 4080 1257 4158 Tyolronis
1289 4098 1355 4140 cum
1378 4077 1593 4150 Protenicotr).

233 4168 320 4230 Certo
343 4171 434 4242 seiae,
463 4185 498 4225 ex
519 4165 690 4243 Tyobonico
714 4170 805 4226 ueniri
829 4167 866 4227 ad
890 4171 1021 4228 veritatis
1042 4171 1291 4246 propinquitatem
1316 4169 1430 4228 circiter
1454 4173 1472 4228 t
1497 4165 1546 4226 vel
1572 4173 1591 4228 6

233 4259 427 4328 minutorum,
459 4271 525 4314 eum
548 4254 721 4314 Protenions
744 4257 813 4328 (nisi
837 4255 937 4330 fallor)
968 4259 1082 4332 integro
1109 4255 1253 4316 interdum
1284 4255 1378 4332 gradu
1411 4255 1526 4314 aberret
1543 4261 1591 4330 (ιι).

232 4345 356 4420 Ignosce
381 4360 450 4403 vero
474 4342 554 4414 mihi,
578 4343 657 4419 qnod
680 4351 811 4418 tempore
834 4344 969 4404 exclusus
991 4343 1135 4404 calculum
1159 4345 1211 4403 tibi
1235 4347 1265 4401 in
1289 4343 1431 4419 exemplis
1447 4360 1465 4403 a
1481 4350 1511 4402 te
1533 4361 1593 4420 po-

233 4435 298 4492 sitia
320 4449 378 4491 non
402 4431 579 4491 demonstro.
624 4429 729 4490 Fundo
753 4433 810 4488 ista
833 4433 941 4490 subito.

336 4519 431 4579 Venio
455 4517 493 4578 ad
516 4519 697 4594 objectiones
721 4519 840 4577 Domini
862 4518 1014 4579 Praetorii.
1060 4517 1159 4578 Prima
1188 4518 1315 4594 objectio
1338 4514 1409 4576 mihi
1433 4517 1592 4578 cumDo·

232 4606 312 4665 mino
335 4605 485 4666 Praetorio
509 4613 554 4666 oet
576 4607 752 4678 eommunis,
783 4604 863 4682 qood
892 4607 991 4666 multis
1012 4605 1219 4666 collationibus
1248 4604 1385 4666 litorariis
1408 4619 1475 4664 eum
1499 4607 1591 4666 variis

234 4691 450 4753 mathematicis
473 4693 671 4752 demonstrare
695 4710 824 4770 possum.
869 4693 975 4770 Itaque
998 4695 1041 4752 aio
1063 4709 1185 4758 censeo:
1216 4695 1242 4752 si
1265 4693 1407 4766 Brabeus,
1432 4709 1491 4768 quo
1516 4699 1594 4752 tem·

231 4795 303 4856 pore
334 4780 450 4840 tabulas
478 4783 595 4842 lunares
617 4783 747 4857 scripsit,
776 4781 940 4857 scripsisset
970 4783 1058 4840 etiam
1087 4789 1181 4842 totum
1204 4797 1291 4840 snum
1315 4779 1436 4854 librom,
1465 4779 1593 4840 tortasse

231 4873 346 4952 partem
367 4871 553 4946 aequationis
575 4872 605 4928 in
622 4868 713 4930 'Luna
737 4871 876 4930 omissam
899 4870 1047 4930 omisisset
1069 4869 1158 4932 etiam
1180 4869 1209 4928 in
1233 4865 1313 4944 Sole,
1337 4875 1440 4946 utpote
1463 4868 1594 4930 insensi-
