3588 5540
279 355 346 428 880
792 355 858 414 vita
873 354 990 413 loannis
1006 353 1131 426 Kepleri·

279 537 351 598 ridi.
395 535 556 598 Postremls
577 535 727 597 mensibus
748 533 832 611 Majo
854 541 885 595 et
906 533 998 596 Jnnio
1021 532 1192 596 Stroeardia
1214 539 1393 612 postrenmm
1422 531 1555 594 libellum
1577 531 1631 594 de-

280 625 322 685 dit
323 668 430 688 .....
465 625 585 686 Interim
607 623 665 684 fine
689 631 846 701 conspecto
870 625 1016 702 operiret
1037 621 1306 682 submissaLineio
1329 623 1454 700 pecunia
1474 631 1630 694 recreatus,

278 722 347 773 tuae
377 712 455 773 adm.
478 712 650 774 Reverendo
672 711 710 772 D.
736 711 773 770 D.
798 711 922 785 Antoni,
953 709 1076 772 Praestri
1099 713 1128 768 in
1150 709 1420 782 Krembamiinster,
1442 710 1631 785 benignitatis

278 810 308 861 ot
329 799 398 861 fidei
422 807 604 878 argumento,
627 807 657 860 et
678 799 805 876 denique
823 798 953 870 ‚induciis
975 798 1039 870 lori,
1063 813 1170 874 magno
1194 797 1313 873 quidem
1329 813 1394 856 meo
1418 795 1518 858 dolore
1540 799 1630 856 inter·

277 890 392 967 positis,
414 888 538 949 Junium
559 889 664 951 itineri
678 887 909 946 Francolurtano
931 892 961 946 et
982 903 1069 946 curae
1101 887 1163 962 typi
1186 884 1265 946 dedi.
1301 887 1354 949 (Ex
1380 888 1497 956 epistola
1522 886 1630 945 dedica·
1687 925 1688 930 η

276 979 380 1036 ostona
397 980 432 1036 ad
451 981 559 1037 ordines
577 980 736 1050 Aueniaoos
754 977 781 1034 d.
799 975 974 1034 Franeoinrti
993 976 1049 1035 Gal.
1069 977 1157 1039 inlidi

380 1067 424 1135 Ex
443 1066 626 1138 Ephemsride
644 1067 708 1122 anni
728 1067 790 1123 1621
812 1073 840 1122 et
856 1067 926 1124 idas.
943 1065 1060 1124 Pallor.
1078 1067 1147 1121 baec
1166 1065 1344 1122 desnmsimus
1370 1067 1432 1122 loca
1454 1073 1483 1122 et
1499 1073 1628 1136 tempora,

277 1154 376 1224 quibus
400 1155 454 1213 hoe
475 1171 547 1211 anno
566 1154 702 1225 Keplerns
726 1152 880 1208 observavit
905 1159 1022 1219 ,statum
1045 1152 1133 1209 adriu‘
1157 1155 1330 1224 aequinoctia
1353 1161 1421 1210 etc:
1448 1155 1579 1210 Januario
1602 1154 1630 1210 in

279 1243 512 1312 Wdrttembergia
524 1249 553 1299 et
563 1242 719 1311 Vindelioo;
732 1239 882 1296 Februario
895 1248 923 1297 et
934 1239 1034 1296 Martio
1047 1241 1230 1311 Retisbonae3
1241 1241 1328 1310 Aprili
1339 1242 1368 1297 in
1380 1241 1504 1310 Baras-ia,
1522 1242 1630 1311 Norico,

277 1329 390 1400 Saaria;
408 1331 484 1400 Modo
501 1330 530 1385 in
549 1329 661 1399 Suevia3
680 1329 762 1384 dunin
780 1329 809 1382 in
827 1327 1006 1394 „ouantium
1026 1327 1062 1383 ad
1080 1329 1191 1384 Nicrum
1209 1335 1238 1382 at
1256 1329 1396 1396 Rhenum
1414 1328 1488 1384 Julio
1506 1328 1535 1382 in
1553 1329 1629 1382 Wet·
1684 1368 1688 1373 Α

277 1417 394 1482 teraris,
420 1417 588 1481 Palatinatn,
610 1415 856 1486 Wdrtterubergia3
882 1414 917 1470 ab
935 1418 1060 1484 Augusto
1078 1417 1106 1470 in
1126 1415 1270 1471 Octobrem
1288 1415 1316 1470 in
1335 1415 1496 1485 Charitinis,
1521 1415 1628 1480 Sutria,

277 1503 432 1576 Vindelico,
445 1505 469 1561 N
472 1504 591 1561 orembri
603 1505 631 1560 in
645 1503 784 1560 Vindelico
797 1511 825 1560 et
836 1505 861 1560 N
864 1504 937 1560 orico
949 1504 984 1558 ad
993 1505 1159 1568 Danubium
1171 1503 1315 1559 Decembri
1327 1503 1628 1572 inlustriasoperiore.

380 1596 437 1656 Die
468 1601 497 1657 8.
527 1597 626 1657 Martii
655 1596 849 1657 Ratisbonae:
894 1596 1056 1656 Consilium
1094 1612 1205 1656 novum
1242 1587 1312 1671 pro'
1329 1594 1432 1655 tabula
1466 1601 1624 1654 menstrua.

279 1690 329 1745 11.
352 1683 452 1743 Martii
482 1701 605 1746 eramen
632 1687 780 1762 praecepti
808 1685 911 1744 harum
943 1684 1067 1745 duarum
1093 1684 1261 1744 tabularum
1280 1686 1342 1757 (cir.
1363 1687 1416 1742 rol.
1436 1685 1482 1739 v1.
1509 1702 1535 1754 p.
1554 1684 1627 1754 ott).

278 1777 328 1834 20.
358 1771 458 1831 Martii
487 1771 667 1832 Ratisbonae
698 1774 866 1832 observatio
896 1773 1073 1848 aequinoctii
1105 1771 1249 1846 vernalia3
1281 1771 1337 1832 sub
1372 1777 1449 1830 tecto
1479 1767 1625 1828 artificiali

276 1876 364 1937 super
386 1859 488 1918 tabula
510 1861 609 1938 lignea
631 1868 759 1934 vetusta,
782 1858 820 1920 ad
844 1860 1050 1937 aequilibrium
1066 1868 1173 1934 erecta,
1196 1862 1300 1918 notavi
1322 1859 1360 1920 ab
1376 1858 1450 1917 hora
1468 1862 1516 1916 11.
1533 1872 1629 1931 usqne

276 1946 365 2007 adh.
392 1953 419 2006 1.
444 1949 523 2007 viam
552 1947 627 2007 radii
650 1947 728 2009 Solis
752 1965 803 2025 per
824 1947 1109 2008 foramerimmissl.
1154 1949 1332 2024 Frequentia
1361 1953 1470 2022 puueta
1491 1947 1521 2002 in
1544 1952 1626 2003 utro·

277 2052 334 2112 que
366 2033 477 2112 ellipsis
504 2038 635 2113 margine
662 2043 731 2096 sont
759 2037 846 2097 iacta.
892 2034 1004 2096 Prodiit
1034 2035 1084 2096 alt.
1107 2033 1186 2096 Solia
1214 2034 1375 2096 meridiana
1398 2031 1456 2092 40ο
1480 2029 1541 2106 54¹,
1572 2029 1624 2092 alt.

128 2179 129 2190 ,
161 2107 164 2118 ’
276 2125 443 2202 aequatoris
467 2121 525 2184 40⁰
547 2127 607 2196 bl‘,
631 2123 693 2200 poli
716 2121 773 2184 49⁰
796 2126 836 2183 θ’.

382 2217 411 2272 2.
442 2211 552 2289 Aprilis
581 2210 730 2288 Monachli
768 2209 964 2271 consideratio
995 2209 1188 2288 longitudinis
1219 2211 1287 2271 anni
1317 2207 1432 2269 siderei.
1485 2204 1625 2267 calculus

276 2296 429 2376 eclipsium
453 2299 710 2377 Babyloniorum,
733 2298 771 2358 ad
794 2299 1032 2358 constitutionem
1056 2301 1242 2375 antiquarum
1265 2298 1453 2373 epocharum.

383 2385 539 2462 Tubingae
562 2386 661 2463 Major
694 2386 752 2445 Pro
776 2387 990 2446 variatione
1013 2394 1151 2461 poterunt
1172 2385 1234 2445 fieri
1257 2384 1390 2460 rotulae;
1419 2385 1544 2444 extimus
1567 2384 1626 2442 eir-

276 2473 361 2536 oulus
385 2475 542 2534 immobilis
570 2475 660 2536 babet
690 2474 885 2549 variationes,
917 2476 1065 2550 proximus
1096 2473 1214 2534 mobilis
1242 2474 1371 2549 integros
1401 2471 1509 2549 gradus
1531 2472 1625 2546 primo

276 2571 434 2637 aequatae,
458 2565 572 2634 tertius,
594 2579 653 2622 nna
667 2561 794 2634 mobilis,
818 2561 1019 2620 additamenta
1041 2561 1206 2621 anomaliae
1220 2559 1336 2620 mediae
1359 2567 1469 2637 operta,
1493 2567 1624 2635 quartus,

275 2654 411 2724 intimus,
434 2651 607 2724 immobilis,
630 2648 808 2710 anomalianr
831 2656 1010 2708 menstruam
1033 2648 1164 2726 plenam3
1194 2649 1241 2708 hic
1263 2651 1293 2706 in
1317 2651 1413 2725 eapite
1436 2647 1526 2726 habet
1549 2647 1626 2704 inci·

274 2755 386 2812 suram,
417 2745 451 2798 ut
483 2737 657 2815 detegantur
687 2735 833 2813 scrupula.
873 2740 924 2793 His
942 2740 1064 2796 additum
1082 2739 1170 2794 irincii
1195 2753 1288 2794 mense
1305 2738 1463 2794 Novembri:
1493 2735 1538 2792 De
1570 2749 1624 2792 nau

273 2825 402 2899 rotulae,
438 2827 618 2884 rademirus
637 2828 827 2896 cohaerentia,
846 2833 962 2898 quorum
981 2842 1112 2882 summam
1131 2826 1200 2881 haec
1218 2825 1301 2880 habet
1319 2827 1459 2895 quaestio:
1494 2824 1540 2879 Au
1573 2837 1625 2897 per

275 2913 430 2973 distantias
462 2911 539 2972 Solis
567 2913 605 2971 ab
635 2918 770 2989 dpogaeo
793 2911 896 2971 Lunae
922 2909 1087 2972 iudicentur
1110 2911 1184 2987 justi
1213 2909 1290 2969 tituli
1320 2909 1390 2968 add.
1414 2917 1444 2968 et
1464 2909 1542 2970 subt
1571 2925 1624 2986 pro

274 3002 451 3077 aequatione
473 2999 644 3059 menstrua?
668 3005 727 3063 (cir.
745 3021 771 3070 p.
792 3007 843 3056 tot
862 3009 905 3064 ss.)

380 3087 453 3147 Gom
479 3091 528 3148 11.
551 3086 626 3162 Maji
648 3085 838 3147 Sinceardiae
869 3087 1017 3146 accinctus
1046 3093 1153 3145 starem
1185 3084 1223 3144 ad
1247 3082 1462 3146 observandam
1493 3083 1624 3160 eclipsin,

273 3175 372 3236 subito
403 3174 531 3234 nubibus
561 3177 668 3235 coortis
696 3182 758 3234 toto
791 3173 952 3234 durationis
981 3182 1112 3251 tempore
1141 3173 1240 3234 Solem
1269 3175 1299 3231 iu
1330 3174 1430 3232 nimbo
1462 3181 1526 3232 atra
1547 3181 1625 3232 tem·

273 3271 374 3341 pertas
398 3265 501 3322 tenuit.

258 3405 264 3418 .
379 3359 564 3416 Sohielrardns
582 3359 667 3415 relert
683 3361 862 3431 Berneggero,
881 3361 958 3416 initio
976 3360 1076 3415 mensis
1094 3359 1187 3415 Martii
1204 3349 1402 3430 praefationem
1419 3360 1447 3414 in
1465 3359 1564 3414 librum
1578 3359 1625 3416 IV.

234 3475 238 3490 ·
273 3449 416 3520 Epitomes
434 3447 575 3516 Tubingae
598 3463 727 3504 excusam
751 3465 820 3506 esse.
856 3448 1005 3520 Keplerum
1026 3463 1114 3518 nuper
1137 3447 1210 3503 ultra
1234 3447 1373 3504 octiduum
1392 3464 1471 3503 sunm
1489 3448 1626 3516 hospitem
1675 3479 1678 3485 ι

272 3537 366 3607 fnisse,
382 3536 439 3604 jam
457 3533 615 3591 discessisse
633 3536 811 3593 Ratisbonam
829 3539 864 3594 ad
883 3531 1026 3608 conjugem
1044 3551 1213 3608 puerperam.
1246 3537 1324 3591 Circa
1339 3536 1420 3591 finem
1439 3538 1539 3592 mensis
1551 3537 1627 3592 Junii

273 3624 308 3681 ad
326 3624 432 3692 aliquot
454 3621 511 3677 dies
529 3621 655 3694 Tubinga
678 3624 868 3696 stuttgartiam
893 3627 1050 3690 secessisse,
1074 3641 1162 3695 neque
1185 3625 1335 3694 Tubingam
1360 3623 1483 3682 rediisse.
1525 3625 1627 3690 ,Aiunt

243 3739 244 3744 ¹
271 3712 479 3770 Franooiortam
505 3709 612 3768 abiisse.
648 3713 693 3769 An
711 3715 876 3784 Argentiuae
900 3713 971 3769 clam
992 3721 1020 3770 te
1045 3711 1173 3782 latitarit,
1197 3713 1321 3782 equidem
1345 3713 1447 3782 ignoro.
1484 3713 1511 3768 Si
1531 3729 1560 3768 se
1579 3715 1626 3770 ab·

272 3799 348 3871 didit,
368 3798 465 3856 iecerit
482 3803 556 3853 eene
574 3815 628 3854 non
642 3800 775 3858 amicitiae
792 3809 856 3857 tuae
873 3803 972 3871 taedio,
991 3801 1040 3857 sed
1053 3802 1123 3856 forte
1135 3801 1265 3856 illiberali
1283 3801 1399 3870 quodam
1412 3799 1525 3870 pudore,
1544 3817 1626 3872 quem

272 3889 326 3959 ipsi
351 3885 497 3956 desperata
519 3887 613 3943 matris
636 3889 869 3958 conscinderet,
894 3896 922 3944 et
943 3896 1054 3960 praeter
1077 3905 1121 3944 me
1145 3889 1191 3944 alii
1214 3903 1324 3957 quoque
1349 3889 1455 3957 inipso
1474 3903 1564 3943 eorum
1583 3903 1626 3944 re·

272 3972 469 4046 prehendere.
488 4006 521 4014 -
978 4033 983 4045 ,
1076 4001 1082 4006 -

376 4061 509 4118 Permulti
532 4062 671 4136 eclipsiunr
691 4064 788 4123 cuculi
810 4067 858 4122 illo
881 4072 1004 4136 tempore
1022 4066 1140 4124 conlecti
1163 4071 1312 4133 testantur,
1335 4065 1406 4122 sient
1427 4064 1508 4121 etiam
1531 4063 1627 4120 literae

271 4149 305 4207 ad
334 4151 481 4219 Ordgernm
510 4150 590 4209 datae
617 4155 651 4223 (v.
678 4154 771 4224 inira),
801 4153 961 4211 fasciculum
992 4154 1148 4224 eclipsium,
1178 4169 1259 4224 quem
1290 4153 1462 4209 exhibuimus
1494 4151 1547 4207 vol.
1574 4152 1627 4208 ΙΙΙ.

271 4253 298 4311 p.
317 4239 464 4306 boo-ott,
485 4257 518 4296 ex
536 4249 614 4312 parte
633 4243 742 4313 quidem
760 4244 787 4298 in
805 4244 903 4298 itinere
921 4243 1157 4311 wurtembergiae
1176 4242 1328 4298 coniectum
1348 4255 1415 4297 esse.

318 4359 321 4382 ι
375 4335 419 4391 Ad
442 4335 513 4394 diem
533 4337 573 4394 12.
592 4339 666 4410 Sept.
690 4347 803 4396 annotat
821 4341 970 4410 Kepierue:
997 4335 1030 4395 In
1054 4352 1120 4395 aree
1142 4335 1241 4412 Kinga
1256 4329 1432 4416 (Koengen),
1457 4349 1534 4410 quae
1557 4349 1622 4394 rue-

273 4417 323 4479 dlo
347 4417 414 4479 loco
443 4422 518 4480 inter
540 4419 707 4501 Tubingam
731 4431 759 4484 et
782 4423 983 4484 Stuecardiam
1012 4421 1140 4483 deflectit
1164 4441 1198 4483 ex
1222 4425 1324 4482 itinere
1355 4421 1392 4481 ad
1416 4409 1572 4498 orient'em,
1596 4424 1625 4480 in

272 4503 393 4580 lrorrea,
424 4507 508 4585 cujus
541 4516 649 4572 tectum
680 4510 822 4572 derorum
854 4511 891 4571 ad
915 4511 1080 4586 meridiem,
1111 4519 1196 4586 porta
1218 4509 1255 4570 ad
1279 4513 1520 4586 septentrionem,
1545 4513 1625 4570 erexi

273 4594 427 4672 pyramide
451 4615 487 4656 ex
509 4600 627 4674 perticis
652 4601 779 4676 quinque
803 4607 833 4657 et
855 4615 953 4658 assere
977 4599 1066 4675 piano
1097 4599 1163 4663 loeo
1187 4609 1277 4658 serta.
1324 4597 1492 4674 Longitudo
1517 4599 1626 4658 asseris

273 4690 303 4742 et
325 4680 449 4742 duarum
472 4686 647 4760 perticarum
670 4685 808 4746 inclinate
831 4685 1051 4746 ascendentium
1075 4693 1138 4746 erat
1158 4685 1238 4767 ¹⁶5i
1259 4685 1416 4762 digitorum
1439 4688 1468 4743 in
1491 4687 1625 4758 singulis.

271 4767 387 4838 Deinde
410 4774 550 4832 constitui
571 4773 750 4852 triangulum
772 4772 953 4834 horisoniale
976 4775 1006 4832 in
1022 4773 1074 4835 tali
1091 4777 1289 4861 proportione,
1312 4782 1346 4834 ut
1361 4773 1522 4834 verticibus
1538 4774 1625 4836 bino·
