3588 5540
146 437 150 444 .
271 381 338 454 864
778 389 843 448 vita
858 388 974 450 termis
992 389 1112 462 Kepleri.

272 561 369 624 aliam.
398 563 441 622 iix
457 579 517 642 qno
532 567 609 625 enim
624 581 683 626 neu
705 566 793 644 hujus
815 577 929 631 tantum
951 567 1042 630 seculi
1065 567 1219 645 theologos
1240 567 1342 630 audiri
1364 573 1394 628 et
1415 567 1487 646 legi,
1510 565 1563 629 sed
1577 573 1621 628 tot

272 652 459 712 concionibus
475 663 504 712 et
518 655 633 731 scriptis
647 655 823 717 refutatoriis
839 661 868 716 in
883 657 1111 718 sollicitudinem
1134 657 1283 733 conjectus
1306 662 1336 717 et
1358 654 1396 716 ad
1418 658 1620 734 antiquitatem

271 739 358 798 etiam
375 738 550 800 audiendam
565 741 713 820 librosque
728 761 828 803 eorum
843 744 985 822 legendos
1001 745 1122 805 adactus
1145 761 1222 804 sum:
1242 744 1305 821 J'am
1327 761 1412 822 porro
1427 745 1622 821 competentia

272 827 350 903 apud
372 843 418 886 me
439 831 529 888 eritne
544 832 618 890 inter
633 830 785 890 ecclesiam
801 841 831 892 et
846 834 1010 894 ecclesiam.
1040 833 1147 893 l‘nteor
1168 832 1280 910 aliquid
1296 831 1401 892 debere
1423 835 1621 892 curiositatem

271 931 365 974 mam
381 919 547 976 auctoritati
563 917 713 993 ecclesiae,
729 927 760 979 at
774 919 826 980 illa
840 923 999 980 auctoritas
1013 937 1071 979 noo
1087 922 1214 994 moritur,
1239 921 1290 979 ubi
1312 918 1412 978 diviua
1430 919 1622 997 dispositione

270 1010 367 1062 exstat
381 1001 432 1062 illa
447 1006 619 1082 consignata
633 1007 663 1064 ln
679 1005 794 1084 scriptis
809 1018 932 1086 patrum.
961 1007 1064 1068 Debeo
1081 1007 1191 1084 aliquid
1207 1010 1280 1067 meis
1295 1009 1532 1084 praeceptoribus
1547 1023 1622 1084 qnos

271 1089 382 1166 audivi,
406 1089 499 1152 debeo
522 1093 589 1169 plus
612 1093 779 1170 Veteribus,
802 1098 853 1174 qui
877 1102 960 1158 erant
981 1097 1070 1173 positi
1093 1105 1176 1156 extra
1197 1096 1292 1156 aleam
1314 1105 1478 1154 nostrarum
1499 1103 1622 1155 eonten-

272 1179 392 1240 tionum.
438 1178 504 1240 Hoc
526 1198 623 1241 meum
647 1181 777 1241 debitum
799 1187 842 1244 sie
864 1184 1020 1260 dispertior
1042 1185 1116 1243 iuter
1138 1182 1221 1258 illos,
1245 1191 1277 1243 ut
1299 1182 1385 1242 lacile
1407 1183 1509 1244 eedem
1533 1199 1622 1242 aecu-

269 1269 383 1326 satiooe
399 1267 612 1342 modemorum,
636 1271 661 1328 sl
677 1271 732 1346 ipsi
748 1279 961 1347 protestentur,
984 1288 1017 1331 se
1031 1287 1088 1330 uon
1105 1273 1212 1330 sentire
1235 1277 1335 1330 eontra
1357 1277 1455 1348 patres
1471 1273 1499 1329 in
1514 1270 1621 1330 lunda·

270 1363 386 1426 manto,
416 1365 447 1414 at
472 1358 600 1416 vicissim
623 1359 763 1418 retineam
793 1359 957 1419 locutiones
982 1367 1112 1418 veterum
1135 1361 1164 1417 iu
1188 1357 1244 1418 boc
1267 1371 1325 1417 ono
1347 1358 1470 1418 articulo
1493 1358 1528 1417 de
1551 1375 1620 1434 per·

270 1442 466 1501 sonaChristi
488 1453 518 1504 et
540 1446 634 1504 caruis
658 1447 912 1523 omnipraesentia,
935 1463 993 1506 non
1017 1463 1130 1520 curans,
1154 1445 1258 1523 quales
1287 1448 1346 1506 sint
1369 1448 1397 1504 ln
1421 1447 1523 1506 ceteris
1545 1445 1622 1522 dog·

270 1531 413 1604 metibus,
442 1533 493 1607 qui
520 1531 623 1592 iisdem
653 1532 740 1594 hodie
770 1543 904 1594 utunturt
937 1551 1003 1594 cum
1030 1537 1135 1607 sciam,
1167 1543 1265 1610 patres
1294 1533 1362 1594 illes
1399 1533 1537 1593 habuisse
1566 1549 1622 1591 sua

271 1625 368 1677 aetate
392 1619 765 1681 manilestosliestorianos
788 1629 817 1683 et
832 1621 1040 1700 Eutychianos,
1064 1638 1159 1698 neque
1181 1630 1278 1681 minen
1302 1623 1330 1678 in
1354 1619 1521 1698 despectum
1537 1622 1622 1698 quasi

271 1697 483 1766 baereticorum
514 1715 566 1766 aut
596 1708 634 1768 ud
657 1708 805 1770 cavendos
834 1710 902 1769 illos
931 1707 1137 1769 abstinendum
1164 1709 1222 1769 albi
1253 1711 1401 1769 censuisse
1424 1708 1621 1768 locutionibus

272 1793 330 1852 illis
359 1797 429 1872 suis.
476 1795 580 1872 Itaque
611 1813 663 1872 per
691 1797 768 1858 hanc
797 1800 914 1857 unicam
943 1799 1160 1857 concessionem
1188 1796 1226 1860 D.
1255 1797 1293 1856 D.
1323 1797 1533 1873 Praeceptnres
1564 1797 1622 1855 mei

271 1879 356 1942 lacil'a
380 1881 515 1956 ellicient,
539 1891 570 1942 ut
587 1885 761 1944 exhibeatur
775 1887 845 1962 ipsis
860 1903 878 1945 a
894 1901 940 1946 me
955 1886 1049 1944 omnis
1071 1885 1233 1944 reverentia
1247 1893 1277 1944 et
1292 1885 1465 1961 obsequium
1480 1883 1622 1944 ecclesiae

272 1967 418 2042 debitum,
448 1971 474 2029 sl
496 1987 543 2030 me
571 1975 720 2048 patiantur
746 1972 903 2050 phrasibus
933 1981 1048 2050 patmm
1074 1980 1104 2033 et
1127 1972 1269 2032 ecelesiae
1303 1974 1409 2032 veteris
1431 1975 1461 2030 iu
1484 1972 1540 2031 hoe
1562 1987 1621 2030 uno

272 2057 397 2118 articulo
420 2059 473 2129 uti,
496 2075 551 2119 occ
572 2069 690 2138 propter
712 2060 769 2120 boe
791 2078 837 2120 me
860 2060 1016 2121 excludant
1041 2061 1253 2120 communione.
1297 2059 1373 2119 Nam
1398 2061 1439 2118 utl
1461 2059 1526 2120 sola
1548 2058 1623 2118 haec

272 2162 338 2206 urea
360 2144 490 2205 exclusio
513 2147 723 2224 inquietudinis
747 2148 817 2208 mihi
841 2151 935 2208 omnis
958 2157 1129 2222 causaest,
1156 2146 1396 2224 tranquillissimo
1419 2147 1493 2206 alias
1515 2147 1622 2220 lutare,

272 2234 314 2292 ita
337 2232 513 2294 exclusionis
536 2234 623 2311 hujus
646 2234 757 2296 nullam
780 2253 826 2296 mc
848 2251 968 2296 eausam
990 2236 1131 2312 praebere
1153 2239 1215 2295 seio
1238 2236 1327 2295 aliam
1341 2243 1455 2313 praeter
1470 2235 1546 2294 hunc
1569 2251 1623 2294 ex·

272 2323 446 2397 ceptionem.
490 2322 522 2383 Si
551 2323 610 2382 alia
640 2323 711 2382 mihi
740 2319 927 2402 generalibus
955 2324 1053 2383 verbis
1083 2324 1227 2383 intentata
1253 2322 1334 2384 luere
1361 2322 1541 2400 nimiost),
1571 2321 1623 2382 illa

272 2425 367 2487 neque
390 2409 514 2486 probata
536 2417 605 2470 sunt
626 2411 710 2472 lactis
734 2411 857 2472 dictisve
880 2412 961 2487 mels,
985 2427 1039 2471 nec
1062 2411 1162 2487 qualia
1184 2413 1243 2470 sint
1264 2413 1337 2470 eitra
1359 2409 1447 2470 talem
1470 2411 1624 2487 probatio-

272 2513 337 2556 nem
360 2513 415 2572 ego
439 2514 598 2573 agnoscere
621 2505 673 2557 aut
688 2515 792 2558 carere
814 2516 944 2576 possum,
968 2505 997 2558 et
1012 2500 1037 2558 si
1061 2497 1131 2575 quid
1154 2515 1210 2574 ego
1226 2496 1273 2558 vel
1289 2501 1439 2558 minimum
1452 2501 1534 2576 potui
1550 2498 1623 2556 snb·

272 2583 387 2644 odorari
411 2583 520 2644 dietum
551 2585 712 2659 laetumve,
741 2586 821 2664 quod
853 2591 924 2665 pitra
952 2603 1047 2646 meam
1075 2589 1265 2646 intentionem
1297 2587 1487 2647 offensionem
1518 2601 1622 2662 parare

270 2674 368 2750 potuit
398 2673 537 2749 quodque
568 2673 652 2734 salsa
680 2674 737 2734 hac
759 2677 845 2734 unica
867 2691 934 2733 mea
957 2677 1127 2751 exceptione
1159 2675 1256 2749 potuit
1285 2675 1394 2748 omitti,
1425 2674 1454 2734 id
1482 2674 1623 2732 hactenus

271 2758 374 2820 sedulo
398 2761 537 2820 intermisi
558 2779 714 2840 speroque,
736 2765 761 2820 sl
785 2761 832 2822 rel
857 2761 895 2821 ad
918 2759 993 2821 haue
1016 2762 1117 2821 horam
1140 2779 1233 2838 usqne
1255 2777 1313 2820 uon
1330 2761 1417 2838 plane
1433 2761 1461 2821 id
1478 2761 1621 2832 iecissem,

271 2849 297 2906 si
320 2855 417 2906 tamen
441 2865 475 2907 ex
500 2848 556 2908 hee
578 2859 709 2926 tempore
730 2848 761 2908 id
784 2867 830 2909 me
853 2850 995 2909 lecturum
1024 2852 1206 2927 promittam,
1237 2851 1434 2928 poenitentiae
1462 2849 1560 2910 locum
1589 2849 1622 2906 irl

271 2933 412 2994 relictum.
459 2933 571 3011 Quodsi
603 2941 690 2998 etiam
719 2937 838 3016 publica
868 2937 1073 3016 deprecatione
1101 2954 1175 3015 opus
1199 2944 1256 3011 est,
1289 2954 1354 2996 earn
1384 2954 1441 2997 nen
1471 2937 1622 3010 recusabo,

272 3019 429 3081 dnmmodo
453 3026 559 3084 crimen
577 3024 697 3102 aliquod
720 3026 883 3085 manifestis
905 3025 979 3083 meis
1003 3023 1088 3084 dictis
1110 3024 1233 3084 lactisre
1248 3025 1396 3103 probetur,
1420 3032 1449 3084 et
1465 3024 1622 3096 auditores,

272 3126 369 3170 eoram
393 3111 501 3186 quibus
525 3111 739 3190 deprecandum
762 3116 809 3186 sit,
834 3112 870 3172 de
894 3113 1028 3172 omuibus
1052 3114 1180 3172 criminis
1201 3115 1424 3173 circumstantiis
1447 3112 1624 3173 suilieienter

271 3214 290 3256 a
313 3215 359 3258 rue
383 3201 496 3274 possint
517 3199 675 3274 informari,
698 3217 734 3260 ne
758 3199 828 3278 quid
851 3217 916 3260 meo
940 3201 1056 3258 nomine
1075 3207 1259 3280 preponatur
1280 3199 1436 3274 eeclesiae,
1465 3199 1544 3277 quod
1568 3214 1623 3276 ego

201 3273 205 3296 ¹
272 3301 332 3344 uon
355 3302 493 3360 agnosce,
517 3303 592 3364 quae
616 3289 797 3366 hypocritica
819 3287 986 3365 deprecatio
1010 3295 1097 3348 esset.

377 3373 413 3430 Et
436 3375 587 3451 quiajam
610 3379 679 3434 anni
710 3383 779 3435 sunt
800 3384 912 3453 septem
935 3377 1056 3450 integri,
1085 3391 1136 3453 per
1158 3391 1233 3452 quos
1257 3374 1341 3435 durat
1363 3375 1437 3436 haec
1459 3375 1623 3452 suspensio,

274 3476 340 3520 cnm
362 3477 477 3537 semper
499 3463 689 3541 praetendant
711 3463 800 3540 hujus
822 3464 881 3523 loci
903 3465 1036 3534 ministri,
1060 3479 1092 3524 se
1115 3473 1233 3542 paratos
1256 3480 1321 3524 esse
1343 3481 1389 3523 me
1412 3464 1575 3536 admittere,
1599 3463 1623 3520 sl

273 3550 488 3608 sconsistorio
516 3549 565 3610 rel
593 3549 732 3612 facultate
757 3551 924 3628 theologica
946 3550 1189 3626 Wirtembergioa
1218 3551 1275 3610 hoe
1297 3553 1461 3628 impetrem,
1490 3567 1545 3610 nee
1569 3565 1624 3608 un·

273 3651 362 3712 quam
386 3635 456 3695 mihi
480 3640 676 3714 categoricum
699 3655 870 3717 responsum
893 3655 912 3697 a
934 3655 1083 3716 quoquam
1107 3637 1309 3714 theologorum
1332 3640 1419 3699 luerit
1442 3638 1556 3710 datum,
1588 3653 1625 3696 ex

273 3739 333 3800 quo
355 3725 474 3798 aeirem,
505 3741 541 3784 an
566 3723 692 3786 finaliter
713 3727 851 3787 exclusus
875 3728 930 3786 sim
953 3743 1044 3800 necne
1066 3723 1145 3806 (nam
1168 3729 1319 3804 responsio
1349 3729 1512 3787 corrsistorii
1537 3724 1624 3786 Stuc·

273 3810 403 3870 cardiani
425 3813 518 3888 primo
542 3827 619 3872 anno
643 3812 711 3873 data
726 3820 830 3890 (1612),
852 3814 983 3892 prolecta
1005 3821 1050 3874 est
1072 3829 1108 3873 ex
1130 3814 1208 3872 mela
1231 3815 1496 3889 informatione‚·et
1511 3815 1536 3872 sl
1554 3810 1624 3889 quid

274 3900 304 3958 in
328 3898 458 3959 etmihi
482 3900 594 3958 crimini
618 3898 718 3960 datum
742 3913 786 3961 ost
808 3919 891 3976 vere,
915 3901 944 3960 id
967 3917 1054 3980 spero
1076 3901 1217 3962 hactenns
1242 3901 1427 3962 emendatum
1452 3899 1542 3980 esse),
1566 3903 1625 3958 lta·

273 4004 332 4064 que
354 3987 424 4045 mihi
443 3987 506 4063 iam
529 3990 634 4048 iterato
657 4004 796 4066 responso
820 3989 868 4048 vel
891 3987 1009 4049 tandem
1026 4005 1100 4066 opus
1115 3991 1176 4062 erit,
1201 4005 1295 4066 neque
1319 3990 1387 4050 mihi
1412 3991 1466 4050 erit
1486 3989 1625 4049 cornmlt-

273 4073 402 4149 tendum,
427 4083 458 4134 ut
480 4078 534 4135 slus
557 4083 698 4154 perpetuo
722 4079 823 4136 rivum
846 4075 1031 4148 scandalum,
1063 4077 1115 4136 sed
1139 4077 1347 4137 occurrendum
1378 4079 1432 4138 erit
1454 4085 1483 4137 et
1506 4075 1574 4136 hnic
1596 4081 1626 4135 et

272 4163 368 4222 lamae
390 4161 516 4240 plurium
539 4161 704 4224 haeresium
728 4164 831 4224 mediis
854 4165 900 4236 lis,
925 4181 1001 4241 quae
1017 4172 1085 4224 sunt
1100 4168 1172 4226 meis
1188 4164 1404 4226 conditionibus
1418 4172 1623 4224 consentanea.

378 4247 418 4310 Ut
441 4259 538 4312 autem
563 4254 657 4312 omnis
687 4252 844 4313 dillicultaa
867 4255 1018 4328 omnisque
1042 4252 1217 4330 perplexitas
1249 4253 1384 4326 tollatur,
1415 4252 1500 4312 laeile
1528 4254 1626 4329 petest

274 4335 367 4398 dividi
389 4341 533 4416 quaestio.
579 4340 646 4400 Scio
670 4343 761 4400 vitam
784 4357 879 4400 meam
902 4355 960 4398 uon
983 4357 1071 4418 posse
1094 4342 1252 4400 examinari
1277 4343 1305 4398 in
1329 4335 1624 4416 wirtembergtati),

273 4426 324 4486 ubi
347 4443 401 4486 nee
423 4433 577 4488 accusator
607 4443 661 4487 nec
682 4445 749 4488 reus
780 4442 916 4505 praesens
940 4437 993 4489 est.
1037 4427 1099 4487 Nec
1122 4427 1158 4487 de
1181 4426 1237 4488 hac
1259 4429 1394 4505 quaestio
1417 4435 1477 4499 est,
1506 4425 1558 4487 sed
1589 4424 1625 4484 de

276 4511 461 4589 hecsolum,
484 4524 649 4576 ulmeae
672 4517 896 4593 praesentis
919 4515 1187 4576 contessionis
1215 4513 1387 4597 (utsonant
1416 4516 1506 4576 rerba
1528 4521 1625 4574 recto·

274 4616 338 4659 rum
360 4601 448 4679 hujus
471 4599 624 4684 ecclesiae)
646 4603 962 4682 approbationem
985 4606 1034 4684 (an
1058 4602 1171 4663 scillcet
1192 4609 1289 4664 stante
1311 4621 1348 4664 ea
1370 4600 1484 4690 admitti
1504 4596 1628 4682 possim)

379 4809 402 4876 ⁸]
421 4809 620 4862 Haleuraffarnsr
639 4811 679 4861 De
696 4811 775 4862 nuliis
792 4812 856 4861 mthl
873 4811 1021 4861 criminibus
1039 4816 1145 4868 runaut.

369 4875 408 4951 ⁸)
425 4879 591 4934 Balsmadarl
607 4881 757 4946 muriceis:
777 4883 862 4934 vitan
879 4893 997 4934 memus
1013 4895 1064 4934 uon
1081 4895 1196 4949 possum.
