3624 5554
279 425 344 498 oie
788 428 852 485 Vita
867 425 982 490 tonnis
998 426 1122 500 depleri

280 609 338 684 ipsi
368 609 554 668 consentiunt
583 605 713 682 mihique
743 609 921 685 suscipiendi
955 612 1066 672 itineris
1101 615 1236 670 auctores
1265 615 1296 672 et
1325 620 1462 670 suasores
1491 605 1633 668 existunt.

280 695 379 756 Unum
401 701 453 766 est,
476 696 508 752 in
531 712 590 770 qno
613 713 769 772 parumper
791 697 913 757 haerent
934 706 963 757 et
985 700 1014 756 in
1037 713 1097 773 quo
1119 695 1192 756 nihii
1207 697 1327 772 qnidam
1343 697 1398 773 ipsi
1415 700 1557 766 statuunt,
1581 692 1635 754 sed

280 801 364 844 suani
387 791 500 842 tantum
531 785 706 842 sententiam
730 784 890 864 dictantes,
921 802 981 846 rem
1009 787 1104 861 ipsam
1128 784 1343 845 Facultatis
1377 781 1633 856 theologicae
1683 824 1685 828 ,

280 872 400 930 arbitrio
424 870 612 944 subjecerunt
635 871 773 948 illiusque
789 871 919 931 'oonsilio
948 881 1025 932 stare
1055 872 1167 932 volunt.
1213 871 1319 931 Malint
1346 887 1468 946 nempe,
1497 887 1543 928 me
1567 885 1634 929 cum

280 961 352 1018 meis
375 957 559 1032 aequalibus,
584 959 658 1016 inter
681 976 756 1034 qnos
778 959 919 1018 hactenus
943 961 971 1015 in
996 958 1072 1020 hene
1095 977 1176 1035 spem
1199 961 1342 1020 enutritus
1365 976 1438 1030 snm,
1464 959 1493 1018 ιιι
1516 955 1634 1015 theolo-

279 1049 357 1122 giam
382 1047 548 1106 incumbere
578 1062 756 1122 operamque
787 1045 858 1106 olim
880 1046 1011 1106 adultam
1034 1046 1186 1110 Ecclesiae
1216 1047 1326 1106 oiierre.
1372 1045 1437 1106 Non
1467 1045 1573 1120 loquor
1597 1043 1634 1104 de

280 1133 377 1193 studio
402 1150 549 1190 sacrarum
572 1133 720 1194 literarum
743 1137 918 1210 praecipue,
948 1134 1028 1211 quod
1059 1133 1129 1194 mihi
1158 1152 1252 1211 usque
1282 1132 1357 1194 adeo
1376 1132 1541 1210 jucundum
1564 1131 1634 1190 iecit

203 1209 208 1238 ‘
280 1220 380 1279 divina
403 1223 507 1295 gratia,
531 1227 571 1292 ut,
596 1221 737 1296 quicquid
761 1221 879 1280 tandem
903 1221 1088 1294 demoliet,
1112 1221 1200 1283 modo
1223 1223 1265 1280 ita
1287 1220 1359 1280 mihi
1381 1227 1528 1296 protector
1551 1219 1634 1280 Deus

279 1325 381 1368 sanam
406 1315 532 1367 mentem
556 1317 585 1366 et
608 1309 773 1369 libertatem
795 1315 941 1386 proroget,
964 1326 1024 1369 non
1040 1311 1167 1384 cogitem
1190 1307 1264 1368 iilud
1280 1326 1408 1384 uuquam
1433 1309 1633 1368 intermittere.

279 1393 338 1455 Sed
362 1397 452 1454 oritur
476 1413 511 1456 ex
535 1395 692 1456 collatione
716 1396 838 1456 duorum
870 1399 948 1456 vitae
977 1412 1116 1474 generum
1147 1397 1221 1455 haec
1244 1394 1410 1456 difficultas.
1456 1395 1530 1454 Cum
1553 1396 1632 1455 enim

278 1491 365 1544 nemo
393 1484 450 1542 sibi
478 1482 534 1542 soli
561 1493 647 1543 natus
669 1486 722 1558 sit,
754 1484 806 1543 sed
828 1483 971 1544 talentum
993 1484 1119 1560 quilibet
1140 1486 1299 1560 acceperit,
1328 1501 1388 1560 quo
1417 1481 1484 1542 aliis
1512 1498 1632 1559 quoque

279 1572 385 1647 prosit:
411 1571 500 1631 tutius
523 1571 640 1646 qnidam
664 1572 829 1632 loerrerntur
852 1581 881 1632 et
903 1574 1052 1644 sincerius,
1077 1573 1125 1646 qui
1151 1573 1186 1630 iis
1209 1575 1237 1630 ιιι
1254 1573 1340 1632 rebus
1364 1575 1417 1641 est,
1442 1569 1548 1646 quibus
1565 1585 1633 1628 asse

277 1659 411 1734 jubatnr;
434 1658 574 1734 majorem
597 1667 694 1718 tamen
717 1662 841 1733 gratiam
864 1660 964 1738 habet,
987 1661 1038 1734 qui
1061 1658 1171 1732 decern,
1194 1677 1283 1734 quam
1307 1660 1356 1734 qui
1379 1666 1506 1734 quatuor
1521 1655 1634 1716 talenta

280 1747 469 1821 compararit.
516 1745 591 1804 Mihi
613 1763 683 1806 vero
707 1757 910 1822 praeterquam
935 1746 1013 1823 quod
1033 1747 1099 1822 jure
1122 1748 1286 1806 vocationis
1315 1745 1412 1804 aditus
1435 1743 1473 1802 ad
1504 1744 1634 1804 iunctio-

279 1850 347 1892 nem
371 1831 600 1892 ecclesiasticam
622 1840 718 1910 petet,
750 1837 867 1910 insuper
897 1836 984 1894 etiarn
1008 1833 1148 1894 Facultas
1171 1833 1354 1908 Theologica
1383 1839 1451 1891 ante
1484 1832 1633 1893 biennium

284 1919 426 1978 talentum
449 1937 545 1980 meum
569 1923 736 1981 aestimarit
758 1930 787 1981 at
809 1922 1016 1982 honestissimo
1033 1923 1200 1981 testimonio
1224 1921 1252 1978 in
1273 1921 1337 1994 ejus
1350 1919 1440 1980 studii
1454 1918 1634 1996 prorogandi

279 2006 443 2066 subsidium
466 2008 502 2068 de
526 2008 666 2070 Wiienais
695 2008 833 2086 stipendii
863 2012 1069 2086 prorogatione
1097 2008 1233 2085 providit.
1279 2006 1392 2083 Quodsi
1420 2009 1448 2064 in
1472 2006 1528 2066 hoc
1551 2008 1634 2068 vitae

278 2111 394 2172 genere,
421 2095 485 2154 Deo
505 2096 640 2170 juvante,
664 2103 762 2156 tantos
786 2113 940 2156 successus
962 2103 1084 2175 sperant
1104 2113 1178 2156 avus
1201 2113 1284 2154 meus
1306 2102 1445 2170 petemus
1468 2093 1635 2170 etreliqua

278 2184 500 2258 propinquitas,
524 2191 651 2259 quantos
674 2200 725 2244 eos
747 2201 865 2260 sperare
888 2183 953 2244 vult
974 2183 1076 2244 talium
1100 2185 1228 2243 virorum
1257 2184 1430 2242 auctoritas:
1462 2192 1634 2256 arrogantes

279 2269 398 2345 quidem
421 2287 472 2329 eos
496 2271 592 2330 dicere
615 2272 680 2347 quis
704 2273 806 2348 possit,
832 2261 966 2331 et'snam
990 2275 1089 2349 potius
1113 2287 1290 2346 suorumque
1313 2287 1402 2346 quam
1427 2269 1483 2330 Dei
1505 2269 1635 2344 gloriam

277 2364 307 2418 et
330 2356 478 2417 Ecclesiae
501 2357 686 2418 commodum
710 2367 893 2435 spectantem
925 2359 976 2420 sed
1005 2366 1082 2419 certe
1104 2361 1220 2418 veniam
1250 2358 1436 2418 merebuntur
1463 2354 1542 2432 apud
1571 2373 1634 2430 eos,

279 2447 330 2520 qui
354 2446 383 2502 in
406 2443 618 2505 humanitatem
649 2464 719 2522 erga
746 2464 817 2506 euos
844 2446 1012 2506 humaniter
1042 2451 1183 2508 statuunt.
1230 2445 1333 2524 Neque
1364 2451 1462 2504 tamen
1494 2443 1568 2504 baec
1596 2461 1633 2505 ec

276 2531 355 2591 diota
378 2531 483 2605 velim,
519 2535 603 2608 quasi
635 2533 692 2593 hoe
715 2542 888 2610 argumento
911 2552 958 2593 mc
988 2535 1105 2610 penitus
1132 2535 1171 2594 ab
1194 2533 1251 2593 hoc
1273 2534 1376 2592 itinere
1399 2530 1632 2591 dehortarentur.

276 2619 455 2678 Existimant
472 2623 569 2694 enim,
601 2637 666 2684 cum
689 2621 821 2697 alioquin
844 2623 933 2682 etiarn
956 2621 1028 2682 haec
1051 2639 1117 2682 mea
1141 2618 1187 2680 vel
1212 2626 1295 2680 setas
1319 2618 1367 2678 vel
1389 2620 1479 2678 iacies
1503 2618 1634 2678 nondum

274 2708 393 2782 penitus
415 2708 454 2765 sit
476 2715 547 2784 apta
561 2711 724 2783 suggestui,
749 2725 836 2784 posse
852 2709 922 2768 mihi
945 2709 1030 2769 tacite
1053 2710 1082 2766 ιιι
1105 2707 1196 2770 literis
1213 2705 1459 2767 commendatitiis
1482 2705 1569 2783 (quas
1594 2705 1633 2767 D.

278 2793 315 2850 D.
333 2793 531 2855 cancellarius
554 2795 656 2871 procul
679 2795 768 2854 dubio
793 2797 902 2856 scribet
923 2795 960 2856 ad
977 2797 1015 2856 D.
1031 2791 1308 2864 Zimmermaunum)
1331 2793 1368 2854 de
1390 2795 1528 2854 exercitio
1545 2793 1634 2854 thec-

275 2879 372 2956 logico
395 2885 537 2958 prospici,
569 2900 656 2959 posse
686 2901 732 2942 me
763 2885 900 2959 privatim
922 2883 1048 2944 lectione
1071 2883 1227 2942 bibliorum
1251 2879 1434 2957 aliorumque
1458 2883 1634 2959 scriptorum

275 2967 333 3027 hoc
354 2966 482 3028 studium
506 2973 685 3030 continuare.
732 2969 844 3044 Quodsi
867 2971 937 3030 mihi
960 2988 1011 3047 per
1033 2969 1147 3046 aliquot
1169 2985 1263 3029 annos
1286 2987 1351 3028 cum
1375 2971 1402 3028 in
1426 2967 1492 3041 hoc,
1517 2977 1576 3028 tum
1601 2969 1632 3026 in

277 3058 355 3114 omni
378 3073 484 3132 genere
508 3059 651 3116 bonorum
674 3066 826 3118 auctorum
849 3065 979 3129 versato,
1012 3065 1169 3133 postquam
1194 3055 1338 3132 judicium
1361 3053 1539 3128 adoleverit,
1564 3073 1634 3131 spes

275 3149 353 3202 esset
374 3143 502 3202 adeundi
526 3146 677 3204 ministerii
694 3144 794 3216 Verbi,
818 3152 908 3220 atque
930 3146 999 3204 mihi
1021 3144 1179 3204 diceretur:
1203 3143 1338 3220 Spartam
1362 3151 1466 3204 nactus
1489 3161 1529 3216 es,
1554 3143 1632 3204 banc

276 3231 362 3288 ornai
387 3230 468 3290 Deus
491 3231 577 3304 bone,
602 3251 692 3306 quam
715 3240 792 3292 esset
815 3231 888 3292 haec
912 3231 1039 3292 conditio
1064 3249 1099 3290 er
1122 3234 1253 3307 ipsorum
1275 3232 1429 3293 sententia.
1469 3230 1579 3290 Verum
1594 3248 1633 3290 ne

276 3316 433 3375 rideantur
454 3320 564 3394 pictum
588 3318 626 3378 ad
648 3337 733 3378 suum
756 3320 880 3380 lubitum
904 3319 964 3378 iiiio
987 3336 1041 3379 suo
1064 3317 1214 3394 postulare
1236 3325 1362 3393 statum,
1385 3313 1452 3378 ideo
1475 3336 1562 3394 super
1587 3318 1635 3378 his

273 3402 417 3480 judicium
449 3405 597 3466 facultatis
625 3406 824 3483 theologicae,
856 3418 888 3465 ut
915 3405 992 3478 dixi,
1023 3414 1203 3482 exspectant.
1248 3405 1325 3466 Nam
1347 3413 1377 3466 at
1406 3407 1513 3482 ingrati
1541 3405 1632 3465 futuri

277 3493 344 3563 sint,
368 3493 392 3549 si
417 3493 589 3553 inconsultis
613 3497 697 3553 vobis
721 3493 791 3554 mihi
814 3493 885 3569 quid
908 3495 1109 3570 praescribant
1130 3496 1159 3552 in
1183 3497 1219 3552 iis
1242 3492 1355 3566 studiis,
1380 3495 1409 3552 in
1432 3495 1541 3576 quibus
1564 3493 1632 3571 opi-

281 3578 431 3649 tulatores,
457 3577 614 3642 directores
639 3590 668 3641 ct
690 3589 895 3658 praeceptores
918 3582 1059 3642 hactenns
1082 3581 1195 3655 inistis3
1219 3588 1249 3639 et
1271 3580 1327 3642 boc
1350 3583 1446 3657 ipsum
1469 3581 1635 3654 consilinm,

267 3665 358 3742 ¹quod
387 3669 504 3744 scripsi,
527 3668 654 3727 fatentur
681 3671 739 3746 ipsi
762 3677 794 3728 ut
816 3668 944 3730 illiterati
967 3685 1026 3728 non
1049 3671 1166 3745 penitus
1189 3663 1365 3743 intelligere,
1390 3686 1425 3728 cx
1449 3686 1479 3728 re
1502 3669 1633 3728 loturum

277 3755 316 3812 sit
338 3771 393 3813 nec
415 3772 461 3826 ne,
485 3763 514 3814 ct
536 3755 636 3816 fierine
659 3759 753 3833 possit
775 3775 813 3816 an
836 3775 905 3818 ιιοιι.
946 3756 1021 3818 Suae
1037 3759 1126 3832 igitur
1142 3757 1349 3834 permanebis,
1372 3761 1516 3831 tanquam
1532 3756 1635 3816 altoris

276 3843 350 3904 meis
366 3843 536 3917 perentibus
551 3845 743 3917 committunt,
767 3853 805 3916 ct,
828 3847 892 3904 sivo
907 3843 963 3906 hoc
984 3845 1043 3919 jam
1061 3844 1169 3904 dictum
1184 3842 1320 3916 medinm,
1345 3845 1409 3904 sire
1424 3842 1506 3902 aliud
1523 3845 1634 3920 proba-

245 3939 248 3952 ·
278 3930 395 4002 veritis,
418 3937 512 3988 ratum
536 3930 697 3991 habebunt.
743 3931 922 3990 Pollicentnr
944 3935 1046 4005 ctiam,
1070 3949 1101 3992 se
1124 3931 1180 3990 hoc
1202 3947 1295 4007 genus
1319 3930 1470 4004 beneficii,
1494 3947 1630 4008 quacun-

278 4034 336 4093 que
359 4014 429 4076 date
451 4020 620 4090 occasione,
650 4019 759 4078 mutuis
790 4017 892 4079 officiis
920 4037 971 4095 pro
1001 4020 1078 4078 ririii
1101 4024 1350 4096 compensaturos.
1396 4017 1479 4078 Haec
1501 4019 1573 4078 mibi
1598 4037 1632 4079 er

277 4101 394 4164 illorum
416 4107 562 4166 sententia
584 4105 736 4166 reserenda
757 4114 847 4168 arant.
893 4105 1008 4166 Valetc.

592 4190 628 4250 R.
652 4193 689 4255 V.
713 4193 746 4255 Ε.

837 4279 1069 4355 subjectissimus

878 4366 1038 4444 discipulus

1217 4452 1261 4516 M.
1283 4452 1380 4514 Joan.
1404 4453 1530 4532 Kepler.

384 4638 532 4706 Collegium
551 4637 688 4694 facultatis
707 4638 876 4708 theologicae
895 4639 1083 4697 intercessisse
1100 4656 1150 4708 pro
1169 4640 1298 4712 Keplero,
1317 4656 1350 4696 ex
1369 4641 1423 4698 hoc
1434 4649 1511 4712 patet
1525 4645 1634 4703 decreto

279 4723 356 4778 rnen
374 4724 516 4796 raresco,
536 4727 560 4782 o.
581 4726 606 4782 u.
626 4707 656 4784 s*
670 4725 775 4782 unsri:
790 4767 797 4780 .
892 4726 953 4781 wir
971 4725 1060 4781 nonen
1079 4727 1182 4782 vnsers
1202 4727 1377 4798 supermae
1395 4729 1433 4784 m.
1452 4731 1478 4787 J.
1497 4731 1635 4802 sappes

279 4809 457 4879 underthttnig
476 4813 658 4882 supplicieren
676 4811 800 4868 beneben
820 4813 942 4870 Enerem
961 4813 1204 4880 Vnderschreibau,
1223 4815 1293 4871 anch
1311 4817 1346 4874 D.
1365 4817 1580 4876 Zimmermauus
1599 4837 1634 4876 au

280 4897 363 4959 Grata
381 4896 551 4972 eingclegten
570 4899 662 4972 Zedel,
682 4898 725 4956 die
743 4899 875 4974 erledigte
892 4901 1090 4970 professionem
1102 4901 1309 4966 mademarius
1329 4903 1450 4966 desclbst
1470 4905 1633 4980 betreffend,
