3516 5540
435 334 612 393 Summarinm
631 333 768 391 Historiae
785 333 976 392 Astronomiae
994 333 1086 390 seculo
1106 329 1178 392 xvi.
1277 337 1281 346 “
1421 333 1484 404 565

36 391 39 441 ι

134 508 219 578 bees
236 511 287 584 qni
304 511 505 583 dissentirent,
524 529 577 569 uon
595 519 626 570 ut
642 514 671 570 in
688 512 786 583 impios
797 509 1063 568 animadvertendum
1082 496 1143 566 esse
1161 515 1310 581 censerent,
1328 518 1418 568 umen
1436 516 1484 584 qni

138 597 345 670 evangelicorum
363 600 510 656 formulam
527 601 725 672 profitebantur
743 600 898 670 astronomi,
917 613 984 654 suae
1002 598 1134 654 ecclesiae
1153 598 1186 652 de
1204 599 1263 654 istis
1282 603 1363 656 rebus
1381 602 1483 672 placita

141 687 283 755 inpugnare
300 689 395 760 veriti,
415 695 464 744 ant
476 705 559 744 unum
571 689 726 758 prebebant
736 687 923 744 Ptolemaeum
935 692 983 740 aut
997 685 1208 755 Ooperuicaoam
1221 687 1361 758 rationem,
1380 690 1483 760 qnippe

147 790 201 842 qnae
215 777 320 846 pariter
339 793 374 831 ac
392 777 470 847 prior
486 777 555 831 ratio
574 775 649 831 coelo
668 775 857 845 sideribusque
875 776 1070 845 cognoscendis
1089 776 1244 846 inserviret,
1264 777 1329 832 viris
1347 777 1374 832 iu
1393 785 1481 834 astro·

149 864 220 918 nomia
234 863 351 919 colende
368 864 543 922 versantibus
566 879 619 920 non
637 865 749 934 insuper
774 862 926 929 habendam
952 879 1013 920 esse
1030 863 1228 933 concedebant,
1255 871 1334 920 etue
1352 881 1482 924 novarum

151 967 222 1007 arun
235 952 350 1008 studiosi
368 967 432 1008 esee
450 953 612 1021 dicerentur,
631 951 815 1008 Ptolemaeum
840 951 922 1022 vulgo
946 967 1001 1006 non
1023 951 1215 1022 negligendum
1241 967 1302 1008 esse
1329 954 1482 1011 suadebant

154 1056 191 1094 nec
204 1042 251 1096 nisi
266 1047 438 1097 ashonomos
456 1042 492 1097 ad
510 1040 726 1112 cognoscendam
745 1037 957 1107 Coperuicauanr
974 1038 1106 1094 rationem
1126 1038 1289 1108 compellere
1307 1040 1464 1098 studebant.

237 1128 272 1184 Ut
287 1143 351 1183 uero
370 1129 558 1198 Copernicaua
575 1129 646 1184 ratio
663 1144 718 1184 non
736 1125 860 1182 omnibns
878 1126 1049 1195 probaretur,
1068 1126 1154 1196 ipsius
1173 1127 1288 1182 maxime
1302 1129 1480 1197 Copernicani

159 1214 229 1282 operis
243 1215 327 1270 indole
345 1217 449 1271 iactum
468 1223 520 1273 est.
550 1216 725 1272 Astronomia
739 1214 795 1283 jam
813 1212 929 1282 primunr
947 1215 975 1268 in
988 1213 1147 1284 disciplinae
1165 1213 1278 1270 formam
1296 1216 1482 1289 rationemque

160 1301 247 1358 redich
259 1303 420 1374 leviorisque
438 1304 567 1359 momenti
584 1305 680 1375 rebus,
698 1318 748 1373 per
764 1307 852 1356 totum
870 1301 992 1357 seculum
1010 1301 1103 1369 cultis,
1125 1310 1255 1374 purgata,
1275 1306 1309 1360 ab
1329 1296 1481 1376 astrologo-

164 1405 209 1444 ιιι
222 1391 322 1446 somniis
340 1391 456 1461 aliisque
473 1390 571 1446 rationi
590 1405 673 1446 sanae
691 1392 778 1444 minus
797 1390 988 1445 consentaneis
1006 1389 1179 1468 opinionibus
1201 1405 1313 1461 prorsus
1332 1392 1481 1450 abhorrens

165 1491 268 1545 mamque
288 1477 407 1544 regulam
431 1479 650 1536 constantissime
668 1491 793 1541 servans,
815 1483 893 1532 tanta
915 1477 944 1532 in
967 1478 1048 1533 rebus
1073 1479 1218 1548 caudaque
1240 1479 1400 1550 indagandis
1419 1481 1481 1537 snb·

163 1562 238 1618 libate
252 1565 379 1636 utebatur,
398 1573 431 1622 nt
448 1571 666 1621 astronomorum
683 1563 792 1634 plurimi
810 1579 855 1619 res
873 1581 890 1620 a
909 1579 1012 1620 summo
1032 1566 1089 1619 viro
1108 1567 1277 1635 excogitatas
1294 1575 1323 1623 et
1341 1567 1482 1638 evigilatas

162 1651 280 1719 qma
294 1653 381 1708 animo
400 1660 613 1723 assequerentur
637 1658 685 1708 aut
708 1653 736 1706 in
760 1666 840 1706 usum
864 1665 943 1706 suurn
966 1658 1162 1710 converterent.
1194 1653 1373 1726 Philosophia
1391 1663 1481 1713 autern

162 1739 318 1810 timeum,
343 1757 398 1810 qua
420 1741 509 1796 omnis
526 1747 592 1796 tunc
610 1739 733 1794 doctrine
750 1737 954 1809 continebatur,
981 1755 1043 1794 cunr
1059 1740 1160 1796 Terrae
1179 1748 1282 1797 motum
1299 1745 1396 1800 rationi
1415 1761 1481 1802 snae

162 1827 331 1883 accommodare
348 1845 402 1884 non
421 1835 527 1898 posset,
546 1843 652 1884 errores
670 1826 775 1883 scilicet
787 1825 981 1896 Pythagoricos
1000 1827 1169 1897 repudiabat,
1189 1831 1368 1900 Goperniourn
1386 1833 1481 1908 eodem

161 1911 207 1968 loeo
225 1915 316 1972 babens
338 1933 392 1986 qno
416 1917 620 1986 Pythagoraaos
648 1913 849 1984 Aristarchum,
879 1913 1047 1982 Philolaum,
1077 1916 1266 1984 Heraclidem,
1297 1921 1480 1991 Ecphautum,

160 1999 237 2067 quibua
252 2003 362 2076 quidem,
381 2005 505 2074 quamvis
523 2020 580 2060 rem
597 2002 716 2058 nondum
736 2007 795 2058 arte
812 2000 1038 2058 concludentibus
1058 2010 1106 2058 aut
1125 2003 1347 2077 explanantibus,
1366 2009 1480 2078 primam

160 2103 211 2144 suae
224 2091 324 2156 udonis
342 2093 534 2161 cogitationem
552 2092 642 2146 aniam
660 2091 789 2158 injectam
807 2103 838 2144 se
856 2088 954 2144 debere
973 2090 1139 2159 Oopernicns
1157 2107 1212 2147 non
1231 2095 1348 2164 negarit.
1376 2097 1481 2161 ,Etiam

159 2191 213 2242 quae
227 2193 311 2234 nauca
325 2180 433 2236 inerant
446 2179 646 2248 Coperirioanae
657 2176 771 2246 rationi,
790 2176 865 2232 hand
882 2177 939 2231 seio
957 2191 992 2232 sn
1010 2193 1065 2246 quo
1086 2179 1175 2234 minus
1193 2178 1349 2250 vulgaretur
1368 2184 1481 2240 obstite-

158 2264 205 2318 rint
229 2266 289 2321 llam
305 2281 374 2337 quae
391 2267 443 2322 viri
460 2274 550 2322 aetate
568 2265 723 2335 superiores
741 2269 769 2319 et
782 2264 948 2334 Copornicus
966 2265 1026 2335 ipae
1049 2265 1259 2322 observaverant
1276 2270 1481 2343 ratiombusqna

156 2355 256 2410 henniis
275 2363 301 2410 et
323 2354 507 2411 subducendis
531 2352 645 2409 dimensi
668 2357 759 2419 mant,
784 2367 845 2406 cunr
870 2351 1011 2407 meliorum
1038 2352 1287 2422 instrumentorum¹
1305 2372 1357 2412 usu
1388 2367 1481 2416 essent

156 2441 262 2511 lsunrt
278 2443 363 2498 minna
381 2449 462 2504 erant
480 2448 584 2509 exacte,
603 2456 685 2510 quam
703 2439 802 2509 quibus
822 2439 971 2510 probabilis
985 2441 1182 2511 argumentatio
1201 2445 1353 2513 superstrui
1371 2455 1478 2520 posset;

156 2528 224 2597 quidi
238 2545 264 2585 ra
279 2531 431 2587 accuratius
449 2528 635 2595 considerata,
653 2525 747 2593 multa,
767 2543 852 2596 quum
870 2526 1032 2584 aceessisset
1042 2543 1109 2583 usus
1120 2529 1276 2600 perfectior,
1294 2547 1386 2588 avero
1399 2532 1481 2607 longa

155 2617 272 2674 aberrem
287 2619 421 2689 apparuit.
458 2618 583 2685 Denique
600 2629 671 2670 nova
693 2629 801 2685 quoquo
823 2614 893 2670 ratio
909 2613 1023 2682 babuit,
1051 2631 1122 2685 quae
1146 2631 1237 2672 secum
1254 2623 1406 2690 pugnantia
1423 2640 1480 2682 non

154 2703 267 2762 lumea
282 2721 405 2774 quaeque
422 2705 582 2760 obscuriora
599 2715 654 2758 uon
677 2701 835 2758 illustraret.
875 2695 1147 2771 „Inaequalitariousr
1174 2705 1246 2759 enirn
1263 2707 1291 2760 in
1308 2708 1479 2778 planetarum

153 2799 216 2847 notu
230 2800 256 2846 nt
270 2794 338 2848 nodo
356 2790 544 2862 inexplicabili
556 2790 723 2861 coperuicns
742 2788 871 2860 expedire
890 2804 920 2845 se
936 2789 1089 2861 nesciebat;
1108 2805 1163 2860 qua
1179 2791 1289 2862 quidem
1307 2794 1478 2869 difficultate,

154 2878 196 2932 nisi
210 2895 275 2934 suam
292 2883 423 2936 rationem
441 2885 506 2949 post
522 2877 716 2934 Ptolemaicam
731 2877 849 2946 relinqui
867 2873 957 2940 vellet
976 2875 1040 2945 qnia
1058 2877 1180 2946 expediri
1197 2893 1311 2936 necesse
1324 2889 1390 2952 erat,
1409 2885 1481 2942 hanc

152 2981 218 3020 unam
233 2968 295 3022 darn
311 2968 428 3034 invenit,
447 2974 478 3022 ut
495 2967 681 3022 Ptolemaeum
698 2966 790 3036 ipsum
808 2969 919 3022 secutum
943 2969 1083 3020 auctorem
1105 2965 1230 3034 planetas
1248 2971 1410 3028 excentriois
1429 2974 1480 3029 oir-

151 3052 208 3107 rnlis
218 3062 242 3110 ct
251 3057 372 3126 epicyclia
385 3057 467 3111 orbes
482 3069 546 3109 suos
558 3052 666 3108 volsere
679 3052 791 3109 diceret.
817 3051 878 3120 Quo
890 3048 964 3105 iacto
977 3053 1103 3120 qnoniam
1120 3061 1230 3123 praeter
1241 3071 1320 3128 nova,
1339 3057 1481 3117 oculorum

146 3139 234 3204 judicio
247 3143 436 3213 repugnantia,
460 3141 541 3198 etiam
564 3141 668 3210 priora,
693 3139 743 3196 sed
767 3139 861 3196 eadem
884 3138 942 3206 Jam
966 3137 1107 3196 intellectu
1130 3140 1284 3200 difficiliora
1300 3145 1329 3200 in
1347 3148 1480 3206 auxilinm

148 3230 250 3286 remia
260 3237 343 3300 aaut,
360 3231 389 3286 in
401 3228 444 3286 his
457 3227 522 3284 solis
535 3231 709 3297 acquiescere
727 3226 865 3282 malebant
882 3233 910 3280 at
927 3240 1029 3281 morem
1053 3228 1201 3297 antiquitus
1219 3231 1349 3287 traditum
1362 3249 1479 3294 amous.

235 3317 305 3373 ilaec
321 3319 349 3374 in
366 3333 452 3374 causa
467 3316 553 3372 fnisse
571 3315 709 3383 ridentur,
733 3321 764 3370 ut
782 3313 995 3383 (iopernicanam
1011 3316 1144 3370 rationein
1163 3317 1241 3372 multi
1259 3317 1368 3388 quidem
1386 3337 1478 3379 veram

145 3417 200 3459 erae
214 3403 392 3476 intelligerent,
411 3421 472 3462 sam
489 3419 552 3460 sero
570 3403 687 3474 probare
705 3402 862 3459 dubitarent
880 3413 993 3470 eamque
1012 3401 1093 3469 pauci
1112 3403 1199 3458 secuti
1223 3404 1286 3460 sint.
1318 3406 1372 3462 Per
1390 3414 1478 3467 totum

145 3489 196 3543 iera
212 3492 321 3550 seculum
338 3493 413 3551 xvi.
430 3507 533 3562 paucos
550 3491 702 3547 invenimus
720 3496 904 3557 astrcrmmos,
924 3489 971 3558 qui
988 3487 1073 3544 libere
1090 3505 1151 3543 cnm
1169 3489 1216 3545 illo
1234 3492 1293 3548 viro
1310 3493 1400 3550 iacere
1419 3501 1480 3554 anei

144 3583 209 3632 runt
239 3580 303 3636 Nam
321 3598 383 3638 cum
400 3580 511 3650 plurimi
527 3578 627 3647 ingenii
644 3576 716 3632 illius
734 3592 849 3633 acumen
866 3577 895 3632 in
909 3577 1078 3647 colendaqne
1090 3577 1282 3635 mathematica
1300 3584 1479 3643 subtilitatem

144 3665 323 3724 admirarentur
339 3669 477 3737 rebusque
496 3667 529 3722 ab
549 3682 581 3722 eo
599 3665 717 3720 inventis
741 3670 891 3735 uterentur,
910 3671 1021 3734 praeter
1041 3665 1059 3719 J
1066 3666 1258 3722 oachimnm
1275 3669 1477 3730 Rhaeticum

143 3761 200 3807 ante
210 3753 347 3825 Keplernru
358 3771 439 3810 nemo
451 3754 516 3824 init,
539 3753 585 3822 qni
597 3753 626 3808 in
643 3751 717 3807 libris
729 3752 786 3806 suis
798 3767 897 3809 novam
908 3754 1040 3808 rationem
1057 3753 1175 3822 ingenue
1194 3762 1222 3810 et
1238 3755 1325 3812 libere
1337 3760 1476 3828 probaret.

143 3841 294 3898 Erasmus
312 3840 539 3898 Reinholdus
559 3840 681 3908 quidem,
701 3837 893 3896 celeberrimus
910 3839 957 3896 ille
974 3841 1180 3898 Prutenicarnm
1199 3844 1355 3900 tabularum
1374 3855 1477 3919 auctor,

141 3945 198 3982 torn
213 3929 313 3985 tabulas
330 3946 395 3986 suas
414 3928 449 3984 ad
467 3929 680 3999 Oopernicanam
705 3927 839 3982 rationem
857 3927 1009 3999 retulisset,
1035 3930 1089 3985 utri
1106 3931 1211 3987 faveret
1228 3933 1326 3990 rationi
1343 3935 1477 3990 incertum

141 4015 245 4086 reliquit.
279 4019 450 4088 Casperus
473 4015 644 4072 Peucsrus
673 4021 780 4080 contre,
805 4015 1051 4085 „praetermissis“,
1079 4017 1179 4088 inquit,
1210 4021 1368 4088 ,copsmioi
1391 4022 1477 4091 hypo.

36 4143 37 4152 s
140 4103 258 4172 hmrbbs,
275 4122 308 4162 ne
320 4095 443 4161 nouitate
456 4103 628 4160 offendantur
639 4113 687 4160 aut
699 4103 896 4159 conturbentur
907 4095 1019 4169 tiones,
1037 4103 1138 4160 Terrae
1151 4105 1267 4163 mediam
1279 4108 1372 4163 mundi
1384 4106 1476 4163 sedem

37 4174 38 4189 ¹
141 4191 328 4262 armenum
353 4192 409 4248 alio
426 4191 502 4247 loco:
523 4193 566 4257 „in
585 4191 734 4261 copemico
753 4190 907 4247 absurditas
925 4189 1052 4258 offendit,
1076 4187 1166 4248 aliena
1183 4209 1200 4248 a
1217 4199 1306 4250 vero.t
1344 4193 1476 4251 Mauro-

141 4277 222 4347 lgent
239 4289 326 4337 autern
346 4279 487 4350 dignitatis
506 4294 572 4336 suae
590 4279 658 4334 adeo
676 4279 817 4335 immernor
835 4283 884 4346 est,
904 4283 935 4333 ut
952 4277 1042 4335 dicere
1060 4294 1114 4334 non
1134 4278 1255 4338 dubitet:
1283 4280 1432 4348 ,toleratur
1449 4291 1478 4341 et

138 4365 255 4424 liioolans
272 4369 456 4441 copernicus,
474 4368 520 4439 qui
538 4368 641 4424 scutica
659 4367 751 4436 potius
770 4373 818 4422 ant
835 4365 945 4436 flagello
963 4383 1045 4436 quam
1062 4371 1273 4438 reprehensione
1291 4370 1388 4438 dignus
1406 4378 1474 4428 eat.“

138 4453 242 4523 Tyabo
258 4457 412 4513 Braheus
431 4471 504 4521 vero,
522 4455 646 4512 Remus
665 4459 717 4517 (cir.
735 4453 1090 4524 r01.11up.1se),aliiqoe
1108 4455 1228 4526 plurimi,
1247 4461 1279 4510 ut
1297 4456 1476 4534 Oppernicum

49 4571 51 4593 ι
137 4541 227 4610 optime
242 4545 375 4601 nemisse
394 4541 431 4598 de
445 4541 609 4598 astronomia
627 4558 681 4597 non
700 4550 812 4611 negant,
837 4542 877 4596 ita
899 4542 934 4597 de
951 4541 1120 4612 repudianda
1136 4543 1210 4605 illins
1228 4543 1333 4599 ratione
1356 4562 1410 4602 uuo
1429 4564 1476 4604 ore

51 4610 52 4625 ¹
137 4633 301 4688 musentinnt.
339 4630 557 4688 Maestliuus
576 4631 700 4700 denique,
720 4646 774 4699 quo
786 4635 964 4699 praeceptore
975 4645 1042 4686 usus
1061 4637 1103 4686 est
1119 4629 1261 4699 Keplerus
1280 4637 1310 4686 ut
1328 4632 1477 4704 discipulos

135 4731 208 4774 norae
228 4721 343 4778 rationis
366 4717 525 4787 cognitione
546 4717 643 4774 imbuit
661 4725 689 4771 et
706 4716 799 4772 habita
822 4717 949 4773 initalia
976 4719 1097 4774 cretione
1116 4717 1239 4774 Galilaeo
1263 4719 1475 4790 Cepernicsuam

134 4807 244 4870 nucum
262 4825 360 4868 raram
380 4821 446 4868 ease
463 4805 632 4876 persuasisse
649 4803 820 4880 perhibetur,
846 4805 886 4864 ita
902 4805 931 4866 in
949 4806 1056 4886 scriptis
1073 4804 1130 4870 suis
1147 4804 1265 4876 priorem
1282 4809 1415 4882 rabonem
1433 4825 1475 4874 ee·
