3662 5544
271 388 338 466 770
716 335 719 341 1
781 385 1118 462 victorinumque

375 565 495 624 Primum
520 567 574 624 boc
591 581 665 624 anno
683 566 819 639 Keplerns
843 568 871 624 in
889 566 976 622 literis
993 565 1030 624 ad
1047 565 1223 622 Maestlinum
1246 563 1272 620 d.
1291 566 1335 622 31.
1353 564 1446 620 Martii
1465 563 1539 640 datis
1553 578 1626 620 men-

271 655 374 711 tionem
390 652 457 710 iacit
475 653 610 710 rororis
629 653 887 723 (astamorsel),
906 669 978 722 quae
990 651 1108 726 posthac
1120 654 1225 724 pastori
1236 651 1356 710 ltindero
1370 652 1471 721 nupsit,
1490 651 1626 706 scribens:

274 737 374 798 Causa
403 737 477 796 mibi
507 739 607 797 nuncii
630 735 764 798 mittendi
787 735 855 797 talis
885 746 945 810 est,
973 737 1004 796 in
1034 754 1094 813 qua
1122 735 1278 814 plurimum
1302 755 1321 798 a
1343 746 1372 796 te
1391 737 1490 813 juvari
1512 744 1626 814 potero.

270 823 394 884 Ambire
418 824 524 884 dicitnr
546 822 655 886 Jacobi
677 823 819 898 Kienlini,
843 826 894 902 qui
916 826 948 882 in
968 823 1078 886 lorensi
1091 823 1191 902 platea
1204 824 1329 897 habitat,
1353 823 1448 884 affinis
1462 827 1521 884 mei
1536 840 1628 900 nepos

271 930 307 972 ex
329 913 417 974 fratre
439 929 569 974 acrorem
589 931 684 974 rneam
701 911 1006 991 Margaretbam,
1029 929 1106 990 quae
1121 911 1235 989 Pragae
1250 930 1364 974 mecum
1386 913 1442 970 luit
1460 919 1527 972 ante
1543 911 1628 970 bien-

268 1001 360 1060 nium.
403 997 493 1062 Patre
518 1017 587 1062 ιιιι
617 1002 727 1063 amisso
758 1017 844 1062 nemo
874 1017 1004 1060 sororem
1032 1017 1129 1060 meam
1158 1002 1278 1078 propius
1309 1003 1429 1072 attinet,
1459 1008 1488 1059 et
1510 1000 1535 1058 si
1558 997 1672 1075 quid¹¹

270 1089 300 1148 in
322 1087 537 1166 praejudicium
559 1105 658 1150 meum
679 1089 793 1168 pepigit
815 1095 909 1148 mater
930 1105 1005 1162 mea,
1028 1105 1116 1164 qnam
1139 1087 1229 1148 audio
1251 1105 1344 1165 nuper
1359 1087 1513 1164 Tubingae
1527 1072 1629 1159 irrisae,

268 1173 299 1234 id
323 1179 497 1254 quantisper
518 1178 591 1236 citra
613 1180 722 1237 sororis
745 1193 899 1236 assensum
922 1176 1100 1248 factumest,
1123 1183 1218 1236 ratum
1236 1192 1294 1236 ιοι
1310 1176 1415 1236 babeo.
1455 1177 1494 1234 At
1509 1187 1540 1234 ut
1556 1192 1628 1233 enn-

271 1261 339 1323 silio
363 1270 393 1325 et
415 1267 591 1324 auctoritate
614 1267 722 1324 sororis
750 1266 900 1340 negotium
923 1280 1010 1340 agam
1032 1263 1160 1336 utiliter,
1191 1267 1261 1340 qnia
1288 1265 1394 1323 notitia
1415 1263 1542 1321 bominis
1564 1265 1628 1338 ipsc

269 1367 365 1426 careo,
391 1369 480 1430 cogor
502 1369 568 1412 eam
592 1369 610 1411 a
634 1353 799 1412 fautoribus
822 1354 895 1411 meis
910 1358 998 1426 teque
1013 1351 1154 1428 imprimis
1177 1360 1285 1432 petere.
1314 1351 1380 1410 Nou
1396 1367 1516 1428 possum
1532 1351 1628 1426 preci·

268 1439 325 1497 bus
349 1436 525 1500 contendere
549 1439 761 1514 vehementius,
785 1456 874 1514 quam
889 1456 907 1498 a
923 1445 951 1498 te
966 1433 1121 1512 contendo,
1145 1447 1177 1496 nt
1193 1439 1319 1498 bominis
1341 1438 1495 1509 fortunam,
1519 1437 1627 1496 lamam

266 1528 415 1604 animique
438 1525 614 1603 qualitates,
638 1537 785 1604 quatenus
807 1525 936 1586 futurum
960 1527 1112 1586 existimas
1134 1523 1207 1585 utile
1229 1529 1321 1586 sorori
1345 1543 1437 1598 meac,
1461 1523 1530 1584 mibi
1553 1542 1627 1602 ape·

268 1615 338 1686 rias,
360 1620 414 1674 aut
435 1623 579 1690 qnantum
602 1617 665 1690 ipse
688 1631 747 1674 non
770 1623 864 1692 potes,
888 1614 926 1672 ab
948 1615 1051 1672 amieis
1075 1609 1227 1674 commode
1244 1621 1329 1690 potes
1352 1621 1508 1688 tuumque,
1531 1613 1628 1672 lautor

271 1702 390 1777 optime,
415 1700 751 1780 consiliumadjungas.
788 1699 872 1776 Quae
896 1701 994 1760 omnia
1016 1702 1059 1759 uti
1081 1717 1139 1760 non
1161 1703 1266 1778 opinor
1289 1699 1390 1776 aliqua
1411 1719 1477 1760 eum
1491 1700 1628 1760 molestia

269 1787 318 1850 rel
340 1788 471 1866 periculo
494 1789 593 1863 scribi,
618 1791 658 1849 ita
681 1792 800 1867 insuper
822 1797 922 1848 sancte
945 1790 1098 1866 promitto,
1122 1806 1169 1848 me
1191 1788 1268 1848 clam
1291 1788 1469 1848 habitururn.
1516 1785 1628 1864 Opinor

269 1881 387 1952 autem,
421 1876 474 1936 tibi
510 1885 609 1936 notam
644 1895 709 1938 esse
743 1893 837 1936 meam
868 1877 1082 1954 integritatem,
1119 1883 1149 1936 et
1181 1874 1281 1952 vides,
1315 1874 1388 1936 nibil
1422 1894 1469 1935 me
1505 1879 1627 1949 curiose,

266 1961 340 2022 nibil
362 1971 479 2042 praeter
501 1964 659 2024 utilitatem
681 1966 790 2024 sororis
819 1981 902 2024 meae
932 1981 1082 2040 quaerere.
1127 1962 1259 2024 Nuncius
1290 1965 1472 2040 exspectabit
1502 1981 1627 2040 respon-

266 2065 342 2111 sum.
389 2048 465 2112 Vale
487 2049 664 2128 Praeceptor
688 2052 867 2112 charissime.
910 2051 1036 2127 Pragne.
1083 2050 1192 2110 Excell.
1217 2051 1301 2112 Tuae
1324 2053 1508 2128 gratissimus
1536 2051 1627 2110 disci·
1722 2109 1725 2116 ,

265 2136 356 2214 palus
386 2136 417 2198 J.
448 2137 569 2215 Kepler.
607 2171 651 2184 -
696 2141 874 2210 Maestlinus,
899 2141 939 2196 uti
962 2147 1151 2196 consueverat
1171 2142 1224 2199 hoc
1248 2149 1386 2212 tempore,
1414 2142 1452 2196 nil
1477 2141 1626 2212 respondit,

266 2223 363 2302 quod,
387 2235 419 2285 nt
441 2228 537 2284 scribit
554 2229 712 2300 Keplerus„
736 2228 881 2302 ingratam
911 2234 941 2284 et
971 2227 1165 2300 periculosam
1199 2225 1279 2289 dices
1316 2229 1467 2286 materiam
1494 2226 1628 2302 responsi
1658 2223 1661 2230 ’

266 2311 394 2373 1ι1ιιιιι
416 2313 515 2374 1ιίιιι.
561 2313 642 2390 Age,
668 2322 695 2373 tc
717 2311 810 2374 libero
833 2311 890 2372 bac
913 2314 1063 2385 molestia,
1091 2314 1190 2372 lorsan
1213 2316 1291 2375 enim
1310 2315 1374 2390 jam
1397 2330 1484 2390 porro
1507 2330 1628 2373 neeesse

270 2415 330 2459 non
353 2397 450 2478 ιη’)
495 2399 536 2459 At
559 2398 632 2458 illud
654 2407 741 2477 peto,
773 2409 806 2462 ut
827 2400 1007 2476 respondeas
1038 2399 1074 2460 de
1096 2401 1199 2477 eclipsi
1222 2401 1300 2463 Solis
1323 2411 1354 2461 et
1374 2405 1398 2460 si
1423 2405 1469 2461 vis
1492 2399 1528 2462 de
1551 2399 1628 2476 aliis,

272 2503 349 2564 quae
373 2486 443 2550 olim
464 2487 622 2565 petebam.
666 2489 728 2548 Aut
756 2504 838 2548 sume
867 2490 1019 2547 materiam
1049 2507 1084 2548 cx
1108 2486 1224 2565 Opticis
1255 2490 1327 2550 meis
1330 2531 1511 2552 ........
1557 2486 1628 2547 Jarn

271 2591 359 2651 agam
383 2583 480 2636 tesam
503 2577 656 2652 negotium
678 2577 836 2654 privatum.
882 2571 915 2652 ᾗ,
935 2569 982 2657 ll,
1009 2582 1033 2644 d
1058 2575 1283 2649 abscindebat,
1307 2585 1419 2636 restant
1442 2576 1509 2640 dno.
1531 2573 1628 2634 Moles

267 2661 340 2721 mibi
364 2662 531 2723 tabularum
555 2663 698 2722 incumbit
720 2665 786 2738 uni;
809 2660 949 2722 salarium
972 2663 1222 2738 impeditumest.
1265 2665 1367 2741 Nuper
1389 2671 1486 2724 tamen
1510 2663 1629 2722 vinculo

269 2749 453 2810 ordinantiae
476 2767 541 2810 sum
569 2749 607 2810 ad
634 2751 733 2810 aulam
756 2751 930 2824 adstrictus,
960 2751 1048 2810 rebus
1071 2753 1260 2828 pereuntibus
1283 2762 1312 2812 et
1334 2755 1403 2812 navi
1427 2750 1556 2830 scopulis
1572 2753 1629 2808 im-

268 2839 407 2911 minente,
432 2838 568 2898 omnibns
590 2835 628 2896 ad
653 2836 831 2899 enatandum
854 2837 1014 2896 discinctis.
1051 2837 1086 2896 ln
1108 2838 1165 2899 bac
1188 2838 1314 2900 colluvie
1338 2839 1454 2916 indigeo
1477 2833 1651 2899 studiosis'

267 2921 354 3000 Rogo
377 2923 418 2985 Η.
441 2923 477 2984 Τ.
501 2931 534 2984 ut
557 2925 695 3003 privatim
725 2931 755 2986 et
776 2927 802 2985 ai
824 2925 886 2985 lieri
916 2932 1015 3002 potest
1043 2927 1119 2986 clam
1147 2935 1218 3003 agat
1248 2945 1313 2987 cum
1344 2927 1491 3004 aliquibus
1513 2929 1628 3004 stipen-

268 3009 378 3086 diariis,
405 3027 480 3088 qnos
502 3010 626 3072 idoneos
648 3011 709 3072 lore
731 3021 820 3091 putas
844 3021 873 3073 et
895 3011 1024 3089 agilibus
1047 3015 1172 3090 ingeniis
1196 3015 1360 3092 praeditam
1382 3014 1424 3074 nil
1446 3017 1547 3088 refert,
1572 3015 1628 3074 etsi

270 3097 344 3156 nibil
368 3107 420 3159 aut
441 3115 545 3177 parum
568 3101 598 3158 in
621 3099 747 3170 mathesi
769 3099 961 3177 profecerint,
992 3098 1086 3160 solam
1115 3100 1249 3162 desidero
1273 3103 1463 3180 cupiditatem
1486 3102 1627 3162 discendi.

269 3185 303 3246 st
326 3185 362 3246 de
385 3186 438 3246 tali
468 3187 540 3244 mihi
572 3195 687 3249 constet
716 3187 839 3264 ejusque
868 3205 987 3247 manum
1019 3189 1160 3262 viderem,
1193 3189 1302 3251 adirem
1325 3209 1377 3270 per
1404 3191 1504 3250 literas
1527 3189 1627 3249 aulam

269 3271 416 3350 Principis
439 3273 707 3354 Wiirttenbergici,
738 3293 845 3352 rogans
868 3287 901 3335 ut
924 3293 990 3336 eum
1014 3277 1049 3334 iis
1072 3278 1235 3350 sumtibus,
1267 3280 1317 3355 qui
1342 3281 1370 3336 in
1393 3281 1488 3354 ipsum
1512 3280 1627 3355 impen-

269 3358 376 3419 duntur
398 3361 562 3438 Tubingae,
586 3362 665 3439 apud
688 3381 734 3424 me
750 3365 851 3423 vivore
867 3369 1024 3440 pateretur.
1053 3363 1197 3439 Insciens,
1221 3366 1272 3424 scd
1289 3369 1509 3444 promissionem
1533 3367 1628 3425 habeb

271 3466 292 3508 a
313 3465 419 3524 magno
443 3447 572 3526 quodam
595 3451 772 3511 consiliario.
811 3448 870 3511 Sed
890 3452 976 3528 cupio
1000 3454 1080 3528 prius
1105 3452 1141 3511 de
1164 3461 1243 3513 certa
1259 3455 1385 3530 quadam
1403 3471 1528 3530 persona
1547 3455 1629 3530 ajus-

273 3552 330 3612 quc
354 3534 546 3612 qualitatibus
570 3555 635 3597 esse
658 3546 771 3611 certus,
802 3555 890 3614 quarn
920 3555 967 3599 res
989 3540 1088 3615 palam
1111 3539 1171 3602 fiat.
1217 3541 1308 3619 Spero
1332 3560 1368 3602 ea
1391 3550 1419 3601 te
1446 3541 1629 3601 humanitate

273 3639 348 3698 esse,
371 3630 404 3683 nt
426 3621 463 3684 ad
487 3622 544 3683 boc
565 3625 672 3684 saltem
694 3634 834 3703 punctum
858 3641 979 3686 censeas
1000 3627 1245 3704 respondendnm.
1269 3629 1354 3689 Vale.
1381 3627 1626 3690 10.Jun.1606.

271 3717 339 3772 Cum
356 3715 518 3771 Maestlinus
537 3731 592 3770 non
609 3715 781 3786 rescriberet,
799 3715 936 3786 Keplerus
957 3733 1065 3786 quoqne
1077 3717 1225 3792 obmutuit;
1244 3721 1369 3790 proxima
1381 3721 1467 3791 ipsius
1480 3720 1515 3775 nd
1527 3721 1629 3776 Maest-

271 3802 358 3860 linum
376 3801 449 3874 data,
466 3819 536 3881 quae
554 3813 689 3874 superest,
709 3805 834 3876 epistola,
854 3806 957 3875 scripta
974 3813 1017 3861 est
1035 3823 1106 3876 anno
1126 3809 1201 3864 1613.

249 3905 252 3918 ¹
276 3927 280 3936 ·
375 3891 489 3947 Librum
508 3891 676 3976 defliltella
693 3892 787 3950 Nora
810 3893 865 3948 hoc
889 3908 960 3949 enno
984 3893 1088 3950 editnm
1113 3909 1174 3951 esse
1200 3893 1427 3966 supradiximus.
1463 3893 1495 3949 ln
1513 3897 1629 3966 epistola

274 3979 441 4037 dedicatoria
459 3978 494 4034 ad
512 3979 708 4050 Imperatorem
731 3979 910 4051 Rudolphum
927 3979 1004 4050 (data
1028 3981 1131 4051 ,pridie
1155 3981 1249 4039 Nonas
1274 3983 1478 4053 Septembrem)
1502 3984 1571 4040 haee
1595 3985 1629 4041 de

276 4097 485 4114 m

332 4171 339 4184 ·
380 4163 406 4236 *)
425 4166 527 4218 Besoldl
553 4181 656 4234 qnoque
679 4170 802 4219 auxilium
827 4171 933 4236 petiisse
951 4169 1087 4234 Ksplernm
1106 4171 1132 4220 ln
1151 4187 1178 4221 re
1202 4171 1382 4222 matrimoniali
1405 4175 1510 4240 sororis,
1534 4188 1564 4223 ex
1583 4162 1629 4223 bac

279 4237 382 4290 &scidi
399 4240 564 4302 responsione
582 4245 701 4304 apparet:
715 4277 721 4290 .
736 4279 743 4292 .
760 4279 786 4294 ..
817 4241 893 4302 Quod
911 4255 967 4289 eum
985 4243 1130 4290 testimonio
1150 4245 1250 4292 certiori
1268 4257 1320 4291 una
1333 4245 1465 4292 consilium
1484 4246 1511 4292 in
1530 4257 1557 4292 re
1574 4251 1627 4293 tam

273 4310 354 4360 ardna
370 4323 387 4359 a
405 4323 445 4358 ms
463 4310 568 4374 expetis,
587 4323 634 4374 pro
652 4311 764 4358 amicitia
788 4312 868 4371 magis
886 4316 973 4359 nostra
990 4325 1065 4374 qnam
1085 4313 1218 4375 prudentia
1236 4313 1310 4378 bots,
1335 4329 1364 4362 ac
1383 4315 1425 4380 lta,
1443 4329 1510 4378 quac
1528 4317 1627 4380 impru-

276 4380 363 4430 denter
380 4379 465 4429 loraan
490 4379 671 4447 superaddam,
694 4384 722 4428 ut
740 4395 757 4428 a
775 4380 882 4430 candido
905 4385 931 4430 st
953 4383 1050 4445 optimo
1074 4385 1191 4446 prolaeta
1214 4385 1300 4433 animo
1327 4385 1406 4446 babo,
1430 4399 1461 4433 ac
1483 4386 1562 4446 scias,
1590 4400 1628 4434 me

276 4447 409 4498 alunnum
428 4449 516 4514 illum,
539 4452 583 4512 qui
602 4464 711 4498 eororam
735 4456 803 4500 tuam
822 4453 848 4499 in
867 4453 1056 4501 matrimonium
1075 4458 1157 4518 aurat,
1181 4469 1231 4504 non
1250 4455 1319 4504 intus
1345 4467 1391 4503 nec
1409 4469 1510 4518 prorsas
1528 4457 1578 4504 nisi
1598 4451 1628 4504 de

275 4518 341 4568 laeie
359 4533 470 4570 noscere.
507 4519 542 4568 Ea
559 4533 606 4584 pro
624 4525 716 4580 astate,
734 4535 800 4584 qnae
819 4523 1048 4588 opportunissima,
1068 4527 1109 4572 snt
1127 4539 1252 4588 superque
1270 4521 1384 4590 elegans,
1404 4529 1501 4574 sutura
1515 4539 1628 4590 proceru,

277 4601 367 4652 corpus
385 4593 509 4654 vegetum,
528 4589 571 4638 ssd
589 4591 660 4652 lepos
681 4587 718 4654 (ut
735 4603 824 4654 parurn
842 4589 941 4650 elegans
960 4594 1096 4642 formarum
1116 4607 1172 4643 sum
1191 4595 1325 4659 spectator)
1344 4597 1370 4643 in
1383 4600 1454 4656 gestn
1471 4593 1628 4658 aliquantum

278 4655 371 4718 deficit,
390 4665 478 4724 estque
497 4660 572 4708 nlmls
589 4658 756 4708 ridiculorum
774 4673 878 4709 murum.
915 4664 1035 4710 Animum
1053 4665 1114 4713 baec
1132 4666 1292 4725 agrestiorem
1309 4667 1386 4730 paulo
1405 4671 1501 4729 notare,
1521 4679 1572 4714 non
1591 4671 1628 4713 ast

277 4727 346 4790 qnod
364 4733 389 4776 ta
406 4731 615 4792 physiognomon
633 4743 755 4782 moneam.
791 4729 926 4796 Fortunae,
944 4738 973 4781 ut
990 4738 1066 4796 puin,
1093 4741 1193 4798 tenues,
1221 4735 1265 4784 sad
1283 4737 1416 4800 ampliores
1434 4737 1582 4801 acquirendi
1600 4741 1628 4784 ut

279 4795 381 4858 quidem
399 4800 511 4865 occasio,
538 4799 577 4848 ita
598 4804 701 4864 propter
722 4801 840 4848 inertiam
865 4815 923 4864 spea
949 4807 986 4850 est
1011 4817 1061 4854 non
1082 4807 1120 4854 ita
1143 4805 1234 4870 ampla.
1271 4805 1355 4856 Nolim
1379 4811 1463 4856 tamen
1485 4806 1512 4854 id
1535 4811 1627 4854 temere

280 4865 372 4930 eredas,
390 4879 436 4916 nec
455 4870 521 4917 enlm
540 4869 653 4936 inspecta
671 4875 697 4918 at
714 4871 830 4920 mihimet
841 4877 971 4936 comperta
989 4875 1105 4942 suuncio,
1122 4875 1167 4925 sed
1180 4873 1304 4926 exrelatu
1322 4877 1408 4928 uxoris
1426 4889 1496 4927 mma
1514 4875 1580 4933 dico.
1594 4900 1626 4916 ··
