3662 5544
784 371 897 482 'ura
1417 469 1420 476 ,
1462 417 1526 490 rue

181 596 296 660 libellus
326 601 356 660 in
388 607 495 662 octava
516 599 674 672 Haueriae
698 608 743 664 esi
765 601 871 664 editus.
916 602 961 662 lix
984 599 1115 663 Zenobio
1145 601 1247 664 setalia
1270 601 1398 663 defendit
1421 603 1529 663 omnia.
1541 651 1545 682 ,

181 689 291 765 Scopas
313 704 397 748 meus
421 688 483 764 init,
506 692 651 752 neminem
674 692 758 766 sequi
780 700 895 768 prseter
910 689 939 753 S.
956 689 1078 764 Literna,
1095 692 1237 768 cujusque
1261 690 1317 750 loci
1340 691 1531 750 circumstan-

183 779 238 836 tias
260 778 409 852 pensitare
432 777 601 851 diligenter,
630 796 747 838 sensum
777 795 878 838 eruere
901 797 935 838 eu
957 777 1199 838 antecedentibus
1222 787 1251 838 et
1273 779 1530 852 consequentibus,

181 864 244 924 loca
268 867 354 924 unius
370 865 506 940 Apostoli
528 865 614 941 pluro
636 869 710 924 inter
732 883 764 925 se
787 875 817 926 et
839 883 904 925 curn
927 865 1001 926 locis
1018 866 1155 941 Apostoli
1170 865 1299 940 alterius,
1323 865 1447 942 denique
1463 883 1529 924 cum

184 951 290 1010 Christi
312 951 478 1012 Sernotoris
501 951 587 1012 dictis
610 969 789 1028 comparare.
835 951 912 1028 Quid
939 953 1061 1012 multis?
1100 951 1157 1014 Ubi
1184 953 1222 1013 ad
1251 953 1400 1027 fastigium
1424 955 1531 1012 montis

184 1041 284 1098 enisus
308 1041 518 1116 circumspicio,
544 1040 655 1100 video
678 1059 729 1100 me
750 1041 861 1115 juxta
883 1049 1159 1117 praeceptores
1182 1057 1283 1101 meos
1307 1049 1414 1101 stare.
1452 1039 1531 1100 Gra·

183 1128 286 1187 tulatio
302 1145 420 1203 magna,
443 1129 466 1187 si
483 1145 568 1188 nemo
585 1136 662 1188 esset
685 1147 723 1188 es
735 1128 791 1188 hoc
806 1145 936 1201 numero,
960 1130 1011 1204 qni
1034 1136 1085 1188 tue
1102 1131 1129 1186 in
1150 1131 1368 1189 continuatione
1383 1131 1533 1190 examinis

183 1218 372 1292 responsione
395 1232 482 1292 super
504 1217 616 1274 viribus
639 1225 668 1276 ει
690 1216 830 1298 esemplis
852 1233 911 1276 non
926 1223 1090 1276 renatorum
1108 1219 1259 1291 (numerus
1274 1216 1408 1276 loliorum
1424 1215 1533 1276 excidit

180 1312 210 1361 et
230 1303 337 1362 librum
360 1303 545 1362 commodato
569 1303 650 1380 dedi)
672 1305 846 1382 synergismi
869 1311 899 1364 ει
913 1303 1095 1381 philippismi
1119 1313 1313 1365 accusaretur.
1322 1303 1358 1380 *J
1389 1305 1433 1362 An
1450 1305 1531 1362 litcrn

181 1391 233 1449 tibi
256 1399 389 1450 moturus
412 1393 451 1450 sit
474 1395 590 1466 ignoro,
615 1399 691 1452 certe
713 1391 857 1452 Hutterus
879 1395 909 1450 in
932 1396 994 1452 auis
1017 1391 1264 1468 disputationibus
1286 1393 1426 1466 superiori
1451 1407 1528 1451 anno

181 1482 210 1536 in
234 1484 340 1538 octavo
364 1479 451 1538 editis
475 1481 606 1555 (privata
622 1481 698 1538 enim
712 1478 859 1555 colloquia
881 1487 911 1540 et
934 1479 1035 1540 literae
1051 1495 1116 1538 eum
1132 1480 1301 1540 auctoribus
1317 1480 1533 1556 supprimantur

181 1569 209 1624 iu
232 1569 383 1642 praesens)
407 1566 544 1644 Philippo
566 1567 648 1626 litem
671 1565 804 1640 intendit,
828 1568 908 1644 quod
931 1567 1062 1628 docuerit
1087 1569 1219 1646 „gratiae
1244 1567 1397 1642 Evangelii
1418 1576 1530 1642 perlem

181 1655 256 1714 hanc
279 1671 353 1728 csse,
378 1671 498 1730 arguere
522 1665 644 1730 peecata
667 1654 880 1732 terrore-illato
903 1663 932 1714 ει
946 1657 989 1716 ειε
1004 1654 1121 1714 tandem
1144 1655 1364 1731 perterrefactus
1380 1657 1533 1714 eonscien-

182 1743 237 1800 tiae
260 1741 405 1801 adducere
428 1741 466 1801 ad
489 1743 616 1802 Deum“.
663 1743 707 1802 Ex
730 1759 789 1820 quo
813 1741 969 1820 intelligis,
999 1749 1148 1802 auctorem
1171 1742 1250 1802 bunc
1270 1759 1330 1800 non
1352 1742 1439 1802 focile
1461 1759 1533 1802 con-

182 1847 330 1889 cessurum
352 1829 434 1888 iliam
457 1831 712 1907 praeparationem
734 1833 898 1890 animorum
919 1829 957 1891 ad
979 1847 1099 1907 regnum
1117 1830 1183 1904 Dei,
1206 1847 1295 1907 quarn
1319 1829 1407 1890 doces
1429 1832 1459 1890 in
1482 1847 1534 1892 ex·

181 1917 338 1993 plicatione
360 1919 443 1976 vocis
465 1939 637 1996 sseuypsrcr.

286 2003 365 2080 Quid
388 2021 457 2065 vero
480 2005 553 2065 baec
576 2003 614 2064 ad
641 2004 709 2064 me?
745 2005 856 2066 Tecum
878 2009 959 2065 enim*
985 2004 1133 2080 exclamo,
1163 2010 1267 2082 portae
1295 2005 1453 2065 interorum
1475 2021 1535 2065 uon

181 2092 394 2169 praevalebunt
415 2092 556 2152 aduersus
579 2092 656 2153 banc
672 2090 841 2167 doctrinam,
865 2095 976 2169 gratiae
992 2095 1208 2169 praevenientis
1230 2093 1295 2167 init,
1319 2101 1351 2152 ut
1373 2095 1537 2155 mitteretur

182 2179 313 2242 Joannes
337 2179 374 2238 ad
390 2179 560 2240 excitandos
583 2188 612 2240 et
635 2183 678 2242 sic
691 2197 781 2258 regno
796 2181 855 2242 Dei
869 2188 993 2242 venturo
1009 2180 1226 2259 praeparandos
1242 2181 1385 2241 homines.
1423 2180 1536 2242 Eadem

182 2271 312 2327 omnium
335 2267 545 2344 Apostolorum
567 2267 622 2326 init
645 2267 841 2329 cousuetudo:
875 2267 986 2328 Paulus
1009 2268 1134 2329 Athenis
1157 2269 1327 2345 auspicatur
1354 2285 1440 2329 susm
1462 2285 1536 2330 con-

182 2358 293 2416 cionem
318 2355 356 2415 ab
379 2355 575 2416 inculcatione
598 2355 735 2416 terribilis
753 2355 858 2432 judicii
880 2357 1016 2416 virorum
1039 2367 1070 2417 et
1092 2363 1269 2418 mortuorum
1294 2363 1349 2419 etc.

289 2441 415 2503 Occasio
439 2442 474 2502 de
498 2443 555 2504 hoc
579 2445 620 2502 tui
643 2443 710 2504 libri
732 2443 798 2504 loco
823 2443 986 2504 disserendi
1016 2443 1071 2503 iuit
1094 2463 1130 2504 ex
1158 2444 1341 2504 consessione
1365 2443 1536 2516 Bobcmiea,

182 2547 258 2606 quas
281 2533 311 2589 in
334 2530 400 2590 loco
424 2529 460 2592 de
484 2531 569 2590 bonis
593 2531 729 2606 operibus
752 2529 943 2607 appendicem
966 2533 1037 2592 iacit
1051 2529 1087 2591 de
1105 2533 1225 2608 justitia
1239 2531 1329 2602 civili,
1353 2547 1441 2607 quant
1466 2528 1536 2589 dili·

182 2626 283 2692 geniar
305 2619 459 2694 distinguit
481 2626 582 2678 contra
604 2617 655 2678 illa
677 2626 707 2679 et
729 2620 832 2678 tribuit
852 2617 980 2678 nondum
1003 2620 1121 2691 renatis,
1145 2622 1219 2680 inter
1241 2627 1354 2678 eeteros
1377 2634 1448 2676 usus
1471 2618 1536 2693 ejus

182 2707 259 2766 bunc
281 2706 385 2766 ultimo
409 2715 554 2766 recenset:
579 2708 783 2781 magistratum
799 2705 941 2768 ecclesiae
956 2705 1105 2766 addictum
1121 2707 1226 2767 debere
1242 2706 1321 2765 illan:
1339 2721 1441 2780 urgere
1455 2702 1536 2780 apud

182 2794 332 2868 subditos,
366 2803 400 2852 ut
422 2803 504 2854 tanto
531 2797 660 2871 aptiores
689 2793 818 2870 evpdent
848 2793 1036 2873 suscipiendo
1066 2795 1157 2854 verbo
1185 2793 1339 2869 Evangelii
1363 2803 1392 2851 et
1414 2791 1538 2868 Spiritui

182 2881 300 2942 Sancto.
346 2881 443 2941 Deum
466 2883 542 2944 enim
567 2899 641 2958 opus
663 2899 749 2942 suum
772 2898 830 2941 non
853 2880 931 2943 velle
952 2884 1066 2960 operari
1089 2883 1117 2938 in
1141 2880 1196 2952 his,
1219 2884 1272 2956 qui
1294 2886 1441 2940 contemta
1455 2878 1536 2938 civili
1566 2884 1569 2906 ¹

180 2971 295 3050 jnstflitis
318 2968 477 3030 belluinam
500 2973 592 3029 vitam
616 2977 714 3046 agant.
747 2969 821 3028 Cum
844 2970 873 3027 in
898 2976 961 3028 toto
976 2969 1159 3029 confessione
1172 2967 1420 3027 nuilnsoccurrat
1433 2963 1537 3051 titulus

182 3057 338 3134 peculiaris
368 3057 404 3117 de
431 3056 714 3133 praedestinatione,
747 3058 857 3132 scripta
881 3063 926 3116 eet
956 3059 1032 3116 enim
1055 3073 1132 3115 auno
1158 3059 1257 3136 15:⁷3¹
1290 3053 1420 3114 nondum
1443 3055 1538 3114 enatis

182 3143 299 3216 litibus,
331 3144 379 3204 hic
407 3151 504 3205 mmen
534 3145 641 3204 suffieit
668 3144 707 3204 ad
729 3142 905 3205 debellanda
922 3142 979 3204 ilia
1001 3145 1096 3204 stoica
1125 3151 1263 3205 monstra.
1308 3143 1345 3200 Et
1368 3151 1466 3201 :amen
1490 3143 1535 3214 iis,

183 3235 232 3308 qni
255 3232 293 3292 ad
317 3233 373 3290 hoc
397 3232 604 3294 debellatinnis
634 3250 707 3308 opus
731 3231 867 3292 conducti
890 3239 959 3292 sunt
981 3249 1146 3306 nomenque
1170 3229 1325 3301 dederunt,
1358 3246 1416 3288 non
1439 3229 1538 3305 placet

183 3319 229 3380 bie
251 3321 402 3392 articulus,
426 3327 580 3380 accusatur
602 3321 775 3397 synergismi
799 3327 829 3380 et
851 3336 916 3380 eum
932 3335 968 3382 eo
982 3327 1035 3380 tna
1050 3321 1140 3380 etiam
1163 3318 1328 3380 dicamini:
1350 3317 1533 3378 continuatio

183 3410 212 3466 in
234 3407 398 3467 subsidium
422 3406 557 3467 adducta.
602 3408 686 3468 Hae'u
708 3425 769 3486 pro.

287 3495 413 3555 Contra:
439 3495 568 3556 Examen
584 3513 680 3556 meum
696 3495 926 3574 disputationum
942 3493 1092 3556 Scheeieri
1107 3495 1261 3556 occasions
1281 3495 1439 3572 praeterita
1453 3491 1535 3554 volui

184 3583 296 3642 mittere
321 3581 457 3643 Giessam
488 3582 526 3642 ad
549 3583 726 3643 Monaesum.
772 3583 901 3642 Aiebant
924 3584 1015 3656 enirn,
1048 3590 1194 3660 promtum
1217 3599 1283 3642 esse
1306 3579 1344 3642 ed
1366 3580 1533 3658 huiusmodi

185 3671 393 3744 examinanda:
426 3679 602 3730 monuerunt
629 3679 725 3730 tamen
754 3671 900 3746 inspicere
918 3669 982 3745 ejus
1012 3675 1108 3730 tomos
1131 3669 1371 3748 disputationum.
1416 3669 1535 3746 Inspexi

185 3757 221 3816 ad
243 3767 423 3819 momentum
446 3759 525 3836 apud
548 3759 674 3818 amicum
699 3756 913 3818 discedentem:
933 3755 1052 3836 yidetnr
1068 3759 1186 3817 omnino
1201 3757 1278 3816 idern
1302 3758 1380 3834 quod
1397 3773 1451 3833 ego
1466 3774 1536 3817 sen·

185 3846 251 3921 tire:
275 3846 354 3922 qnod
377 3848 402 3904 si
427 3852 472 3906 est
492 3844 657 3924 (inspiciam
673 3848 749 3905 enim
766 3842 956 3922 diligentius),
983 3845 1163 3921 impossibile
1186 3852 1231 3906 cst
1254 3854 1288 3906 ut
1310 3845 1462 3904 vobiscum
1485 3862 1536 3923 per

185 3936 281 3992 omnia
304 3936 333 3990 in
358 3932 408 3991 illo
431 3932 554 3992 articulo
577 3935 694 3993 sentiet.
741 3933 816 3992 Ecce
847 3932 951 3992 iterum
982 3933 1133 3994 materiam
1159 3931 1249 3993 alicui
1277 3931 1400 3991 coneilio
1429 3931 1465 3990 ad
1488 3949 1535 3990 se-

185 4019 296 4080 dandas
319 4023 542 4092 controversias,
565 4023 590 4080 si
613 4022 759 4099 impetrari
784 4025 898 4097 posset,
928 4025 1042 4078 utnon
1066 4019 1251 4079 obstantibus
1274 4019 1536 4093 subscriptionibus

185 4108 258 4169 alter
280 4109 404 4168 aiterum
429 4109 547 4185 pacifice
570 4109 671 4168 erudire
695 4124 839 4184 suamque
861 4109 1035 4166 sententiam
1058 4105 1149 4167 libere
1171 4105 1300 4185 profiteri
1323 4110 1432 4182 posset.

289 4195 314 4256 Ο
338 4197 500 4272 sapientem
516 4196 573 4255 Dei
595 4199 780 4275 sapientiam,
804 4211 880 4270 quse
903 4195 987 4252 nobis
1011 4193 1151 4254 dissuasit
1172 4195 1290 4274 rabinos
1313 4191 1422 4264 audire,
1445 4189 1537 4250 idest

186 4283 235 4341 tali
258 4283 324 4344 loco
347 4283 458 4356 baberi,
480 4291 514 4343 ut
537 4282 615 4344 dicte
638 4291 738 4345 nostra
760 4285 819 4343 sint
842 4281 1019 4343 authentice.
1037 4281 1210 4341 iusidiatur
1225 4280 1353 4340 hnmana
1368 4281 1537 4354 arrogantia

186 4388 298 4446 perse,
322 4381 356 4431 ut
377 4389 462 4432 nemo
486 4371 579 4432 videri
603 4372 676 4432 velit
698 4387 818 4444 errasse,
843 4371 1079 4447 quantomagis,
1103 4371 1128 4429 si
1151 4368 1260 4428 habeat
1282 4373 1480 4447 praetextum,
1504 4375 1537 4426 nt

185 4458 373 4529 bonosiaci,
405 4458 529 4532 ordinis,
552 4461 635 4534 libri,
668 4461 808 4539 principie
831 4445 1018 4524 defendatur,
1046 4465 1079 4518 ut
1101 4455 1271 4517 scandalum
1293 4457 1412 4514 vitetru.
1458 4453 1537 4528 Quid

185 4549 276 4623 magis
299 4547 402 4612 obstat
422 4547 485 4608 sedi
500 4547 661 4624 Rcmsnse,
684 4563 744 4626 quo
758 4548 854 4608 minus
869 4543 965 4606 locum
981 4545 1031 4606 det
1045 4545 1210 4624 patefactae
1225 4543 1350 4618 variati,
1366 4557 1454 4618 quem
1470 4541 1536 4616 hoe,

284 4754 309 4824 ⁸)
326 4755 444 4806 Examen
461 4754 511 4804 and
530 4755 733 4817 (legen-Bericht
750 4755 812 4804 uber
830 4755 878 4803 den
896 4737 1078 4802 sussibrliclren
1090 4751 1192 4802 Berlcbt
1210 4749 1252 4798 der
1265 4745 1441 4799 Galrlnlscben
1452 4749 1534 4801 'l'beo-

183 4825 253 4888 logen
272 4843 302 4878 su
323 4825 497 4890 Heydelbsrg,
515 4841 580 4876 uses
598 4826 639 4876 die
658 4827 796 4876 reiormlrte
815 4825 924 4874 Kircben
942 4826 969 4872 in
987 4821 1157 4872 'l'sutsclrlsud
1174 4819 1289 4880 glauben.
1315 4819 1445 4881 iniringa
1456 4823 1535 4875 1008.

182 4897 310 4952 ummo
330 4897 504 4952 continuatio.
521 4897 559 4958 ib.
578 4898 657 4952 1⁶09.
693 4893 1074 4964 sumptuosarum.
1109 4890 1238 4942 numni:
1254 4889 1495 4950 acruminibus.
