3624 5554
236 427 304 498 722
705 479 711 498 ,
746 425 811 482 Vita
827 423 943 482 tornata
960 423 1081 496 Kepleri.

235 613 276 672 ab
292 606 437 670 'l'haleros
459 605 525 667 loco
543 611 583 667 30
598 605 783 682 florenorum,
808 621 884 684 quos
907 605 975 667 inde
990 623 1009 666 a
1024 607 1174 684 superiore
1197 621 1273 668 anuo
1298 605 1481 669 lieberteccio
1500 607 1590 671 debui

235 704 265 758 et
286 697 325 758 D.
348 695 452 774 'l'ycho
476 693 634 755 soluendus
656 701 841 773 susceperat,
870 694 941 754 mihi
971 697 1108 755 remittet.
1153 693 1185 754 st
1207 697 1334 772 pecunia
1353 695 1435 772 justo
1460 703 1593 776 tempore

233 790 409 858 numeretur,
433 778 590 843 obstrietus
613 799 663 843 ero
685 780 724 842 ad
747 783 895 843 biennium
918 791 1062 846 exactum.

340 878 391 934 12.
421 870 595 931 Procurabit
623 871 712 930 etiarn
740 869 811 930 milri
840 870 877 929 D.
901 870 1004 948 'I'yclru
1035 870 1175 932 salarium
1204 869 1283 949 apud
1313 870 1471 933 Caesarem
1502 889 1590 948 quem

232 961 358 1039 primum
381 958 444 1018 fieri
465 959 588 1036 poterit,
613 957 648 1018 de
672 975 731 1034 quo
753 960 908 1035 impetrato
930 965 960 1018 et
981 957 1111 1038 legitime
1133 976 1226 1036 pauso
1248 961 1403 1037 pecuniam
1425 961 1481 1038 ipsi
1504 963 1592 1022 resti-

233 1057 322 1124 tuam,
346 1064 434 1124 quam
459 1047 566 1123 quovis
588 1051 719 1122 tempore
741 1045 855 1106 dederit
877 1053 989 1106 mutuo.

335 1147 479 1204 iesseuius
492 1147 546 1217 (rel
559 1145 769 1214 Hoffmauuasil
782 1146 914 1216 quosdam
928 1147 1160 1216 paragraphorum
1172 1149 1354 1218 posteriorum
1365 1147 1489 1218 Tychoni
1501 1147 1590 1218 legen-

233 1237 283 1293 dos
301 1237 479 1306 proposuisse
501 1235 621 1305 ridetur3
645 1235 696 1290 sub
720 1235 802 1290 finem
825 1235 884 1290 lolii
908 1235 976 1290 recti
999 1236 1070 1290 euim
1093 1235 1206 1292 ultimae
1230 1237 1350 1306 paginae.
1368 1237 1507 1316 adscripta
1526 1245 1591 1292 sunt

233 1324 302 1380 haec
320 1322 411 1388 verba,
429 1322 509 1392 quasi
528 1337 562 1376 ex
581 1337 629 1378 ore
647 1321 800 1393 Typhonis:
819 1322 867 1378 tu
885 1339 970 1380 nuru.
988 1323 1015 1380 8.
1036 1323 1114 1390 ,Nou
1128 1331 1171 1380 est
1187 1325 1227 1379 ita
1239 1324 1376 1394 suspicax,
1396 1340 1445 1379 uec
1465 1325 1589 1381 liberalia

234 1411 344 1481 iupeuia
360 1417 418 1466 tam
436 1410 545 1467 servilia
561 1410 664 1477 reddit,
688 1427 749 1466 cum
766 1418 795 1467 et
813 1411 847 1466 ab
866 1410 1047 1468 illiberalibus
1065 1413 1132 1467 tatia
1150 1427 1233 1481 saepe
1255 1413 1376 1482 patiatur
1393 1413 1482 1482 iisque
1500 1413 1590 1469 indal-

237 1504 301 1572 peat
320 1514 353 1554 ae
370 1499 507 1568 patienter
523 1498 622 1556 ierat.“

339 1586 391 1642 Ad
408 1601 491 1642 num.
511 1587 536 1643 9.
573 1587 631 1653 ,De
644 1601 676 1641 oo
690 1585 863 1656 dispiciemus
881 1593 964 1658 prout
978 1603 1095 1660 acquum
1112 1588 1205 1648 fuerit.
1235 1590 1362 1660 Aequum
1382 1597 1472 1647 autem
1491 1597 1542 1661 est,
1560 1597 1592 1646 ut

238 1673 367 1745 quicquid
385 1672 437 1729 sub
455 1673 541 1744 ipatus
559 1673 670 1728 nomine
687 1674 787 1744 prodit,
805 1676 866 1744 ipso
885 1676 995 1732 conscio
1012 1674 1061 1732 fiat
1079 1681 1108 1730 et
1130 1676 1309 1746 apprehense.
1347 1678 1424 1734 Alias
1443 1693 1592 1749 agnoscere

239 1777 294 1816 nou
313 1768 407 1831 potest
425 1767 475 1817 aut
493 1760 654 1830 defendere,
675 1769 703 1818 et
720 1761 798 1817 tieret
814 1763 855 1818 illi
872 1761 947 1820 fraus
965 1769 1049 1834 atque
1067 1764 1179 1835 iujnria,
1199 1780 1216 1819 a
1234 1765 1333 1834 quibus
1350 1781 1460 1837 semper
1477 1767 1590 1822 alienis·

235 1849 321 1905 simus
338 1845 402 1904 iui‘
684 1847 686 1852 '

335 1936 384 1992 Ad
402 1953 486 1992 num.
506 1937 549 1994 10.
588 1937 725 2008 ,lpseuret
741 1953 803 1993 eunt
821 1939 939 1995 Domino
959 1937 1110 1996 Goraducio
1129 1939 1315 1998 commendari
1333 1947 1361 1998 et
1378 1941 1523 2012 aliquoties
1541 1943 1588 1999 ad·

231 2025 334 2096 monui,
352 2031 384 2079 ut
401 2024 477 2080 illum
495 2024 657 2096 accederet3
676 2041 817 2095 nunquam
834 2027 945 2084 minimo
958 2029 1041 2084 verbo
1055 2029 1171 2098 ostendi,
1191 2029 1257 2084 mibi
1269 2030 1405 2101 ingratum
1417 2031 1485 2087 iore.
1516 2029 1588 2086 Naar

232 2129 283 2182 epo
303 2113 338 2168 D.
358 2112 538 2168 Garaducium
556 2113 677 2183 suspicio
696 2120 724 2170 et
741 2115 858 2185 ipsemet
874 2115 903 2170 in
920 2117 1032 2187 propria
1050 2133 1169 2187 persona
1187 2117 1255 2173 talia
1273 2117 1300 2172 iu
1319 2117 1379 2187 ejus
1391 2117 1506 2187 gretiam
1518 2117 1590 2172 face·

230 2215 295 2256 rem.
315 2199 453 2257 -Accedet
470 2201 567 2271 igitur,
592 2201 702 2270 quoties
727 2201 837 2272 potierit
855 2205 889 2260 D.
911 2203 1079 2260 Coraduoius
1102 2205 1145 2260 vel
1162 2205 1215 2274 ipsi
1233 2204 1345 2261 libuerit
1361 2203 1491 2275 Keplere.
1528 2203 1589 2273 Quo

231 2291 294 2362 plus
312 2287 381 2346 lucri
403 2293 432 2344 et
453 2289 589 2345 commodi
605 2287 675 2344 inde·
687 2289 788 2346 habere
805 2292 939 2362 potuerit,
959 2307 991 2348 eo
1009 2291 1061 2348 sibi
1079 2291 1138 2348 fore
1155 2292 1268 2362 pauor.
1295 2293 1333 2348 Et
1352 2307 1401 2362 ego
1420 2309 1470 2363 pro
1488 2292 1591 2348 viribus

232 2377 426 2448 promovebo!

336 2464 385 2520 Ad
408 2480 491 2519 uum.
513 2465 557 2520 lt.
593 2464 673 2531 „Dixi
692 2479 735 2520 me
752 2473 958 2523 numeraturum
976 2465 1017 2522 illi
1035 2466 1088 2524 200
1110 2463 1230 2522 florenos
1255 2465 1394 2522 annuatim
1420 2473 1448 2521 et
1473 2465 1589 2535 siugulis

232 2553 298 2610 anui
316 2553 515 2623 quadrantibus
534 2553 694 2609 soluturum.
725 2553 785 2609 Hoc
802 2554 961 2624 praestabo.
986 2554 1024 2608 Et
1041 2553 1215 2609 inchoabitur
1233 2557 1343 2623 tempus
1361 2569 1378 2611 e
1396 2553 1517 2608 discessu
1532 2553 1590 2622 ejus

232 2657 248 2696 e
267 2641 365 2712 Styria,
384 2641 465 2698 sicuti
485 2641 567 2696 etiam
586 2641 688 2697 addixi.
723 2642 781 2697 Nec
799 2643 929 2712 peeuuia,
954 2657 1036 2711 quarn
1054 2640 1093 2694 illi
1111 2641 1216 2696 interea
1234 2655 1268 2696 ex
1287 2656 1348 2696 mea
1366 2641 1502 2710 concessi,
1522 2640 1588 2696 mihi

232 2730 330 2787 damno
354 2743 417 2784 esse
441 2727 535 2800 debet,
561 2746 623 2784 cum
648 2743 681 2784 ea
703 2727 765 2798 ipsa
789 2728 824 2783 de
846 2743 930 2784 eausa
952 2729 980 2784 id
1003 2727 1113 2783 fecerim
1139 2729 1244 2797 absque
1269 2743 1369 2796 magno
1395 2727 1587 2783 emolumento.

230 2817 413 2874 Particularia
437 2823 601 2872 tamennon
620 2831 746 2888 uumer03
771 2830 842 2887 quae
860 2833 878 2872 a
896 2818 1013 2872 Caesare
1028 2817 1070 2870 illi
1093 2815 1242 2885 impetrare
1260 2823 1392 2885 potuero,
1417 2816 1441 2870 si
1460 2829 1592 2896 summam

231 2907 304 2961 hauc
322 2903 462 2960 annuatim
481 2911 661 2975 exsuperant,
686 2904 714 2959 iu
734 2905 793 2974 ejus
811 2905 840 2960 id
858 2905 940 2961 cedat
957 2904 1076 2976 lueruru,
1101 2903 1144 2959 siu
1162 2901 1266 2973 minus,
1290 2919 1381 2957 meum
1398 2903 1430 2958 ar
1448 2903 1589 2959 damnum:

234 2994 331 3049 saltem
349 2992 488 3046 biennium
507 2991 642 3048 addicat.“

337 3079 415 3134 Folio
434 3093 513 3134 verso
532 3078 654 3147 ejusdem
672 3080 790 3149 paginae
808 3079 945 3150 Keplerus
963 3079 1079 3136 ulterius
1098 3079 1167 3134 haec
1184 3077 1321 3148 prioribus
1345 3078 1526 3148 paragraphis
1544 3077 1591 3132 ad·

235 3161 316 3218 didit:
352 3160 626 3236 conditiones,
657 3162 792 3240 quibus
822 3164 1036 3241 Magnifice
1066 3163 1224 3221 Domino
1264 3161 1439 3240 'lyelroui
1469 3162 1590 3221 Brahe
1643 3175 1648 3184 ’

233 3249 271 3305 iu
294 3244 571 3310 Astronomieie
595 3267 743 3327 operam
767 3267 877 3312 meam
901 3251 1097 3311 collocare
1119 3265 1277 3326 possum.

344 3343 371 3398 t.
397 3335 543 3414 Quicquid
560 3337 633 3396 mihi
649 3337 685 3396 D.
701 3337 805 3416 Tycha
827 3355 924 3398 rerum
947 3339 1208 3398 astronomicarum
1231 3335 1423 3410 mandaverit,
1447 3336 1475 3395 id
1493 3337 1591 3412 quoad

231 3438 285 3500 per
306 3423 506 3484 valetudinem
529 3424 645 3485 licuerit
667 3425 756 3504 (qrrae
779 3425 849 3484 mibi
873 3426 928 3485 sub
953 3426 1052 3502 aliquo
1077 3427 1208 3504 principe
1232 3424 1338 3484 damno
1360 3441 1419 3483 nou
1443 3425 1500 3502 eat)
1524 3424 1592 3483 dili-

232 3516 336 3586 genter
364 3510 529 3588 expediam.
582 3512 707 3589 lnsuper
736 3531 801 3573 mea
831 3521 936 3590 sponte
964 3515 994 3572 iu
1024 3515 1220 3572 astronomiae
1250 3511 1439 3590 'l'yehenicae
1468 3529 1590 3590 scopum

232 3613 348 3675 semper
376 3601 505 3658 intentus
535 3617 585 3659 ero
619 3617 713 3677 eoque
744 3600 942 3662 studiosorum
970 3603 1062 3678 ipsius
1093 3617 1211 3678 operas,
1239 3615 1291 3659 seu
1319 3601 1441 3660 absente
1473 3617 1509 3659 eo
1538 3617 1590 3660 seu

231 3694 395 3762 praesente,
419 3689 445 3747 si
468 3703 543 3764 opus
566 3697 611 3748 est
634 3689 677 3747 tta
700 3689 823 3764 dirigam
845 3688 1037 3766 proponendo
1061 3695 1089 3748 et
1113 3686 1309 3762 instituendo,
1334 3695 1367 3747 ut
1389 3696 1503 3764 tempus
1528 3689 1591 3748 sine

130 3861 134 3868 ι
232 3773 452 3851 impedimento,
479 3777 504 3835 si
528 3775 616 3836 modo
640 3775 741 3850 velint,
767 3778 841 3836 bene
865 3775 1009 3836 collocare
1032 3793 1147 3853 semper
1169 3777 1292 3852 possint.

277 3859 284 3868 '
336 3868 365 3922 2.
390 3862 437 3921 nd
461 3863 683 3923 observationes
706 3879 776 3923 rere
800 3881 864 3922 sum
887 3863 985 3923 hebeti
1009 3866 1085 3938 visu,
1110 3863 1148 3922 ad
1172 3862 1342 3922 mechanica
1363 3863 1467 3940 inepta
1489 3879 1588 3936 mauu,

231 3947 269 4010 ad
291 3952 411 4026 negotia
433 3949 594 4010 domestica
616 3959 646 4010 et
667 3949 788 4027 politica
811 3954 927 4012 curiosa
950 3958 980 4012 et
1002 3950 1148 4012 cholerica
1169 3956 1287 4023 natura,
1317 3949 1355 4010 ad
1377 3953 1517 4010 contiuua
1540 3969 1590 4012 se·

231 4037 358 4098 dandum
380 4037 563 4116 (praesertim
586 4036 662 4098 ultra
681 4037 794 4114 justum
817 4047 846 4099 et
868 4047 978 4098 statum
993 4047 1109 4114 tempus
1132 4039 1296 4114 epularum)
1318 4037 1432 4098 infirmo
1455 4055 1588 4115 corpure,

231 4129 319 4186 etiam
342 4142 407 4185 curn
432 4124 571 4184 ualetudo
595 4133 720 4185 constat.
750 4127 860 4186 Crebro
884 4127 954 4186 mihi
970 4124 1148 4206 surgendum
1172 4134 1201 4186 et
1218 4124 1439 4200 ambulandum,
1462 4124 1590 4186 tenenda

231 4223 371 4274 constans
392 4213 468 4271 ratio
491 4215 630 4288 temporis
653 4213 691 4272 ad
715 4212 852 4274 diaetam.

338 4307 367 4362 a.
392 4302 490 4377 Atque
513 4317 580 4360 curn
602 4302 695 4360 multa
717 4299 833 4360 soleant
856 4301 982 4362 incidere
1004 4301 1125 4361 lortuita
1140 4303 1337 4361 astronomica
1359 4303 1487 4378 negotia,
1512 4317 1587 4376 quae

232 4405 329 4448 moras
354 4389 498 4465 objiciunt
520 4385 558 4446 ad
580 4404 701 4466 scopum
725 4388 922 4462 tendentibus,
947 4389 983 4451 D.
999 4389 1103 4467 Tycha
1118 4389 1192 4447 mihi
1213 4387 1290 4448 hanc
1311 4388 1476 4450 libertatem
1491 4389 1588 4466 philo·

235 4477 387 4555 sophieam
420 4473 583 4552 indulgebit
611 4483 640 4536 et
663 4493 776 4537 meeum
807 4477 948 4554 partietur
970 4475 1064 4536 diem:
1098 4485 1130 4535 ut
1153 4478 1178 4535 si
1200 4475 1300 4554 placet
1328 4477 1589 4537 antemeridianum

235 4570 360 4642 ternpus,
384 4579 436 4640 per
460 4562 488 4621 id
512 4579 599 4639 agam
616 4564 755 4641 quiequid
772 4565 834 4641 ipse
850 4565 1079 4642 praescripserit,
1103 4567 1234 4624 vicissim
1249 4570 1316 4642 post
1331 4563 1480 4624 meridiem
1495 4581 1590 4624 meum

236 4665 345 4726 sequar
359 4651 478 4727 genium
495 4658 532 4724 et,
557 4659 589 4709 ut
612 4652 704 4724 soleo,
728 4651 818 4712 libere
841 4654 870 4712 in
887 4655 1016 4716 maurita
1032 4652 1209 4730 Tychonieis
1225 4655 1374 4712 versabor.
1414 4653 1459 4712 hc
1472 4659 1505 4712 ut
1519 4667 1591 4712 con-

233 4744 293 4798 stet
314 4737 469 4816 Tyohoni,
493 4754 541 4798 ma
564 4742 676 4815 operari
700 4748 762 4799 turn
785 4741 841 4816 ipsi
869 4757 926 4799 non
950 4739 1036 4815 mihi,
1064 4749 1184 4817 paratus
1207 4756 1273 4816 eru,
1305 4739 1342 4799 ad
1366 4757 1504 4818 resperas
1528 4741 1591 4799 sin-

231 4823 316 4904 gulas
339 4827 481 4886 rationem
505 4833 670 4888 transactae
694 4827 750 4888 diei
774 4825 903 4888 reddere.
