3612 5538
591 439 634 498 ns
650 439 744 498 amau
762 443 792 496 aa
810 439 1100 516 remaneatque.
1252 391 1265 420 ⁸
1459 439 1523 514 eet

178 621 244 684 dam
267 637 326 698 quo
348 621 494 700 Keplerus
515 635 602 696 anno,
625 620 774 682 nonnullis
796 619 885 682 modo
908 621 1055 682 mensibus
1078 631 1144 684 aute
1160 623 1314 701 'lubingae
1338 625 1374 684 nd
1399 623 1526 685 doctoris

176 708 298 788 gradum
325 715 485 787 promotus.
531 707 596 784 Qua
618 708 654 769 da
675 726 707 769 re
729 727 764 769 er
788 725 849 786 quo
879 707 994 768 haurire
1015 702 1136 788 ‘aliquid
1158 715 1320 790 possimus,
1351 712 1431 773 solus
1460 713 1525 771 lons

50 823 54 831 ·
176 807 245 858 aunt
267 801 437 869 tentamina,
461 797 569 872 qulbus
593 796 784 872 astrologicae
799 794 925 856 Cardani
941 797 1122 875 aliorumque
1144 800 1354 878 astrologorum
1377 798 1526 872 formulas,

177 901 251 962 quas
281 901 348 945 curn
375 888 407 945 in
435 884 533 962 styria
560 901 595 944 er
624 885 720 944 olficto
749 887 834 960 qnasi
863 883 1051 960 astrologiam
1083 894 1219 947 tractaret
1245 887 1437 948 assumendas
1462 903 1526 947 esse

178 972 330 1042 madebat,
354 971 391 1032 ad
414 987 498 1032 snam
521 973 628 1051 sitnm,
657 989 741 1030 suam
772 972 916 1031 fortunam
940 975 1055 1048 erigere
1078 981 1107 1032 et
1133 991 1299 1052 comparare
1330 983 1452 1036 conatus
1475 981 1528 1036 cst.

178 1059 243 1135 Quo
265 1063 295 1118 in
317 1059 418 1120 libello
442 1075 519 1118 anno
545 1065 637 1119 1597.
662 1061 771 1137 scripto
794 1058 830 1118 de
853 1059 972 1137 Kepleri
996 1073 1061 1119 cum
1084 1064 1185 1120 amicis
1208 1069 1236 1121 et
1258 1063 1432 1140 aequalibus
1455 1079 1528 1122 con-

176 1146 330 1208 suetudine
352 1148 425 1208 haec
447 1145 571 1223 legimus
593 1149 697 1224 partim
712 1163 784 1206 seua
798 1157 895 1206 mento
910 1149 1073 1226 conscripta
1088 1151 1191 1225 partim
1213 1167 1283 1209 sane
1297 1152 1427 1228 prolecta
1443 1151 1527 1228 quasi

177 1253 213 1296 ex
227 1245 325 1296 mente
340 1235 524 1312 astrologicis
539 1233 794 1312 superstitionibus
810 1251 960 1310 perversae
985 1235 1116 1294 Grnslo
1140 1253 1192 1313 par
1207 1235 1359 1313 diligentia
1373 1237 1526 1310 minutula,

176 1323 275 1384 labore
298 1322 386 1399 longe
400 1323 526 1395 interior,
546 1321 658 1397 judicio
674 1322 777 1398 major.
801 1321 971 1382 Laborabat
985 1321 1035 1382 ille
1051 1322 1225 1401 colligendo,
1249 1325 1297 1385 hic
1314 1331 1365 1400 (sc.
1378 1329 1528 1399 Keplorns]

177 1409 351 1488 separando,
372 1409 420 1469 ille
441 1417 576 1480 rastrum,
596 1409 644 1469 hic
659 1425 777 1468 cuneus.
815 1407 978 1468 Mercurius
994 1411 1022 1467 in
1038 1413 1162 1488 septima
1177 1417 1225 1481 (sc,
1245 1415 1333 1479 domo}
1350 1411 1528 1471 celeritatem

177 1507 206 1559 et
222 1498 330 1557 laboris
346 1497 454 1568 odium,
477 1499 548 1573 quia
569 1499 594 1554 is
611 1512 729 1574 qnoque
744 1495 831 1556 velox
855 1505 909 1570 ast,
933 1497 984 1556 Sol
1006 1500 1035 1555 ln
1058 1497 1155 1558 sextili
1171 1498 1288 1558 Saturni
1304 1497 1484 1574 diligentiam
1501 1504 1531 1558 et

57 1639 65 1650 .
176 1587 375 1646 tenacitatem.
413 1585 497 1645 Haec
512 1585 571 1643 dno
584 1591 653 1643 sunt
675 1587 702 1642 in
719 1581 878 1662 bomina*)
900 1587 1056 1664 contraria,
1080 1593 1219 1663 perpetuo
1243 1587 1391 1663 poenitere
1413 1595 1529 1661 tempus

178 1675 316 1734 amissum
331 1679 361 1732 et
374 1680 470 1732 tamen
488 1674 620 1732 amittere
636 1677 749 1747 sponte.
781 1671 941 1731 Mercurius
957 1674 1033 1732 enim
1045 1675 1122 1750 jocis
1136 1681 1165 1734 at
1179 1672 1250 1732 lusis
1268 1673 1395 1734 deditum
1412 1675 1481 1732 lacit
1501 1678 1530 1732 et

178 1761 420 1822 delectationibus
436 1760 545 1836 ingenii
561 1761 590 1816 ln
604 1759 692 1819 rebus
705 1758 874 1818 levioribus.
907 1757 1010 1818 Oresio
1027 1779 1096 1821 uero
1113 1761 1273 1822 Mercurius
1297 1765 1325 1820 ln
1341 1763 1466 1821 statione
1486 1765 1531 1820 est

178 1857 208 1910 et
229 1850 259 1907 in
282 1850 466 1924 oppositione
490 1847 616 1906 Saturni.
663 1845 757 1906 Credo
780 1845 970 1917 Mercurium,
1002 1864 1060 1924 qno
1084 1849 1203 1908 liberior
1224 1851 1261 1908 sit
1283 1847 1373 1911 radiis
1396 1848 1529 1921 aliorum,

179 1935 236 1995 hoc
257 1937 354 1993 minus
378 1941 544 2011 corruptum
567 1931 731 2010 siguificare
751 1933 912 2009 judicium,
942 1943 974 1992 ut
1004 1944 1033 1994 et
1061 1935 1231 1995 ascendens.
1279 1935 1410 2012 Exempli
1435 1937 1531 2012 gratia

178 2026 204 2083 sl
226 2022 402 2082 Mercurium
426 2021 550 2098 adspicit
573 2019 732 2095 Saturnus,
755 2021 924 2097 infrigidat,
948 2028 979 2080 ut
1001 2022 1141 2083 hebescat
1162 2025 1327 2100 ingenium,
1358 2027 1383 2083 si
1405 2021 1530 2101 Jupiter,

178 2111 330 2171 humectat
352 2119 382 2170 et
404 2108 539 2184 callaclt;
561 2107 622 2168 illic
644 2111 733 2183 igitur
755 2111 854 2169 omnia
877 2107 1031 2167 trahuntur
1053 2109 1090 2170 ad
1114 2109 1186 2170 lueri
1200 2111 1338 2182 studium,
1362 2111 1410 2171 bic
1433 2111 1531 2169 omnia

179 2198 216 2259 ad
239 2198 392 2257 honorum.
437 2197 469 2256 Sl
492 2196 572 2256 Mars
594 2195 728 2272 adspicit,
752 2203 785 2256 ut
807 2195 916 2268 mihi,
949 2199 1070 2258 nimium
1101 2205 1207 2273 terret;
1237 2201 1412 2276 praecipitat
1443 2197 1531 2274 igitur

179 2288 328 2362 ingenium
351 2292 381 2345 et
396 2283 433 2344 ad
449 2285 522 2344 iram
537 2284 620 2360 repit,
646 2282 682 2341 ad
697 2283 789 2358 lusus,
813 2283 851 2342 ad
873 2285 1060 2359 varietatem,
1084 2285 1151 2344 inde
1167 2285 1204 2345 ad
1221 2285 1365 2360 historias,
1390 2284 1427 2346 ad
1444 2284 1531 2360 bella,

179 2374 217 2434 ad
239 2373 403 2444 andaciam,
425 2371 463 2432 ad
485 2375 769 2450 nclnnpnypooonqn,
793 2387 868 2446 qnae
892 2374 991 2432 omnia
1013 2381 1082 2432 nato
1098 2371 1244 2450 adjacent,
1264 2374 1305 2434 ad
1329 2373 1533 2433 contradicen-

180 2461 259 2535 dum,
283 2460 321 2520 ad
344 2457 582 2536 impugnandum,
606 2457 644 2516 ad
666 2457 922 2534 reprehendendos
946 2474 1046 2520 omnes
1070 2459 1202 2535 ordines,
1227 2461 1263 2521 ad
1287 2465 1403 2522 criticos
1427 2477 1532 2520 mores.

181 2549 256 2608 Nam
279 2548 420 2620 notabile,
444 2544 585 2624 quicquid
608 2545 696 2604 bomo
719 2547 774 2604 iste
798 2545 867 2606 lecit
889 2548 918 2604 in
942 2547 1056 2622 studiis,
1080 2551 1175 2608 lacere
1197 2551 1226 2606 in
1250 2550 1532 2620 conversationibus,

180 2639 370 2713 impugnare,
402 2633 556 2708 insultare,
584 2632 729 2694 lacessere
757 2633 850 2693 malos
877 2650 984 2707 mores¹
1009 2636 1153 2711 cujusque
1186 2636 1322 2696 hominis.
1376 2635 1411 2695 ld
1445 2638 1533 2696 etiam

182 2722 396 2800 Ortholpho
427 2737 590 2782 commune.
636 2719 667 2778 Si
690 2720 777 2780 launa
797 2719 943 2782 Mercurio
963 2721 1266 2800 junctafingeniuns
1295 2731 1339 2784 est
1371 2723 1532 2798 humidum,

181 2811 314 2887 simplex,
339 2812 456 2882 bonum,
481 2815 513 2868 ot
535 2807 781 2882 Maegerlini.
820 2809 917 2868 Nota:
941 2808 1161 2885 Solsignidoat‚
1186 2827 1262 2888 quae
1286 2813 1533 2887 aceterissigni·

181 2898 306 2958 ficantur
328 2897 463 2974 planetis,
487 2899 587 2972 itaque
610 2896 700 2954 etiam
723 2895 761 2954 ad
783 2893 882 2956 Solem
912 2905 958 2956 est
978 2899 1009 2956 in
1032 2899 1150 2972 ingenio
1173 2899 1406 2974 respiciendum
1438 2899 1482 2958 slc
1504 2904 1533 2958 al
1624 2919 1630 2926 ·

181 2982 351 3055 ascendens,
375 3002 443 3043 nam
465 2983 613 3060 siguificat
636 2997 777 3059 corporea
800 2986 1002 3045 instrumenta.
1049 2983 1134 3046 linde
1158 2987 1187 3044 in
1212 2984 1393 3062 Ma'egcrllno
1416 2984 1535 3062 Jupiter

182 3075 211 3132 in
235 3079 310 3147 ortu,
334 3073 506 3132 Lenaeum
527 3071 673 3130 Mercurio
696 3071 857 3146 simplicem
881 3071 960 3134 lacit.
990 3073 1037 3132 lta
1060 3083 1089 3133 et
1112 3077 1140 3132 in
1164 3073 1252 3134 elllne
1275 3073 1533 3146 SimoneLuna,

181 3163 294 3232 Venus,
317 3159 378 3232 Sol,
401 3157 521 3236 Jupiter
544 3157 702 3234 conjuncti,
725 3157 898 3235 simplicem.

289 3248 334 3307 Ab
360 3249 477 3306 ineunte
501 3254 598 3305 aetate
621 3243 737 3304 luerunt
758 3246 827 3307 huic
850 3246 961 3306 homini
985 3245 1145 3307 adversarii
1170 3248 1272 3326 aliqui.
1317 3247 1432 3308 Primus
1448 3263 1534 3324 quem

182 3339 324 3400 memoria
338 3343 425 3394 teneo
441 3333 610 3410 Holpius
633 3335 853 3406 theobergeusis.
884 3339 938 3394 Cir.
961 3339 1127 3408 p.135s.).
1155 3339 1213 3395 imo
1229 3353 1328 3397 omrres
1350 3334 1533 3406 consodales,

181 3425 353 3495 Molltor,
385 3420 608 3481 Wielandus
636 3419 845 3496 Mulpronnae,
877 3431 906 3481 et
928 3423 1084 3502 'lubingae
1112 3421 1299 3484 Killlinua
1323 3426 1383 3497 (clr.
1407 3443 1435 3496 p.
1459 3425 1533 3496 ott),

181 3511 361 3576 Bebenhnsii
383 3515 458 3582 (sic.)
478 3509 727 3581 Braunbaum‚
752 3508 946 3586 Mulpronnae
970 3509 1307 3592 Ziegelbeuaerne.

286 3599 438 3658 Recenseo
470 3595 631 3662 diuturnos.
685 3595 887 3671 Tublngae
917 3597 1110 3674 Huldericus,
1146 3597 1301 3672 Seillerus,
1340 3595 1532 3674 Ortholphus‚

182 3685 427 3762 Adelbergae
450 3683 620 3758 Lendlinns,
644 3683 894 3759 Mnlpronnae
911 3685 1177 3762 spangenbergius,
1201 3685 1358 3759 Rebstoclr,
1381 3685 1532 3757 Huselius,

181 3777 378 3850 Tublugae
409 3773 567 3844 blenarus,
600 3773 772 3843 Dauherus,
801 3771 984 3846 Lorhardus,
1015 3783 1158 3853 cognatus
1180 3773 1324 3850 Jacgerus
1343 3776 1403 3843 (etr.
1426 3793 1452 3846 p.
1472 3776 1533 3842 679)

181 3864 232 3925 Jo.
257 3863 384 3937 Regius,
415 3859 563 3918 Munatius
586 3865 649 3932 (cfr.
667 3879 694 3932 p.
715 3861 793 3931 684),
816 3859 982 3935 Speidelios
1005 3866 1045 3936 (p.
1065 3867 1138 3934 691),
1166 3861 1313 3936 Zeilerus,
1336 3859 1387 3922 Jo.
1411 3858 1533 3919 Molitor

180 3951 283 4024 trater,
308 3948 433 4008 Grellius
456 3961 554 4017 socer,
578 3946 711 4025 plerique
733 3945 890 4023 aequales,
914 3948 1019 4024 reliqui
1044 3950 1118 4010 lorte
1141 3951 1169 4006 iu
1193 3967 1293 4012 causa.
1339 3947 1444 4022 ltaque
1467 3945 1534 4004 ani-

181 4055 246 4098 mus
274 4037 338 4113 ejus
369 4043 519 4094 exercetur
546 4037 576 4094 in
605 4035 835 4110 cogitationibus
866 4045 966 4094 contra
994 4035 1189 4098 adversarios.
1237 4035 1346 4097 Unde?
1385 4036 1431 4092 An
1462 4035 1534 4110 quia

183 4129 291 4200 virtuti,
310 4123 470 4201 profectui,
498 4120 674 4197 honoribus,
697 4120 830 4182 felicitati
853 4139 967 4198 semper
990 4124 1123 4186 aemuli?
1162 4125 1208 4183 An
1232 4127 1301 4201 quia
1324 4121 1375 4182 Sol
1399 4127 1428 4181 et
1451 4120 1533 4179 Mer-

179 4217 278 4276 curius
300 4213 330 4270 in
353 4207 501 4287 septima?
1203 4199 1209 4214 ’

285 4299 429 4374 Holpio
453 4313 566 4357 mecum
590 4297 626 4357 de
649 4295 820 4374 eruditionis
844 4297 983 4372 opinione
999 4299 1116 4362 occulta
1131 4299 1291 4360 contentio.
1328 4295 1358 4356 Is
1373 4313 1420 4356 ma
1435 4297 1532 4354 mani·

179 4391 253 4450 leste
278 4385 389 4458 oderat,
414 4401 525 4444 mecum
550 4386 595 4446 bis
618 4387 771 4462 pugnavit,
795 4384 886 4444 semel
911 4383 1090 4462 Leobergae,
1114 4385 1205 4448 semel
1228 4383 1411 4460 Mulpronae.
1444 4382 1533 4442 Post·
1576 4394 1578 4404 ¹

180 4493 270 4554 qnam
302 4475 342 4533 ibi
366 4473 449 4532 locus
472 4476 604 4547 superior
630 4473 699 4530 mihi
728 4472 828 4542 cessit,
860 4473 1000 4531 rediimus
1028 4476 1057 4531 in
1088 4475 1227 4552 gratinm3
1257 4471 1426 4545 desperarit
1455 4471 1532 4529 enim

179 4563 394 4640 restitutionem
418 4575 543 4634 cumque
566 4563 646 4637 prius
669 4575 784 4635 semper
806 4565 963 4632 metueret,
983 4559 1045 4635 jam
1069 4563 1146 4622 lacto
1170 4557 1248 4636 quod
1271 4564 1413 4616 metuerat
1435 4555 1533 4617 odisse

179 4650 370 4725 simulatque
385 4655 515 4708 metuere
531 4647 626 4707 desiit.
650 4649 817 4720 (Amicitiam
836 4650 990 4708 restitutam
1003 4657 1121 4708 testatur
1136 4651 1270 4718 ,Lessmt
1289 4649 1317 4703 iu
1330 4646 1433 4704 obitura
1446 4649 1533 4720 patris

196 4929 213 4980 h
281 4854 454 4978 weplm‘
481 4857 508 4904 lu
536 4855 584 4904 boc
611 4851 699 4904 libello
724 4868 823 4922 semper
850 4857 900 4906 lore
925 4855 956 4904 ds
980 4871 1006 4906 ss
1030 4855 1144 4920 loquitur
1167 4853 1238 4916 quael
1260 4853 1291 4902 de
1313 4854 1389 4902 tertia
1413 4868 1532 4920 persone:

181 4941 272 4993 ,omo
361 4965 367 4978 .
