3516 5540
299 400 374 476 '580
623 375 801 464 SummirIum
818 401 956 462 Historiae
973 401 1163 464 leuonomae
1180 401 1274 464 monio
1291 385 1367 464 xvi.

307 581 394 638 rende
411 588 454 639 est
471 581 650 652 istronomia,
679 596 760 652 quarn
779 581 935 654 de'integro
955 581 1167 640 exaedificanda.
1203 582 1377 640 Ptolemaeus
1399 579 1488 652 potuit
1511 577 1638 649 plerisque

307 677 430 728 veterum
446 671 613 741 hypotheses
638 671 673 728 ad
691 672 788 727 seriem
812 671 900 726 omnis
924 670 1088 728 diversitatis
1110 678 1246 742 motuum,
1270 687 1341 741 quae
1365 671 1418 728 eibi
1435 686 1470 726 ex
1487 669 1585 725 tenello
1601 671 1640 726 ob·

307 759 490 814 servationem
514 766 638 828 tempore
662 759 757 828 elapso
781 767 847 814 nota
870 767 942 828 erat,
966 760 1032 816 satis
1054 759 1186 816 condnnc
1209 759 1427 829 accommodare;
1451 759 1510 814 ideo
1531 763 1598 812 recle
1619 763 1642 811 et

307 845 456 916 prudenter
474 861 521 902 eas
540 847 624 917 elegit
640 847 819 918 hypotheses,
844 863 915 918 quae
934 855 962 904 et
978 848 1078 904 rationi
1100 848 1255 918 nostrisque
1273 847 1398 904 sensibus
1421 847 1507 915 magis
1524 858 1642 902 consonae

308 948 369 989 esse
387 935 557 1003 ridebantur,
576 941 604 989 et
622 935 720 1004 quibus
732 936 829 992 sommi
846 943 911 990 ante
929 951 990 990 eum
1008 935 1127 991 artifices
1145 936 1188 992 usi
1206 936 1324 996 luerent.
1350 937 1417 992 Cum
1434 941 1521 990 autem
1539 932 1643 988 omnium

240 1071 242 1074 .
308 1021 442 1078 artificum
460 1021 665 1079 ohservationes
684 1031 712 1079 et
729 1025 834 1082 coelum
852 1027 941 1094 ipsum
960 1041 993 1080 ac
1010 1013 1203 1080 m'athem'atica
1226 1025 1295 1080 ratic
1320 1041 1371 1080 noe
1389 1024 1559 1088 convincent,
1582 1016 1644 1088 quod

307 1108 457 1166 Ptolemaei
475 1117 503 1166 et
521 1125 677 1168 communes
695 1112 863 1182 hypotheses
881 1127 1052 1183 nequaquam
1070 1111 1107 1167 ad
1125 1119 1285 1182 perpetuam
1304 1111 1410 1181 sibique
1421 1109 1533 1164 inuicem
1546 1121 1645 1162 consen·

306 1197 418 1254 tientem
435 1196 637 1266 colligationem
648 1203 676 1254 ιι
687 1198 854 1254 harmoniam
872 1213 963 1254 rerum
980 1201 1139 1256 coelestium
1158 1197 1397 1255 demonstrandam
1413 1203 1442 1252 et
1458 1197 1487 1252 in
1503 1193 1604 1251 tabules
1619 1207 1646 1246 ac

307 1289 455 1355 praecepta
477 1284 659 1354 colligendam
681 1285 832 1351 sufficiant,
856 1302 968 1343 necesse
990 1286 1054 1354 ierit,
1080 1296 1112 1344 ut
1130 1289 1165 1345 D.
1183 1288 1349 1358 Praeceptor
1373 1301 1450 1342 meus
1475 1299 1557 1339 nores
1573 1283 1646 1352 hypo·

305 1373 398 1429 theses
417 1373 600 1442 excogitaret,
618 1375 716 1443 qulbus
735 1374 832 1444 positis
849 1375 919 1430 tales
932 1382 1054 1432 motuum
1068 1377 1186 1432 rationes
1198 1376 1360 1446 geometrice
1373 1383 1401 1430 et
1412 1372 1575 1444 arithmeu'ce
1587 1367 1648 1422 bone

307 1461 504 1530 consequentia
522 1461 681 1531 deduceret,
707 1463 802 1532 quales
827 1471 933 1519 veteres
958 1471 987 1520 et
1004 1463 1177 1520 Ptolemaeus
1202 1463 1266 1520 olim
1283 1485 1317 1532 tp
1335 1467 1399 1533 tuq
1418 1479 1500 1531 ψυχης
1517 1457 1604 1524 ὄμματι
1625 1455 1648 1508 Ῐῦ

307 1546 394 1603 ιΙιιιι
413 1549 511 1604 elevati
530 1548 775 1620 deprehenderunt,
794 1552 943 1621 qualesque
961 1551 1043 1608 hodie
1061 1561 1182 1608 veterum
1200 1550 1314 1620 vestigia
1331 1547 1522 1619 colligentibus
1539 1546 1566 1600 in
1582 1542 1649 1598 coelo

309 1649 371 1690 esse
389 1635 533 1706 diligentes
552 1637 755 1694 observationes
774 1639 896 1694 edocent
927 1638 972 1694 Sic
990 1640 1019 1694 in
1037 1645 1176 1708 posterum
1188 1639 1318 1696 ridebunt
1335 1636 1460 1706 studiosi,
1479 1648 1558 1704 quem
1569 1631 1648 1686 Ptole-

306 1736 403 1777 maces
421 1729 449 1777 et
465 1723 564 1790 reliqui
581 1731 688 1780 reteree
706 1733 831 1782 auctores
849 1741 929 1780 usum
946 1725 1075 1792 habeant,
1096 1743 1150 1796 quo
1162 1743 1209 1782 eos
1221 1727 1354 1782 hactenus
1367 1731 1497 1793 tanquam
1516 1737 1550 1775 ex
1561 1716 1650 1775 scholis

308 1809 434 1865 exclusos
452 1818 581 1866 revocent
599 1818 628 1868 et
645 1811 673 1868 in
690 1813 835 1882 pristinum
853 1813 985 1869 honorem
1003 1815 1175 1871 restituent.“
1208 1811 1357 1870 Sabinam
1371 1809 1504 1880 epistolae
1521 1805 1650 1868 Rusticus,

308 1897 387 1968 quasi
405 1913 540 1954 excusans
558 1900 738 1970 copernioum
756 1908 784 1955 et
802 1898 951 1958 defendens
969 1901 1045 1958 illum
1063 1910 1157 1958 contra
1170 1901 1352 1972 suspicionem
1370 1897 1499 1954 novitatis
1512 1893 1600 1961 studii,
1617 1891 1650 1944 sic

307 1983 442 2054 loquitur:
463 1987 567 2052 ,Velim
584 1993 612 2042 te
630 1986 664 2042 de
683 1989 716 2043 D.
729 1989 762 2044 D.
780 2003 841 2043 meo
859 1995 1036 2059 praeceptore
1054 1989 1106 2043 hcc
1121 1995 1251 2058 statuere,
1270 1989 1342 2058 apud
1355 2002 1416 2042 eum
1434 1985 1502 2040 nihil
1520 1981 1593 2054 prius
1609 1992 1652 2032 nec

308 2073 445 2143 antiquius
470 2089 531 2130 esse
554 2076 711 2146 quicquum,
739 2089 819 2147 quam
842 2075 963 2145 vestigiis
980 2074 1131 2131 Ptolemaei
1156 2083 1186 2132 ut
1210 2076 1319 2131 insistet
1341 2079 1369 2130 et
1392 2080 1499 2128 veteres
1524 2073 1651 2138 sequatur.

308 2157 379 2214 Dum
398 2166 490 2216 actem
506 2183 538 2215 τα
557 2185 710 2234 φαινομινα,
729 2177 799 2234 quae
816 2171 1002 2220 astronomum
1019 2174 1130 2234 regunt,
1149 2173 1177 2220 et
1193 2161 1386 2218 mathematica
1403 2175 1434 2215 se
1451 2172 1549 2228 cogere
1566 2151 1653 2210 intelli·

308 2255 392 2314 geret,
411 2250 547 2318 quaedam
565 2259 675 2320 praeter
692 2251 861 2308 voluntatem
885 2252 967 2309 etiam
983 2261 1015 2308 ut
1038 2259 1170 2322 sumeret,
1196 2253 1263 2308 satie
1286 2251 1393 2306 iuterim
1419 2263 1481 2302 esse
1499 2242 1614 2316 putavit,
1635 2238 1653 2291 si

308 2333 403 2390 ιιιιιιι
421 2343 480 2392 arte
497 2337 526 2392 in
544 2337 660 2394 eundem
678 2353 790 2410 scopum
816 2355 878 2395 cum
896 2340 1052 2396 Ptolemaeo
1076 2341 1132 2396 telo
1155 2355 1205 2396 sua
1229 2339 1369 2407 dirigeret,
1398 2335 1505 2390 etiamsi
1528 2344 1616 2386 arcum
1632 2331 1655 2377 et

310 2421 366 2477 tela
384 2438 418 2477 ex
437 2423 518 2492 longe
536 2425 589 2480 ulio
611 2427 741 2481 materiae
760 2442 860 2498 genere
877 2441 960 2497 quem
978 2426 1024 2481 ille
1042 2433 1203 2484 assumeret.
1239 2427 1374 2492 Ceterum,
1395 2421 1468 2492 quod
1487 2413 1602 2476 alienum
1620 2421 1656 2468 est

310 2509 345 2564 ab
363 2510 472 2583 ingenio
491 2512 556 2569 boni
574 2514 732 2584 cujuslibet,
756 2513 873 2570 maxime
891 2528 954 2570 vero
973 2528 990 2568 a
1008 2523 1106 2570 ustura
1118 2513 1322 2584 philosophica,
1341 2511 1375 2566 ab
1394 2528 1426 2566 eo
1440 2518 1470 2564 ut
1491 2510 1538 2578 qui
1549 2505 1655 2562 maxime

310 2595 439 2654 abhorret
458 2599 489 2652 D.
509 2599 673 2671 Praeceptor
691 2619 782 2670 meus,
801 2611 908 2659 tanturn
925 2603 1005 2659 abest
1023 2611 1055 2658 ut
1072 2602 1125 2658 sihi
1143 2618 1160 2656 a
1176 2608 1298 2656 veterum
1318 2599 1472 2663 sententiis,
1490 2597 1544 2653 nisi
1562 2591 1657 2662 magma

311 2685 345 2741 de
363 2686 452 2742 causis
471 2702 502 2742 ac
520 2687 601 2744 rebus
619 2689 686 2760 ipsis
705 2690 935 2761 efflagitantibus,
955 2689 1045 2746 studio
1064 2691 1182 2760 quodam
1201 2689 1329 2745 novitatis
1352 2695 1453 2742 temere
1472 2682 1657 2741 discedendum

310 2773 422 2841 putarit.
458 2775 519 2829 Alia
537 2781 580 2832 est
596 2783 686 2846 actas,
708 2778 763 2833 alia
788 2793 894 2834 morum
917 2777 1034 2848 gravitas
1057 2777 1249 2848 doctrinaeque
1274 2776 1448 2845 excellentia,
1476 2774 1533 2829 alia
1551 2771 1657 2838 denique

311 2859 412 2930 ingenii
430 2861 563 2919 tabitudo
582 2865 718 2934 animique
735 2867 907 2939 magnitudo,
927 2883 1008 2938 quarn
1027 2875 1057 2923 ut
1074 2866 1130 2924 tale
1148 2865 1213 2935 quid
1230 2864 1259 2920 in
1277 2879 1338 2919 eum
1357 2861 1454 2917 cadere
1472 2869 1570 2930 queat,
1594 2851 1658 2924 quod

272 3003 275 3012 ,
313 2948 421 3015 quidem
440 2956 482 3004 est
500 2950 543 3006 vel
560 2953 658 3008 aetatis
673 2952 802 3021 iuvenilis
820 2955 863 3010 vel
882 2955 1036 3012 ardentium
1054 2955 1233 3024 ingeniorum,
1252 2967 1321 3021 quae
1334 2968 1351 3004 a
1364 2949 1486 3020 quolibet
1505 2955 1585 3002 vento
1598 2943 1658 2998 suia·

312 3049 365 3102 que
382 3033 526 3093 affectibus
544 3047 687 3096 morentur
708 3055 742 3096 ac
759 3051 899 3112 reguntur.
936 3044 1032 3114 Neque
1050 3059 1114 3100 vero
1132 3045 1167 3100 D.
1183 3044 1350 3111 Praeceptor
1372 3042 1506 3096 honorum
1530 3045 1559 3092 et
1577 3036 1659 3091 docto·

312 3139 371 3177 rum
390 3125 506 3180 virorum
522 3125 626 3195 judicia
644 3144 762 3199 unquam
781 3131 945 3203 abhorrebit,
966 3147 1036 3202 quae
1055 3133 1146 3188 subire
1165 3132 1236 3187 ultro
1256 3129 1383 3198 cogitat.“
1404 3157 1438 3168 -

416 3215 457 3269 De
476 3229 559 3286 opere
577 3217 720 3288 Coperrrici
742 3219 812 3277 haec
833 3221 919 3276 refert
936 3221 1084 3277 Rhetions:
1111 3220 1160 3286 ῃ1).
1180 3220 1213 3274 D.
1233 3207 1398 3287 Praeceptor
1415 3230 1492 3271 meus
1518 3229 1568 3270 sex
1585 3213 1660 3268 libros

312 3303 485 3372 comeripsit,
507 3304 536 3358 in
558 3306 657 3372 quibus
684 3308 719 3363 ad
743 3309 920 3366 imitationem
943 3309 1092 3366 Ptolemaei
1114 3305 1221 3378 singule
1243 3313 1427 3375 comprecamur
1450 3311 1479 3357 et
1504 3296 1661 3373 geometrica

312 3389 441 3445 methodo
463 3389 586 3447 docendo
605 3400 633 3448 et
651 3393 861 3452 demonstrando
885 3405 971 3452 totam
991 3399 1192 3465 ¹astronomiam
1215 3395 1374 3463 complexos
1400 3397 1449 3446 est
1485 3391 1596 3446 Priores
1613 3393 1662 3440 tres

313 3474 398 3532 libros
414 3479 555 3548 perdidici,
573 3483 663 3550 quarti
681 3485 835 3553 generalem
853 3485 941 3541 ideam
960 3486 1082 3556 concepi,
1101 3485 1267 3554 reliquorum
1286 3497 1348 3536 uero
1366 3479 1535 3549 hypotheses
1554 3475 1663 3546 primun

313 3565 403 3623 animo
420 3568 581 3639 compleres
598 3587 667 3629 enm.
697 3573 833 3641 Quantum
852 3576 887 3630 ed
904 3574 1009 3645 priores
1022 3574 1092 3630 duos
1104 3575 1210 3641 attinet,
1227 3570 1295 3627 nihil
1313 3569 1363 3624 tihi
1380 3563 1555 3622 scribendum
1567 3555 1664 3632 pauli·

314 3651 389 3721 quod
407 3652 532 3710 doctrine
549 3659 628 3727 primi
647 3660 754 3715 mobilis
773 3659 841 3715 nihil
861 3675 878 3715 a
894 3669 1006 3730 recepta
1023 3662 1128 3718 ratione
1146 3660 1275 3726 discedit,
1294 3657 1347 3712 nisi
1364 3653 1438 3724 qood
1455 3652 1568 3708 tabulas
1587 3643 1664 3704 decli·

313 3741 468 3813 nationum,
496 3747 685 3802 moenaionum
707 3756 843 3804 rectarum
861 3757 913 3805 etc.
940 3751 980 3804 ite
1005 3748 1039 3803 de
1062 3751 1168 3819 integro
1192 3745 1356 3806 construxit,
1378 3750 1410 3798 ut
1432 3736 1665 3796 observationibus

313 3829 432 3886 omnium
456 3839 575 3890 aetatum
604 3851 654 3904 per
677 3845 782 3905 partam
805 3837 1036 3908 proportionalem
1059 3835 1256 3892 accommodari
1282 3831 1394 3903 possint.
1435 3830 1512 3897 Quae
1537 3827 1566 3882 in
1591 3823 1665 3880 tertio

313 3917 383 3974 libro
402 3921 492 3992 tradit,
511 3922 560 3976 tibi
578 3923 696 3979 dilucide
713 3924 842 3981 recitabo.
862 3955 895 3964 -
915 3925 981 3980 Cum
1001 3925 1034 3981 D.
1053 3926 1156 3979 Doctor
1177 3938 1254 3978 meus
1272 3919 1411 3976 Bononiae
1433 3933 1488 3972 non
1511 3921 1569 3970 tem
1588 3909 1665 3966 disci·

313 4003 404 4075 pules,
424 4019 505 4076 quem
523 4009 633 4078 adjutor
651 4016 679 4066 et
695 4013 774 4068 testis
792 4013 1011 4069 observationum
1035 4011 1183 4068 doctissimi
1201 4009 1251 4064 riri
1269 4007 1403 4064 Dominici
1421 4005 1544 4074 hieriae,
1568 4003 1666 4056 Romae

314 4101 407 4149 eutem
426 4101 457 4158 (o.
477 4113 499 4151 s.
520 4103 597 4159 1500)
615 4107 696 4156 natus
713 4107 799 4156 annos
817 4101 881 4172 plus
899 4101 988 4156 minus
1007 4101 1041 4155 27
1059 4109 1156 4162 (natum
1175 4099 1340 4164 copemlcom
1359 4099 1468 4146 roteroot
1486 4095 1511 4146 d.
1534 4097 1576 4145 ta.
1596 4091 1666 4142 Febr.

316 4185 391 4243 14⁷8)
410 4183 550 4250 professor
566 4186 761 4243 mathematum
780 4189 808 4243 in
825 4203 924 4258 magna
940 4187 1164 4246 scholasticorum
1182 4183 1332 4253 frequentia
1349 4189 1378 4236 et
1395 4195 1496 4234 corona
1508 4183 1668 4246 magnorum

312 4269 434 4339 uirorum¹
449 4277 476 4324 et
493 4271 627 4328 artificum
644 4275 672 4328 iu
690 4275 743 4331 hoc
760 4275 901 4331 doctrinae
918 4291 1025 4346 genere,
1044 4275 1141 4330 deinde
1158 4271 1204 4327 hic
1221 4271 1358 4326 Wermiae
1377 4269 1434 4324 suls
1451 4281 1554 4321 racana
1573 4260 1669 4319 studiis

313 4373 418 4412 summa
435 4373 500 4413 cura
519 4361 721 4420 observationes
738 4371 905 4436 annotasset,
923 4365 1007 4434 elegit
1024 4379 1095 4433 eam,
1115 4377 1196 4433 quam
1215 4359 1383 4415 eunomii.
1403 4353 1532 4423 despice
1551 4348 1670 4421 Virginis

314 4441 418 4500 habuit.
455 4449 601 4503 Constituit
619 4457 718 4521 autem,
737 4467 797 4507 eam
816 4454 970 4523 elongatam
988 4453 1074 4507 tuisse
1086 4468 1103 4506 a
1115 4457 1216 4520 puncto
1235 4443 1384 4503 autumnali
1404 4443 1449 4498 17¹¹
1461 4443 1505 4496 21‘
1523 4440 1592 4510 iero,
1611 4451 1670 4492 oum

314 4530 399 4599 ipsius
418 4533 623 4622 declinationem
636 4541 811 4597 meridianam
823 4545 854 4599 8⁰
866 4545 909 4596 to·
922 4541 1144 4612 deprehenderet.
1180 4535 1285 4594 Deinde
1303 4532 1445 4589 conferens
1463 4543 1561 4583 omnes
1580 4525 1670 4582 obser-

314 4619 437 4675 vationes
449 4635 589 4682 auctorum
602 4644 664 4682 cum
677 4631 742 4698 suis,
762 4623 863 4686 invonit
877 4629 1072 4686 revolutionem
1085 4625 1237 4682 anomaliae
1255 4639 1304 4680 seu
1317 4619 1410 4678 circuli
1422 4616 1591 4673 diversitatis
1611 4625 1671 4668 esse

314 4706 475 4774 completam
493 4727 598 4782 nosque
616 4723 711 4770 nostra
732 4723 836 4788 aetate,
861 4733 877 4771 a
896 4717 1057 4773 Timochare
1075 4730 1175 4786 usque,
1199 4713 1227 4767 iu
1249 4709 1370 4768 secunda
1392 4705 1564 4763 revolutione
1583 4703 1669 4760 esse.“

315 4791 366 4846 llis
384 4793 450 4850 dicit
467 4798 598 4858 Rheticus
616 4811 718 4858 motum
737 4805 853 4861 medium
878 4807 1018 4862 stellarum
1040 4805 1157 4860 fixarum
1176 4799 1360 4868 inaequalem,
1387 4807 1458 4863 quae
1481 4799 1610 4861 tempore
1629 4787 1672 4842 Τι’-

314 4880 450 4944 meciaris
466 4886 544 4946 aura
561 4888 597 4943 72
613 4903 663 4959 per
680 4907 762 4950 unum
780 4894 894 4968 gradum
911 4909 1073 4966 progressae
1090 4891 1203 4963 luerint,
1228 4889 1263 4945 ab
1281 4885 1440 4959 ilipparcho
1457 4880 1493 4938 ad
1510 4875 1673 4936 cumcurm
