3624 5554
816 401 892 460 tuoe
1458 384 1521 496 733

170 580 231 656 ipso
252 577 399 658 Typhone
424 578 525 658 judice
548 579 603 642 snb
626 580 691 658 eius
714 579 830 640 vexillis
845 579 892 652 „ad
913 577 1004 642 dacus
1032 578 1154 658 aliquod
1176 579 1241 640 lieo
1264 580 1392 658 propitio
1415 582 1522 658 aspiro.

169 678 318 747 ddjunctse
346 680 552 750 propositiones
574 685 603 736 et
628 680 799 749 problemata
827 685 978 745 testantur,
1006 679 1155 748 Keplerum
1183 687 1241 734 turn
1272 679 1403 750 temporis
1434 680 1523 749 prims

170 765 346 824 laudamento
361 768 465 837 jecisse
484 767 605 838 θριίιαα,
622 783 705 837 quum
723 781 795 822 anuo
814 768 883 824 1604
900 765 929 822 in
947 765 1087 836 publicum
1105 766 1202 824 emisit

268 871 303 926 In
322 871 464 929 codicibus
482 869 713 928 Pulloniensibur
730 869 960 940 deprehendimus
978 870 1173 941 fragmentum,
1198 871 1272 940 quod
1294 871 1455 941 insumptum
1480 880 1523 928 est

171 959 340 1016 mammea
357 961 397 1017 sd
412 961 624 1033 Propuomieuor
640 959 724 1016 Aaou
743 965 815 1026 1000,
835 973 850 1012 e
867 971 923 1026 quo
940 958 1010 1015 haec
1027 959 1227 1029 excerpsimus:

271 1051 398 1130 liclipsis
421 1052 500 1113 Solis
523 1055 553 1110 in
578 1047 635 1112 18⁰
650 1047 691 1132 Θ
717 1057 761 1110 cst
783 1054 813 1109 in
837 1051 904 1114 vii.
933 1051 1021 1112 domo
1043 1051 1210 1128 Rudolplri,
1240 1052 1268 1109 in
1291 1049 1316 1110 1.
1333 1049 1521 1113 Fordinandi.

170 1139 245 1198 lloia
268 1140 391 1218 eclipsin
415 1157 492 1199 anuo
517 1145 566 1200 38.
592 1137 831 1199 antechristum.
863 1137 1035 1198 Contemtus
1058 1147 1147 1216 etque
1169 1145 1292 1215 spretus,
1315 1145 1349 1198 nt
1364 1147 1434 1198 tuuc
1451 1155 1522 1216 puer

172 1225 334 1302 Augustus,
357 1245 465 1304 magna
486 1225 609 1286 audebit
632 1235 661 1286 et
683 1225 790 1286 elfieiet
812 1233 842 1286 et
865 1232 1043 1286 contemtum
1066 1226 1215 1300 diminuet,
1240 1243 1309 1284 narn
1332 1221 1428 1308 ostii
1457 1244 1522 1290 eum

170 1313 256 1374 eorde
279 1309 331 1400 δῖ
373 1315 484 1376 Terrae
506 1323 612 1388 motus,
636 1316 737 1391 pestis,
761 1321 885 1388 cometa,
908 1315 1064 1391 praecipue
1087 1323 1155 1392 poet
1178 1319 1206 1374 8.
1230 1313 1446 1390 Septembrem,
1471 1316 1522 1374 nbi

169 1397 187 1469 li
211 1409 241 1460 ei
267 1410 290 1471 d
317 1405 346 1460 in
370 1401 427 1463 26⁰
444 1405 496 1472 st
515 1407 630 1462 cebant.
659 1399 834 1478 liudolphus
857 1403 996 1462 interibit.
1027 1403 1071 1460 Ex
1086 1403 1243 1479 geussibus
1257 1401 1396 1478 Philippi,
1414 1401 1521 1472 Caroli,

169 1482 376 1562 harimiliani,
400 1489 586 1562 Fordinaudi,
610 1488 759 1568 Rudolphi
783 1488 925 1548 vilissima
949 1496 992 1550 est
1014 1489 1219 1562 Maximinum,
1243 1489 1310 1549 iude
1334 1489 1521 1551 Fordinundi.

168 1574 257 1636 Pater
280 1576 405 1637 Carolus
427 1575 531 1638 habult
545 1573 588 1658 Θ
604 1579 633 1636 in
656 1581 737 1652 ortu3
761 1583 880 1653 propter
903 1586 927 1647 J
952 1579 982 1636 in
998 1576 1039 1642 hl.
1056 1577 1089 1640 e.
1113 1579 1320 1656 aequiparetur
1336 1575 1522 1639 Fordiuando

169 1666 196 1726 ln
222 1663 337 1724 bellicis
359 1665 542 1738 tumultibus,
566 1661 728 1744 propiori)
752 1667 782 1722 in
797 1663 882 1723 Vlll.
898 1665 1036 1743 Philippo
1058 1668 1090 1723 in
1112 1664 1346 1725 contentionibus
1370 1651 1401 1724 et‘
1422 1665 1522 1726 delec-

168 1752 257 1814 tione.
291 1751 417 1814 Genesis
438 1754 516 1829 regis
539 1752 702 1830 Hispaniae
718 1759 845 1828 cognata
868 1759 912 1812 est
934 1752 999 1813 eu'm
1021 1761 1125 1814 mauu.
1155 1749 1289 1830 Quetuor
1310 1754 1415 1811 summi
1431 1757 1521 1813 nostrl

168 1842 308 1917 temporis
330 1841 506 1900 monarchae
528 1839 585 1900 hoc
606 1857 685 1900 anno
707 1847 776 1900 sunt
807 1840 866 1900 iare
887 1837 1023 1914 ἄπαιδες,
1055 1840 1152 1901 'l'uros
1174 1843 1372 1900 minorennem
1394 1840 1522 1918 reliquit,

169 1935 199 1986 ut
219 1927 324 2000 ierint,
345 1927 499 2004 Hispanus
518 1925 650 1987 noudum
673 1929 790 2005 nuptias
806 1926 975 2003 celebravit,
998 1927 1161 2007 imperator
1175 1924 1266 1997 ἅπαις
1279 1943 1339 1987 non
1362 1924 1523 1988 destinarit

168 2030 377 2088 successorem,
402 2015 465 2075 Rex
488 2014 651 2075 Galliarum
675 2012 780 2088 ἅπαις,
808 2014 923 2091 Regina
945 2016 1073 2091 Augliac
1097 2019 1176 2077 item.
1224 2015 1343 2076 eilberto
1366 2009 1390 2093 l)
1415 2017 1469 2076 erit
1492 2017 1522 2075 in

166 2099 207 2160 ui.
229 2103 270 2164 C.
316 2103 473 2176 Insertum,
497 2120 535 2162 an
559 2112 589 2164 et
610 2102 816 2162 Maximiliano
838 2105 898 2162 ista
919 2113 955 2168 ς(
986 2100 1023 2186 Ἃ
1050 2113 1074 2174 ό
1100 2102 1212 2164 incidet
1234 2106 1264 2162 in
1287 2112 1396 2179 eruim3
1422 2103 1525 2164 incidit

167 2189 260 2249 iuli.
285 2189 318 2249 O.
341 2189 472 2267 Philippi
494 2189 534 2250 ii.
579 2191 720 2250 Ernestus
749 2190 841 2250 habet
862 2189 903 2249 M.
928 2190 961 2250 G.
984 2193 1013 2249 ln
1034 2187 1146 2278 ¹=9⁰52,
1178 2199 1208 2252 et
1230 2190 1433 2252 Ferdinaudus
1456 2191 1524 2251 lus·

166 2277 341 2354 bruggensis
365 2285 395 2338 et
415 2276 688 2344 Maximiliannsct
708 2284 793 2355 pater
815 2277 879 2354 eius
901 2278 1105 2340 Fordinaudus
1129 2284 1158 2338 in
1182 2275 1217 2338 '1⁰
1229 2289 1299 2351 x,
1322 2287 1353 2338 ct
1366 2279 1430 2339 Rex
1447 2278 1522 2338 Gal·

165 2362 220 2423 lise
244 2368 278 2424 in
302 2363 360 2425 29⁰
380 2362 436 2448 ὓ,
467 2365 589 2426 Gerulum
618 2374 648 2426 et
678 2365 853 2443 liudolphus
883 2367 913 2424 iu
947 2363 1071 2452 160111.
1116 2375 1153 2432 o(
1181 2368 1238 2427 ista
1268 2368 1374 2426 attinet
1405 2365 1523 2426 domum

164 2452 375 2529 Austriacam3
406 2454 546 2513 morietur
573 2453 728 2531 Philippus
750 2453 806 2512 Ill.
852 2453 1058 2530 biargarethae
1089 2456 1194 2514 transit
1215 2449 1238 2532 Γ)
1262 2453 1344 2530 Sept.
1376 2456 1445 2513 anni
1471 2461 1522 2517 aa.

164 2555 215 2616 per
234 2535 283 2622 Q)
307 2549 337 2602 ct
365 2558 443 2601 auno
473 2546 564 2603 1600.
591 2558 644 2618 per
669 2558 706 2608 σο
731 2541 761 2616 ll
785 2548 815 2601 et
836 2539 873 2614 [J
896 2540 1090 2603 ascendentis.
1144 2541 1295 2601 heouorse
1322 2551 1441 2602 nostrae
1470 2559 1523 2602 sc-

164 2627 234 2687 eldii
259 2629 316 2688 illa
337 2645 374 2700 0(
402 2631 431 2688 in
447 2628 526 2704 Vll;
549 2629 697 2705 significet
719 2631 945 2689 matrimonium.
983 2627 1090 2689 Carolo
1107 2637 1207 2689 nostro
1222 2631 1251 2688 in
1268 2627 1333 2689 loeo
1350 2627 1399 2706 Θ,
1422 2627 1524 2688 hdari-

163 2715 289 2778 nriliano
318 2718 348 2775 in
377 2722 452 2776 ortu.
497 2715 547 2776 Sic
568 2733 693 2791 comeo,
719 2717 846 2794 nuptias
876 2716 988 2776 iuturus
1011 2713 1188 2776 Fordinendi
1220 2724 1251 2776 et
1272 2715 1440 2789 Leouorse,
1471 2715 1524 2776 sed

163 2801 278 2864 metum
301 2805 532 2864 interventurum
563 2811 616 2864 eut
636 2811 803 2866 secutrrrum
827 2804 865 2864 ob
888 2811 1034 2864 mortuam
1056 2821 1154 2880 regem
1178 2802 1357 2881 Hispaniae,
1384 2811 1437 2862 aut
1458 2802 1524 2862 Ru-

164 2889 268 2968 dolphi
292 2891 440 2966 Cameris,
464 2899 516 2950 aut
537 2890 743 2953 Maximiliaui.
788 2891 834 2950 Ea
855 2907 901 2952 res
924 2890 1031 2952 cureio
1055 2892 1134 2952 bona
1156 2893 1218 2952 erlt

265 2991 322 3047 liis
340 2991 480 3047 immixtae
498 2998 564 3046 suut
581 3005 696 3062 peccem
713 2991 830 3048 aliorum
848 2991 1012 3062 principum,
1038 3003 1225 3046 successorum
1243 2989 1413 3046 Fordinandi
1430 2989 1524 3046 catho-

163 3076 207 3133 tiri
225 3083 255 3134 et
271 3075 428 3156 isabellae,
451 3077 551 3148 partim
574 3077 719 3134 absolutae
739 3079 840 3149 partim
864 3079 959 3148 paucis
978 3077 1068 3134 verbis
1092 3077 1231 3146 signatae,
1256 3075 1354 3130 emenii
1373 3073 1523 3144 eclipsium,

163 3165 306 3222 smtentla
325 3165 409 3222 dubia
427 3166 461 3221 de
478 3171 643 3236 tempestate
661 3165 726 3221 anni
743 3175 807 3228 cte,
824 3165 864 3222 ita
881 3171 913 3222 ut
929 3169 1075 3236 appareat,
1100 3163 1182 3218 simili
1198 3163 1305 3218 ratione
1329 3177 1384 3232 qus
1401 3163 1477 3232 prius
1495 3162 1524 3218 in

163 3253 359 3310 nativitatibus
377 3253 546 3324 singulorum
564 3255 592 3310 in
610 3253 706 3308 iisdem
725 3251 888 3308 familiarum
907 3259 935 3309 et
954 3259 1131 3321 cognotorum
1149 3265 1178 3306 se
1198 3251 1355 3306 exercuisse
1367 3250 1525 3320 Keplerum,

161 3346 192 3394 ut
203 3341 363 3396 uberiorem
376 3341 579 3396 ammaeereiur
592 3342 773 3410 cognitionem
786 3341 919 3398 scientiae
930 3339 1120 3412 astrologicae,
1137 3340 1165 3396 in
1179 3355 1260 3410 qoam
1270 3339 1402 3394 incinere
1416 3338 1526 3418 ridebat

160 3443 256 3486 omes
273 3429 338 3484 iere
355 3427 507 3483 humilioris
525 3427 720 3497 nobiliorisqre
738 3429 846 3498 generis
865 3428 999 3486 homines.
1031 3427 1119 3498 Quale
1136 3443 1171 3486 ex
1188 3427 1232 3483 his
1251 3426 1447 3482 tentaminibus
1461 3441 1524 3483 eon·

160 3513 257 3573 iecerit
274 3514 493 3586 prognosticum,
511 3515 655 3572 cadmus.

266 3604 341 3658 Cum
358 3601 522 3658 Maestlinns
539 3601 664 3672 Tabingu
681 3618 779 3673 parum
796 3603 887 3660 solatii
905 3604 1049 3674 praeberet
1067 3605 1196 3677 Keplero,
1215 3605 1426 3662 Heruartum
1444 3603 1521 3674 adiit,

159 3687 185 3746 d
208 3691 252 3748 12.
272 3688 348 3746 sahi
372 3689 506 3746 tenberis:
534 3686 630 3747 Domo
654 3687 774 3747 discessi
797 3705 862 3748 cum
879 3691 967 3750 senis
982 3691 1171 3765 magistratus
1186 3692 1260 3764 mel3
1282 3689 1408 3748 reditum
1424 3705 1523 3748 meum

159 3775 209 3834 nbi
231 3774 295 3834 illis
323 3774 497 3851 significari,
522 3775 702 3852 diligentiam
725 3775 843 3852 quidem
867 3773 1081 3850 collaudarent,
1105 3787 1232 3837 ceterum
1250 3779 1426 3837 verbotenus
1450 3793 1522 3835 sua·

159 3871 269 3936 serunt,
295 3879 329 3922 re
353 3864 419 3939 ipsa
441 3865 495 3924 sub
519 3864 696 3924 dimissionis
719 3864 953 3924 interminatione
977 3866 1165 3942 imperarunt,
1190 3873 1222 3924 ut
1245 3866 1373 3942 reposita
1389 3867 1418 3922 iu
1435 3881 1523 3940 prae-

158 3965 225 4011 sens
249 3951 438 4012 astronomia
459 3951 632 4012 medicinam
656 3950 847 4028 amplecterer
868 3953 1057 4028 animumque
1079 3971 1098 4012 a
1120 3951 1371 4030 speculationibus
1392 3951 1521 4027 pulchris

158 4041 254 4114 magis
279 4055 376 4116 quam
398 4037 455 4098 hoe
477 4039 588 4099 dillieili
611 4045 741 4115 tempore
764 4039 943 4100 salutaribus
965 4039 1003 4103 ed
1025 4057 1126 4100 curam
1149 4039 1286 4100 utilitatis
1302 4037 1438 4116 publicae
1460 4044 1522 4096 tra·

159 4123 308 4186 ducerem.
350 4126 388 4185 Er
403 4128 474 4201 quia
488 4129 686 4204 experimento
702 4128 904 4203 probaveram,
921 4143 1009 4203 posse
1024 4143 1070 4187 me
1085 4127 1173 4188 domo
1189 4145 1256 4187 mea
1271 4143 1377 4200 carere,
1403 4129 1421 4185 b
1438 4139 1521 4182 meu-

156 4214 240 4273 slbus
265 4217 377 4274 itinere
400 4213 560 4274 Bohemico
583 4217 752 4288 consumtis,
778 4221 932 4274 suaserunt
955 4223 988 4273 ut
1010 4215 1064 4274 sub
1079 4218 1212 4276 autumni
1229 4224 1343 4291 tempus
1360 4216 1387 4270 iu
1404 4211 1520 4269 ltaliam

157 4301 229 4359 irem
262 4299 434 4362 medicinae
464 4319 563 4364 eausa.
608 4301 639 4362 Si
671 4319 776 4362 causas
806 4319 905 4364 omnes
938 4302 1084 4380 explicare
1114 4303 1237 4376 sellem,
1269 4302 1374 4378 quibus
1399 4298 1460 4374 jum
1490 4301 1520 4357 in

157 4385 339 4452 Bohemiam
362 4389 470 4465 rapior,
490 4389 553 4465 jam
575 4389 604 4447 in
621 4388 748 4463 Italiam,
772 4399 887 4466 tempus
899 4399 1033 4454 tererem.
1065 4391 1187 4452 Summa
1202 4389 1420 4450 deliberationis
1437 4404 1520 4448 rneae

156 4473 231 4536 haec
253 4487 323 4540 est:
348 4479 436 4554 cupio
452 4477 549 4538 adhuc
564 4493 658 4538 annos
672 4477 787 4554 aliquot
801 4480 830 4535 iu
846 4480 1050 4539 astronomicis
1065 4494 1243 4549 consumere,
1268 4482 1386 4552 propter
1400 4472 1521 4551 Tycha-

156 4577 231 4638 uem,
250 4564 436 4624 ditissimum
451 4581 546 4624 rerum
561 4565 665 4625 harum
680 4581 894 4642 possessorem,
918 4567 982 4626 sire
1004 4565 1034 4624 id
1057 4566 1109 4626 dat
1123 4568 1152 4624 in
1168 4565 1321 4634 Bohemia,
1345 4564 1418 4635 sive,
1442 4559 1522 4637 qued

156 4653 270 4728 malim,
296 4651 349 4712 hie
373 4651 504 4727 Graeiii,
528 4657 641 4714 interea
663 4653 807 4731 paulatim
831 4655 859 4712 in
881 4653 1027 4716 medicina
1050 4651 1249 4740 progrederer.
1289 4649 1335 4708 si
1356 4648 1414 4710 hoc
1437 4649 1523 4709 insti·
1579 4669 1584 4686 ι

156 4745 252 4800 icium
277 4757 360 4818 opus
383 4741 456 4798 mihi
481 4749 525 4800 est
549 4743 768 4802 continuatione
784 4739 894 4815 salarii,
919 4741 999 4819 quod
1021 4742 1060 4802 ab
1077 4739 1227 4802 ordinibus
1250 4735 1339 4814 brrjus
1354 4739 1523 4814 provinciae

154 4825 262 4906 habeo,
289 4843 371 4906 opus
394 4835 425 4889 ct
446 4830 603 4890 securitate
626 4831 655 4889 in
678 4827 830 4906 religionis
844 4833 974 4908 negotio,
998 4833 1250 4905 quampraestcre
1265 4828 1401 4908 princeps
1415 4831 1547 4908 petest.
