3662 5544
828 409 905 470 tota.
985 425 989 434 ·
1472 413 1539 486 823

182 584 274 658 jungit
291 582 526 656 Stahrembsrgins
543 583 628 642 verba
647 583 752 642 calvini
770 599 805 641 ex
822 585 904 642 variis
922 583 983 656 eins
1001 586 1111 658 scriptis
1129 586 1254 646 desumta
1271 594 1300 646 ct
1311 588 1354 646 bis
1366 589 1448 646 finem
1459 589 1538 648 tacit:

186 673 276 732 Verba
293 673 362 730 haec
381 671 486 730 calvini
504 673 526 729 si
545 672 660 730 cmdide
679 678 706 730 et
723 675 769 745 pie
788 677 823 733 ab
843 676 958 734 adversa
968 683 1047 750 parte
1059 677 1284 748 ponderarentur,
1303 678 1369 746 quid
1382 694 1451 748 opus
1467 683 1541 735 esset

186 767 228 818 tot
244 761 386 832 polemicis
411 761 518 830 scriptis
536 759 693 830 virulentis,
720 761 819 831 quibus
837 765 957 822 charitas
981 766 1131 822 destruitur
1150 772 1178 821 et
1194 781 1258 821 vera
1276 765 1375 836 pietas.
1412 766 1540 822 Colamus

185 867 280 923 pacem
298 856 327 906 et
344 865 415 921 quae
433 849 508 920 pacis
527 856 592 906 sunt
610 858 755 924 sectemur,
774 851 926 924 spiritualia
944 853 1123 924 spiritualiter
1141 859 1303 923 tractantes,
1327 871 1383 910 non
1400 856 1429 910 iu
1445 855 1541 912 uerbo-

186 955 244 996 rum
264 938 482 995 contentionibus
502 941 610 1009 tempus
627 939 750 994 locantes
753 979 843 998 .....
879 940 976 996 Finem
993 941 1131 1011 imponam
1154 948 1237 1012 teque
1262 942 1368 998 salvere
1391 948 1420 999 et
1437 943 1473 1000 ad
1490 959 1541 1001 nos

186 1043 216 1084 re
232 1027 302 1085 bene
320 1033 433 1098 peracta
451 1026 539 1083 redire
554 1026 641 1096 jubeo
660 1031 688 1082 et
705 1034 782 1099 opto.
817 1027 961 1084 Debentur
977 1035 1057 1100 rapto
1077 1029 1181 1085 calamo
1200 1017 1234 1086 d.'
1248 1029 1287 1084 12.
1306 1031 1373 1100 Aps.
1392 1031 1471 1088 tote.

209 1102 213 1122 ’
289 1115 411 1186 Repetiit
428 1116 480 1171 hoc
498 1131 569 1170 anuo
582 1114 718 1185 Keplerns
736 1114 782 1171 diu
794 1114 978 1171 intermissum
990 1115 1157 1185 colloquium
1174 1131 1224 1183 per
1239 1114 1334 1171 literas
1346 1131 1407 1172 cum
1420 1115 1541 1174 Maest-

186 1202 274 1270 lino,
300 1203 348 1272 qui
370 1203 405 1259 ad
427 1202 521 1260 literas
546 1202 657 1272 Kepleri
682 1202 707 1260 d.
728 1204 753 1260 d.
772 1205 797 1260 7.
816 1201 898 1259 Febr.
917 1201 1100 1273 (deperditas)
1127 1202 1282 1272 respondit:
1306 1201 1444 1274 ¹,intelligo
1468 1210 1496 1260 te
1513 1206 1542 1264 in

187 1289 367 1347 examinando
392 1289 546 1361 scriptuli.
566 1291 675 1347 Roslini
699 1291 832 1346 laborare.
870 1290 981 1361 Optima
999 1291 1049 1346 viri
1067 1290 1195 1346 voluntas
1213 1297 1268 1362 est,
1292 1289 1340 1346 sed
1363 1306 1434 1348 aune
1453 1293 1543 1352 omnia

188 1378 252 1434 satis
271 1377 439 1447 prudenter?
470 1377 645 1446 Sarmatiam,
665 1395 746 1450 quam
766 1379 851 1436 semel
863 1381 953 1436 animo
967 1379 1101 1450 concepit,
1121 1379 1258 1435 mordicus
1269 1379 1379 1451 retinet,
1397 1396 1448 1437 neo
1466 1382 1544 1438 suifi-

187 1467 288 1522 cienter
312 1464 432 1521 rationes
456 1463 533 1520 audit
556 1481 658 1536 easque
675 1467 801 1538 interlse
819 1482 875 1522 non
893 1471 1041 1536 comparat.
1077 1465 1138 1548 Ego
1158 1465 1215 1536 jam
1235 1465 1401 1538 aliquamdiu
1417 1486 1435 1526 a
1452 1470 1542 1529 studio

189 1552 382 1622 chronologico
400 1551 527 1610 abstinui.
563 1555 658 1610 Ratio:
677 1555 703 1612 J.
724 1555 757 1613 G.
776 1555 918 1610 Heervart
936 1554 994 1610 suis
1013 1553 1148 1624 superiori
1166 1569 1237 1610 anno
1256 1554 1336 1610 editis
1353 1571 1441 1612 novae
1460 1557 1543 1614 Chro-

187 1640 313 1711 nologiae
332 1640 468 1710 capitibus
485 1657 528 1696 me
547 1641 658 1698 dubium
682 1643 799 1700 reddidit
823 1649 851 1696 et
868 1655 939 1712 pene
956 1641 1117 1712 perplexum
1120 1679 1211 1698 .....
1247 1642 1328 1710 (Quas
1346 1653 1485 1712 sequuntur
1503 1649 1542 1698 ia-

187 1738 279 1794 guntur
297 1731 347 1784 rol.
366 1733 413 1786 IV.
431 1748 460 1798 p.
479 1728 549 1796 120.)
585 1731 627 1786 De
645 1731 758 1788 maculis
777 1733 805 1786 in
821 1729 885 1788 Sole
902 1728 1063 1800 prodierunt
1085 1727 1191 1796 aliquot
1209 1725 1309 1799 libelli,
1334 1729 1383 1786 sed
1400 1731 1466 1786 mihi
1483 1737 1543 1788 tau·

187 1822 244 1874 tum
264 1817 379 1874 duorum
402 1815 476 1872 iacta
499 1823 541 1872 est
564 1817 698 1874 hactenus
716 1818 826 1888 legendi
842 1817 934 1886 copia,
959 1821 991 1871 ut
1012 1814 1093 1885 primi
1110 1829 1203 1870 earum
1227 1816 1409 1874 observatoris
1426 1819 1545 1878 Fabricii

144 1947 148 1968 ,
188 1912 215 1961 et
234 1903 320 1960 libelli
340 1904 461 1974 ,Apellis
480 1912 543 1974 post
560 1904 681 1961 tabulam
698 1904 837 1961 latentist.
862 1904 961 1960 Cetera
978 1901 1110 1958 hacteuus
1124 1917 1282 1972 comparare
1301 1920 1357 1960 non
1368 1906 1455 1976 potui.
1482 1909 1543 1979 Ego

187 1999 216 2049 et
226 2009 333 2050 mecum
346 1992 394 2048 alii
405 1992 450 2048 hic
463 1989 692 2062 (Haienretierus,
712 1993 868 2062 Sigvartus,
886 1991 1026 2060 Zieglerus
1045 1997 1072 2045 et
1085 1989 1163 2044 multi
1177 2005 1211 2045 ex
1223 1991 1409 2048 studiosorum
1422 1999 1546 2068 numero)

187 2083 299 2138 easdem
317 2083 412 2137 crebro
432 2079 640 2151 observavimus,
659 2079 758 2152 partim
776 2095 826 2150 per
843 2079 939 2134 tubum
959 2078 1078 2148 optinum
1096 2092 1184 2148 mane,
1203 2094 1268 2134 mox
1285 2085 1350 2149 post
1363 2085 1451 2152 ortum
1464 2081 1545 2154 Solis,

187 2169 287 2240 partim
303 2185 353 2240 per
370 2169 476 2224 radium
493 2167 633 2238 illapsum,
660 2167 779 2224 omnium
802 2167 890 2238 primo
906 2167 934 2222 d.
953 2166 996 2223 20.
1014 2166 1084 2234 Maii
1102 2167 1171 2223 1612
1193 2167 1222 2224 in
1246 2168 1387 2240 superiore
1405 2172 1545 2244 contigna-

187 2257 262 2312 tione
278 2257 381 2328 templi
418 2255 461 2312 Ibi
479 2255 548 2311 duaa
566 2255 668 2325 liquido
688 2255 803 2310 vidimus
821 2254 941 2310 maculas
959 2251 1043 2324 paulo
1062 2251 1135 2309 inira
1153 2259 1287 2322 centrum.
1322 2256 1403 2327 Mihi,
1428 2265 1460 2314 ut
1476 2274 1546 2330 pace

187 2351 235 2401 tua
253 2345 350 2410 dicam,
368 2359 423 2401 non
440 2344 536 2414 quales
554 2343 583 2398 in
601 2343 686 2398 Terra
703 2349 769 2398 sunt
786 2343 881 2412 nubes,
900 2341 949 2397 sod
967 2347 1130 2411 perpetuata
1149 2358 1266 2413 corpora
1283 2344 1411 2401 videntur
1412 2386 1545 2408 .......

187 2432 271 2490 Oram
289 2433 363 2490 Solis
380 2449 436 2489 non
453 2431 576 2505 perfecta
594 2429 720 2486 choulari
737 2429 810 2486 linea
827 2430 967 2486 terminari
985 2427 1199 2486 observavimus.
1223 2429 1348 2488 Vidimus
1360 2432 1431 2489 enim
1443 2435 1547 2505 pariter

187 2535 302 2592 magnas
321 2519 480 2576 eminentias
500 2524 527 2574 et
544 2515 679 2574 notabiles
697 2516 803 2588 hiatus,
828 2517 923 2587 quales
941 2523 1005 2572 sunt
1023 2515 1052 2572 in
1071 2517 1157 2572 Terra
1173 2523 1280 2574 montes
1299 2526 1328 2576 et
1344 2519 1437 2578 valles.
1473 2523 1546 2580 Nutu

187 2625 253 2678 ergo
272 2615 300 2664 et
319 2607 390 2665 Solis
409 2621 508 2677 corpus
526 2603 602 2661 rudis
619 2603 693 2660 velut
710 2605 796 2660 Terra
812 2604 912 2675 globus
931 2607 991 2661 est?
1022 2605 1101 2659 Certe
1119 2604 1226 2660 Lunam
1245 2606 1345 2663 Terrae
1364 2623 1425 2664 esse
1442 2610 1546 2670 similli-

187 2713 259 2752 mam
272 2696 325 2752 hae
339 2709 425 2751 novae
438 2692 642 2751 observationes
655 2697 686 2744 ut
698 2695 773 2746 certo
786 2705 907 2746 asseram
920 2696 1021 2760 cogunt
1023 2730 1113 2750 .....
1138 2691 1186 2758 (Ει
1198 2693 1279 2746 literis
1292 2697 1315 2748 d,
1329 2697 1354 2750 d.
1369 2697 1466 2762 lette.
1480 2703 1545 2767 Apr.

189 2785 278 2854 itte.)
312 2783 366 2840 Die
384 2782 486 2840 totta
506 2780 573 2836 Julii
591 2779 660 2834 haec
678 2779 788 2847 scripsit
805 2778 982 2836 Maestlinus:
1002 2778 1109 2834 Literas
1127 2782 1203 2846 tuas,
1224 2779 1250 2836 d.
1270 2777 1295 2834 d.
1315 2779 1358 2837 29.
1376 2781 1453 2837 Junii
1471 2785 1546 2853 (itam

88 2889 92 2896 ·
188 2883 216 2927 ut
234 2877 334 2942 priores
353 2873 497 2939 deperditas
515 2869 591 2936 sunt),
611 2882 661 2936 ego
683 2866 724 2922 12.
743 2865 809 2922 Julii
828 2865 931 2935 accepi.
968 2865 1040 2934 Quid
1059 2863 1225 2935 Coperuicus
1243 2863 1368 2922 Basileee
1391 2874 1455 2938 agat
1473 2873 1547 2940 (dicit

188 2963 340 3016 Maestliuus
357 2977 449 3012 novam
468 2960 634 3026 Goparnicani
652 2959 735 3024 operis
754 2957 785 3006 de
802 2958 1014 3006 Resolutionibns
1038 2957 1182 3021 editionem,
1207 2969 1283 3020 quam
1302 2961 1475 3024 tppograpiua
1493 2963 1545 3012 lia·

189 3053 300 3102 aillamis
317 3047 493 3101 flantia-Patri
510 3046 704 3114 meditabatur),
731 3040 801 3098 scire
819 3056 873 3100 non
891 3055 1013 3110 possum,
1032 3039 1097 3109 quia
1114 3039 1302 3110 typographus
1321 3057 1377 3098 non
1393 3046 1545 3113 respoudit.

189 3135 347 3192 Verendum
364 3133 458 3204 itaque
476 3131 542 3188 mihi
560 3137 612 3201 eat,
631 3146 665 3186 ne
684 3144 735 3198 ego
754 3129 857 3200 pariter
875 3143 908 3184 ac
922 3126 1036 3184 Ursinus
1054 3135 1118 3182 tuus
1137 3140 1248 3195 operam
1266 3134 1294 3183 et
1312 3127 1402 3185 oleum
1419 3131 1547 3200 perdide·

188 3227 284 3282 rimus.
321 3222 399 3292 Quae
424 3221 457 3277 de
475 3218 583 3276 Rhetici
601 3217 764 3274 Narratione
786 3223 814 3272 et
832 3223 880 3272 tuo
898 3215 1049 3271 Prodromo
1072 3212 1245 3284 ιᾶιῑῑῦιθῦᾶθ
1268 3213 1379 3287 scripsi,
1404 3233 1437 3273 ⁰0
1455 3219 1546 3278 &nim

188 3315 292 3370 matum
310 3326 365 3367 uon
384 3315 438 3382 est,
462 3305 682 3382 uttppographo
704 3322 759 3362 nou
777 3305 882 3376 petenti
901 3304 1091 3361 obtrudantur.
1128 3300 1182 3356 Sed
1201 3301 1265 3371 quia
1282 3319 1418 3377 noveram,
1437 3307 1547 3367 Rhatiai

187 3400 381 3458 Narratiouem
400 3399 458 3468 jam
482 3403 545 3452 ante
567 3393 672 3464 aliquot
692 3393 784 3463 plures
808 3405 893 3446 annos
918 3389 947 3446 iu
965 3389 1088 3446 editione
1105 3388 1250 3446 Basiliensi
1273 3390 1358 3448 fuisse
1383 3395 1546 3469 appositam,

188 3489 271 3548 facila
290 3495 381 3544 autem
399 3484 533 3554 conjicere
551 3497 671 3552 possum,
690 3477 892 3551 typographum
905 3475 1018 3531 eandem
1030 3476 1228 3547 Narratiouem,
1248 3483 1343 3548 utpote
1361 3496 1431 3550 quae
1450 3484 1486 3540 ad
1498 3485 1558 3541 ob-'

187 3576 313 3634 scumora
329 3575 358 3630 iu
377 3571 528 3643 Gopernico
546 3569 609 3624 loca
627 3567 723 3624 melius
740 3562 918 3647 intelligenda
935 3562 1082 3633 plurimum
1100 3563 1240 3636 conducit,
1260 3566 1335 3623 haud
1354 3567 1435 3627 dubio
1456 3571 1545 3630 denuo

188 3665 383 3736 appositurum
401 3675 470 3728 esse,
489 3657 591 3715 idcirco
609 3667 787 3728 praemonere
806 3649 893 3719 volui,
918 3655 949 3704 ut
968 3664 1027 3705 eam
1046 3651 1196 3708 correctius
1215 3653 1309 3711 ederet
1328 3654 1494 3729 descriptam
1512 3676 1547 3717 ex

189 3759 315 3809 correcto
335 3747 496 3818 exemplari,
518 3761 633 3818 quorum
651 3759 712 3799 cum
730 3740 836 3797 nullum
854 3737 928 3794 aliud
947 3736 1045 3807 sciam,
1068 3753 1151 3808 quam
1174 3741 1248 3811 quod
1265 3743 1414 3800 Prodromo
1432 3751 1481 3803 tuo
1500 3747 1547 3804 ad-

185 3841 315 3910 junctum
334 3846 377 3894 est
395 3838 449 3906 (cir.
468 3839 491 3898 Ι.
508 3854 535 3904 p.
555 3837 613 3900 att,
637 3831 712 3888 suasi
735 3835 766 3886 ut
786 3827 834 3883 illo
859 3831 991 3883 uteretur.
1028 3825 1119 3895 Atque
1138 3829 1234 3884 eadem
1257 3831 1399 3889 occasione
1423 3834 1464 3889 tui
1480 3833 1546 3890 Pro·

189 3929 279 3985 dromi
302 3927 377 3982 iacta
399 3923 548 3986 mendose,
576 3917 727 3976 existimavi
746 3933 801 3973 uon
820 3917 952 3972 absonum
970 3913 1048 3984 ‚lore,
1073 3913 1096 3968 si
1113 3913 1185 3970 idem
1203 3915 1362 3988 adderetur,
1387 3920 1547 3990 praesertim

188 4021 305 4086 propter
328 4011 445 4068 divium
468 4013 555 4081 (recte
573 4024 617 4064 me
635 4007 725 4064 dicere
749 4019 863 4072 censeo,
889 4001 1048 4070 divinata)
1072 4001 1192 4072 quinque
1215 4020 1359 4074 corporum
1381 4005 1547 4074 regularium

189 4121 252 4160 cum
270 4107 420 4174 systemate
439 4097 597 4158 coelestium
615 4109 759 4164 corporum
776 4089 952 4155 harmoniam,
971 4103 1065 4159 quam,
1085 4089 1191 4157 quoties
1210 4089 1238 4146 iu
1256 4107 1316 4146 eam
1334 4092 1546 4162 speculationem

191 4190 339 4256 descendo,
356 4203 419 4244 cum
437 4179 610 4242 veneratione
628 4183 734 4238 diunaa
752 4177 902 4250 sapientiae
920 4177 1045 4232 demirari
1063 4176 1131 4234 satis
1150 4195 1205 4236 nou
1217 4194 1338 4249 possum.
1369 4181 1469 4236 Verum
1482 4181 1548 4250 quia

189 4279 240 4336 tibi
265 4279 299 4334 de
317 4276 468 4332 Prodromo
493 4274 568 4330 aliud
591 4273 714 4340 videtur,
741 4284 791 4340 ego
818 4283 851 4322 ex
877 4266 968 4322 causis
989 4281 1005 4320 a
1023 4273 1051 4322 ta
1076 4265 1166 4324 allatis
1188 4257 1269 4322 facile
1292 4267 1373 4324 edam
1396 4267 1546 4326 subscribo.

191 4369 268 4440 Opus
281 4365 354 4423 enim
366 4364 526 4421 redderetur
538 4361 617 4420 nimis
629 4359 767 4432 prolixum
780 4362 807 4410 et
818 4355 847 4410 in
858 4355 989 4424 majorem
1001 4354 1100 4411 molem
1112 4363 1291 4412 excresceret
1323 4355 1378 4410 Sed
1392 4355 1425 4411 de
1438 4357 1547 4414 Rhetici

190 4456 356 4514 Narratione
374 4469 419 4510 res
437 4451 465 4508 in
488 4458 628 4523 potestate
651 4455 747 4506 nostra
769 4445 855 4502 libere
879 4445 932 4500 site
956 4459 1011 4500 non
1036 4451 1093 4514 est;
1122 4444 1268 4500 editionem
1284 4443 1402 4513 priorem
1421 4450 1451 4500 ut
1469 4452 1547 4518 typo·

190 4544 313 4615 graphas
330 4548 452 4612 repetat,
469 4555 554 4612 penes
570 4541 660 4611 ipsum
679 4543 736 4609 est,
758 4532 910 4592 consultius
927 4538 1020 4588 umen
1038 4537 1124 4602 esset,
1148 4534 1172 4588 ai
1190 4529 1366 4586 emaculatior
1384 4539 1465 4601 quem
1483 4534 1547 4590 olim

191 4633 327 4690 ederem,
364 4630 397 4686 In
416 4627 693 4702 Gmppenbwhjgnog
706 4625 948 4693 (omppanhachlus,
966 4625 1137 4690 typographus
1150 4625 1325 4686 Tubingsusis,
1343 4629 1441 4676 sumtus
1454 4631 1547 4678 iecerat

191 4727 217 4776 in
234 4725 343 4792 primam
354 4721 489 4772 Prodromi
507 4717 652 4784 ammonam)
669 4711 744 4770 uuila
756 4709 855 4780 injruia
866 4708 1013 4764 metuenda
1030 4707 1138 4766 fuisset.
1168 4707 1223 4762 Res
1240 4721 1334 4760 eorum
1346 4706 1417 4765 male
1429 4709 1544 4782 habent3

190 4807 312 4882 Philippi
329 4803 515 4878 typographia
532 4803 566 4862 de
584 4810 658 4860 statu
675 4817 726 4860 suo
745 4797 851 4870 dejecta
868 4803 919 4868 est,
936 4797 997 4868 ipse
1016 4795 1143 4852 discessit
1160 4791 1388 4850 Schomdoriium

294 4897 339 4954 De
351 4891 529 4953 &mumma
546 4899 596 4951 tuo
609 4893 711 4966 scripto
723 4888 807 4946 miror
824 4891 853 4942 et
870 4901 921 4960 ego
938 4883 1033 4950 tatum,
1051 4896 1189 4956 spuerem
1206 4885 1298 4940 ιιιιιιιι
1315 4877 1375 4937 tore
1391 4887 1424 4942 ut
1438 4883 1468 4944 in
1484 4889 1546 4948 tuto
