3588 5540
269 417 334 494 906
777 435 841 496 Vita
852 437 973 498 ,Joannn
990 399 1111 512 liepleri.

271 611 397 684 abirem,
420 610 481 673 tilio
503 629 584 690 meo,
618 633 704 695 quem
728 620 757 679 in
779 624 903 683 transitu
923 623 1068 700 jusseram
1091 637 1137 682 me
1161 617 1348 697 exspectare,
1373 608 1419 679 ”13
1443 616 1617 676 florenomm

270 717 423 773 summam,
454 719 542 778 quam
566 703 684 766 deberet
707 706 843 784 diversis,
867 710 1033 771 ostendenti
1059 709 1176 790 permisi
1200 699 1389 768 Stnceardiaa
1418 707 1543 765 florenos
1567 709 1617 776 w,

270 787 435 848 obtestatus
459 807 540 866 eum,
565 802 596 852 ut
619 801 709 855 totam
725 813 868 858 summam
884 799 936 858 tibi
952 797 1085 874 traderet,
1110 803 1142 856 ut
1164 798 1212 857 cui
1235 794 1358 854 debeam
1382 793 1507 870 amplius
1528 793 1617 851 etiam

270 875 391 950 aliquid.
436 875 504 936 Jam
529 886 562 939 ut
584 897 649 940 eum
674 883 811 962 lislingae
833 885 957 946 reditum
979 904 1075 948 mcum
1097 889 1315 962 exspectantem
1346 881 1470 952 silendi,
1500 879 1619 956 negavit

272 973 300 1019 te
330 962 408 1022 domi
436 973 498 1024 tum
528 968 618 1029 luisse
647 986 738 1047 seque
761 971 834 1033 dixit
857 976 1008 1049 omnibus,
1041 973 1189 1035 etiami).
1214 970 1371 1030 Thummio
1401 976 1431 1028 et
1453 968 1506 1028 tibi
1529 969 1617 1026 satis·

155 1111 165 1122 p
270 1051 383 1124 iecisse,
407 1051 583 1114 documenta
607 1061 705 1118 omnia
726 1055 907 1121 literaria'in
930 1063 1041 1122 seriniis
1063 1061 1172 1122 habere
1187 1058 1350 1134 Tubingae.
1396 1057 1557 1132 Postquam
1581 1051 1618 1113 ad

269 1153 398 1197 sororem
420 1157 515 1201 meam
532 1146 599 1204 veni
615 1144 810 1221 Roaweldam,
834 1149 930 1224 didici,
955 1149 1035 1210 illum
1058 1151 1176 1226 insuper
1197 1153 1255 1206 tres
1278 1144 1353 1204 alios
1375 1143 1500 1204 florenos
1523 1142 1561 1202 ab
1584 1159 1620 1200 ee

270 1229 434 1287 extorsisse.
480 1230 526 1291 Do
549 1230 594 1291 his
622 1235 710 1310 igitur
741 1241 780 1297 23
803 1235 920 1298 florenis
949 1246 1086 1316 exspecto
1115 1238 1243 1296 rationes
1266 1249 1284 1292 a
1306 1233 1382 1304 fllia,
1413 1233 1467 1292 abs
1496 1239 1526 1291 te
1549 1245 1619 1289 vero

269 1315 450 1392 rescnptum,
474 1335 581 1379 verene
603 1323 655 1380 tibi
679 1323 717 1382 sit
739 1325 935 1398 satisfactum,
959 1325 1037 1402 quod
1060 1324 1200 1403 pervelim
1217 1323 1304 1382 etiarn
1326 1337 1379 1398 per
1401 1319 1539 1379 idoneum
1562 1317 1620 1378 ali·

273 1417 359 1478 qrrem
376 1419 394 1462 a
410 1403 447 1463 D.
465 1405 500 1467 D.
517 1405 673 1468 Thummio
689 1414 854 1488 expisceris.
880 1407 1617 1483 blateraret1628haecdartteptarussmiciardo:

274 1531 356 1549 ....
380 1490 424 1550 Ne
447 1493 500 1552 tibi
524 1493 575 1554 flat
599 1497 712 1572 injuria,
737 1498 803 1559 dedi
828 1507 868 1560 20
884 1502 945 1564 lior.
969 1501 1066 1578 legato
1084 1499 1348 1577 Argentinensium.
1379 1497 1464 1573 Rogo
1480 1502 1513 1554 ut
1528 1494 1619 1552 lilium

266 1593 368 1636 *meum
392 1596 427 1638 eo
451 1579 568 1657 adiges,
600 1592 632 1643 ut
662 1580 789 1647 sitiones
819 1605 1010 1665 expensorum
1039 1587 1152 1648 illorum
1172 1593 1222 1648 ‘23
1245 1587 1418 1647 florenorum
1447 1599 1536 1641 mann
1566 1598 1622 1640 sna

269 1665 393 1741 scriptas
410 1667 464 1726 tibi
479 1670 624 1732 exhibeat.
639 1715 647 1731 .
664 1719 671 1732 .
691 1723 695 1733 .
714 1721 719 1734 .
762 1675 807 1735 De
830 1676 875 1735 hia
892 1683 932 1738 20
949 1677 1063 1738 florenis
1087 1673 1165 1752 quod
1186 1677 1240 1734 crit
1255 1674 1401 1735 residuum
1424 1670 1454 1730 id
1478 1669 1538 1729 filio
1554 1685 1620 1729 meo

271 1767 329 1810 non
346 1753 430 1813 aliter
444 1759 571 1832 permitti
588 1758 685 1836 velim,
710 1762 765 1822 nisi
782 1767 896 1839 quoties
910 1763 1034 1826 seherias
1049 1764 1178 1824 attulerit
1199 1772 1347 1822 sumtuum
1369 1761 1548 1820 notariorum
1572 1758 1619 1816 vel

272 1857 328 1900 aaa
350 1859 438 1900 mune
454 1846 593 1922 ¹signatas
616 1865 680 1908 cum
704 1851 868 1928 subscripto
892 1851 949 1928 die,
973 1851 1146 1925 solobiis,
1171 1851 1278 1926 quibus
1302 1849 1397 1910 debet.
1436 1847 1483 1907 lta
1505 1846 1564 1920 fiet,
1589 1853 1620 1903 ut

273 1937 305 1986 tu
328 1929 368 1988 sis
390 1937 472 1992 tutus
494 1951 513 1992 a
535 1934 766 2012 flagitationibus
789 1941 883 2017 ipsius
906 1939 1088 2002 creditorum.
1123 1943 1188 2012 (Cir.
1209 1943 1262 1999 rol.
1280 1941 1327 1998 VI.
1347 1959 1375 2012 p.
1394 1938 1497 2008 litlot)
1553 1989 1554 1994 ,

273 2047 482 2062 m·-

377 2101 400 2168 *l
419 2105 457 2154 De
476 2109 530 2156 alte
548 2109 712 2160 Ludovlcl
731 2111 868 2178 lieplari
886 2116 948 2164 haec
972 2117 1139 2180 excerpsimus
1159 2127 1172 2162 a
1192 2117 1388 2177 „programmate
1405 2113 1432 2160 iu
1452 2111 1548 2160 obitum
1567 2111 1621 2169 elus

274 2175 306 2222 ab
324 2175 453 2226 mamis
470 2178 673 2239 Regiomontaua
689 2185 791 2245 publice
809 2187 969 2248 proposito“:
998 2187 1070 2236 huno
1090 2186 1168 2236 1612.
1188 2183 1318 2234 Genetadii
1336 2184 1363 2231 ln
1381 2182 1496 2231 nonna
1514 2195 1529 2229 a
1546 2181 1622 2228 sidua

274 2244 464 2296 Pauritschiana
482 2256 506 2296 at
525 2265 591 2300 anno
605 2254 682 2302 1613.
702 2254 726 2302 in
747 2255 848 2304 civitate
861 2255 982 2306 Welsonsi
1001 2257 1068 2310 aJn.
1082 2255 1278 2310 Saldentlralero,
1297 2255 1350 2302 eive
1363 2253 1475 2314 ejusdem
1494 2252 1621 2314 primerio,

274 2329 331 2362 crrm
349 2329 431 2364 sorore
449 2319 611 2386 educebatur,
631 2323 709 2372 donee
726 2330 805 2388 pater,
825 2325 960 2374 ecdmltiis
977 2326 1204 2376 Ratlsboueusibus
1222 2323 1300 2373 redux
1313 2325 1401 2386 iectus,
1421 2321 1501 2371 lilium
1520 2323 1622 2369 domum

273 2391 408 2451 revocarat,
428 2393 456 2436 ut
473 2391 570 2452 private
588 2395 692 2458 partlm,
711 2396 803 2458 partim
821 2393 923 2458 publica
940 2397 965 2444 in
984 2397 1111 2454 Lipelensi
1129 2395 1257 2456 gymnasio
1276 2393 1452 2443 informatione
1470 2393 1577 2441 feliciter
1595 2393 1622 2438 in

273 2455 413 2504 studiorum
437 2473 510 2508 eursu
536 2463 733 2527 progrederetur.
770 2467 843 2512 huno
864 2467 940 2517 itte.
966 2472 1109 2532 compatre
1127 2465 1305 2528 lintisbonam,
1328 2469 1381 2511 tum
1402 2465 1477 2514 1624.
1497 2465 1621 2514 Viennam

274 2539 329 2574 sesa
348 2529 476 2581 conterens
498 2534 525 2580 in
543 2535 648 2597 petisses
666 2549 696 2584 ae
714 2534 892 2599 philosophiae
910 2539 1048 2597 aanoldis,
1074 2543 1127 2586 tum
1150 2539 1175 2583 at
1198 2539 1252 2583 arte
1276 2533 1414 2599 sculptoria
1435 2541 1486 2582 nm
1510 2534 1621 2594 egregios

273 2596 333 2644 iacit
350 2597 487 2662 profectus,
506 2609 534 2650 ut
552 2618 608 2654 cum
627 2603 748 2654 emblema
766 2605 894 2670 quoddam
913 2622 944 2658 ex
961 2609 1082 2666 testinata
1100 2607 1180 2671 patris
1198 2619 1213 2654 a
1231 2619 1257 2654 sa
1275 2607 1367 2656 affabre
1385 2604 1540 2654 elaboratum
1559 2601 1621 2654 Cae·

276 2666 328 2714 sari
348 2665 488 2733 obtulisset,
507 2678 531 2722 ot
549 2675 654 2734 gratiam
673 2681 696 2723 et
714 2677 851 2740 praemium
870 2679 931 2728 satis
949 2676 1059 2744 amplum
1077 2677 1135 2728 inde
1148 2669 1289 2740 reportarit.
1318 2679 1390 2724 huno
1406 2677 1481 2726 1626.
1501 2675 1555 2740 ipse
1575 2689 1622 2738 ope

274 2736 405 2796 eujusdam
424 2743 664 2802 nobilismatrouae
683 2745 739 2812 ipso
759 2747 832 2794 etlam
851 2752 921 2812 patra
941 2749 1019 2796 inselo
1038 2744 1073 2812 (v.
1093 2747 1122 2812 s)
1142 2760 1194 2794 seso
1212 2745 1334 2796 subduxit
1352 2759 1382 2794 ac
1400 2761 1445 2808 per
1463 2745 1519 2792 avia
1538 2743 1621 2792 Ratis-

273 2807 365 2854 bonaaa
383 2811 472 2872 primo,
491 2813 551 2862 hine
571 2813 713 2864 hiteriiium
732 2822 757 2864 st
774 2829 831 2864 non·
845 2817 888 2865 din
907 2825 964 2880 post
982 2817 1168 2867 Sultzhachinm
1187 2829 1241 2864 sese
1264 2815 1383 2877 eontulit,
1410 2817 1454 2863 nbi
1473 2830 1487 2862 a
1505 2815 1622 2875 Principe

274 2876 456 2932 Neo-Palatino
476 2884 589 2944 Augusto
611 2887 720 2946 gratiose
743 2893 874 2951 susceptus
899 2889 1018 2937 lectiones
1040 2887 1156 2951 publicas
1175 2889 1201 2935 in
1218 2887 1349 2947 gymnasio
1376 2899 1421 2949 per
1439 2887 1562 2945 integrum
1581 2898 1621 2932 ae-

274 2951 363 2995 mestre
381 2951 486 3002 audinit.
521 2955 583 3006 Inde
602 2970 616 3004 a
634 2955 752 3021 Principe
771 2958 986 3008 commendatitiae
1011 2959 1128 3008 obtinens
1146 2955 1291 3018 Tubiugam
1308 2957 1435 3022 proiectus
1458 2961 1496 3004 aet
1513 2953 1621 3004 ibidem·

273 3031 323 3082 que
342 3032 405 3068 anno
427 3025 503 3073 teet.
523 3028 632 3090 primum
650 3028 677 3076 in
695 3025 859 3092 philosophia
876 3029 979 3094 gradum
999 3030 1110 3078 obtinuit
1127 3042 1156 3077 ao
1173 3028 1311 3092 magisterli
1336 3023 1410 3076 titulo
1434 3040 1484 3074 non
1503 3025 1547 3074 diu
1565 3030 1623 3086 post

273 3089 324 3145 (11.
343 3085 418 3142 Febr.
439 3094 524 3150 mee.)
543 3101 580 3144 est
599 3101 708 3148 omarus.

379 3163 517 3225 Collegium
537 3165 662 3216 Medicum
680 3169 728 3216 hoo
746 3171 890 3217 testimonio
908 3167 1013 3218 dimittit
1030 3167 1186 3216 Ludovierrm
1206 3167 1321 3228 Tobinga
1340 3167 1488 3216 abeuntem:

380 3235 503 3303 Decanns,
522 3236 680 3286 Professores
697 3243 723 3286 et
739 3235 861 3288 Doctores
880 3240 973 3288 Iriclnti
990 3237 1088 3298 collegii
1107 3237 1202 3286 Medici
1218 3239 1387 3299 'l'nbingsnais
1404 3237 1555 3286 Academias
1572 3233 1622 3284 Ba-

275 3305 364 3356 nanolo
383 3306 480 3356 Laetori
497 3322 557 3356 ¹curn
576 3308 659 3358 debita
678 3309 778 3358 honoris
797 3315 823 3358 ot
841 3307 980 3360 officiorum
999 3311 1135 3364 oblatione.

376 3375 426 3440 Qui
444 3377 489 3426 has
508 3379 635 3427 exhibebit
652 3377 748 3431 literas.
767 3379 972 3430 Humaniaaimus
990 3384 1015 3427 et
1032 3381 1198 3430 Doctiasimus
1212 3379 1257 3426 Vir
1269 3378 1383 3444 invenis,
1401 3377 1526 3428 Dominus
1539 3377 1623 3426 Ludo·

272 3449 343 3494 aicns
361 3445 595 3510 Prepa-Bohemns,
621 3447 704 3509 Magni
729 3449 799 3498 illius
822 3451 931 3499 Atlantis
958 3455 982 3498 et
1001 3447 1131 3498 Gaesarlae
1149 3449 1289 3512 Majestatis
1310 3447 1494 3508 Mathematici,
1519 3447 1622 3496 Domini

272 3519 396 3566 iohannis
407 3515 529 3581 liepplerl
547 3516 623 3578 lilius,
642 3525 699 3568 ante
718 3525 835 3568 semestre
846 3519 914 3584 apud
932 3535 978 3569 nos
996 3533 1068 3570 snum
1087 3519 1215 3584 professus
1232 3531 1322 3567 nomen
1341 3519 1368 3565 in
1387 3525 1487 3566 sanetae
1499 3517 1622 3578 Hpgielae

272 3587 397 3638 cultorum
415 3593 531 3652 receptus
549 3593 587 3638 est
605 3601 742 3638 numerem.
772 3591 871 3640 Interea
888 3592 1009 3656 temporis
1027 3603 1099 3639 sunm
1118 3591 1192 3638 nobis
1209 3595 1262 3638 tum
1282 3588 1392 3636 studium
1412 3590 1438 3636 ln
1451 3589 1556 3636 oolsnda
1568 3591 1622 3652 ple·

272 3663 326 3710 tate
344 3673 374 3710 ao
391 3659 503 3708 honestis
521 3661 641 3722 moribus,
660 3662 806 3726 cumprimis
825 3675 882 3710 vero
900 3662 1042 3712 inaffectata
1059 3661 1105 3710 iila
1121 3662 1238 3710 munitate
1254 3665 1281 3708 at
1299 3657 1413 3722 candore,
1433 3662 1486 3706 tum
1498 3664 1551 3708 arte
1570 3659 1623 3708 dis·

274 3729 351 3778 cende
370 3733 455 3778 nostra
473 3729 578 3794 medica,
597 3734 622 3779 et
640 3731 773 3780 audiendis
791 3731 942 3780 lectionibus
959 3732 1070 3796 publicis
1088 3730 1200 3780 ardorem
1214 3735 1238 3778 et
1257 3727 1413 3790 diligentiam
1425 3743 1470 3790 prn
1484 3727 1552 3776 virili
1563 3743 1622 3794 pro-

273 3799 352 3852 bavit.
387 3797 421 3847 Et
438 3800 489 3848 nisi
507 3801 568 3848 alibi
588 3801 609 3849 ei
629 3802 728 3850 occasio
747 3803 841 3852 minore
860 3807 943 3850 sumtu
963 3799 1046 3850 studia
1065 3799 1229 3850 continuandi
1249 3797 1334 3848 oblata
1350 3803 1423 3863 esset,
1441 3796 1549 3848 ilbenter
1567 3814 1623 3847 enm

273 3875 301 3918 nt
318 3871 427 3918 invinius
444 3869 573 3934 hactenns,
593 3872 629 3920 sic
648 3871 767 3936 deinceps
784 3873 860 3920 etlam
881 3873 1037 3922 lavissemus.
1068 3870 1117 3921 Sed
1141 3885 1207 3918 nunc
1227 3867 1363 3918 commodis
1383 3872 1436 3930 ejus
1454 3869 1490 3916 ita
1507 3869 1623 3929 flagiten-

272 3942 342 3990 tibus
361 3942 428 3988 hona
444 3941 528 4005 ipsum
547 3942 698 3992 dimittimus
716 3955 771 3990 eum
790 3944 881 4003 gratia,
900 3942 1017 3990 omnibns
1030 3943 1104 3990 bouis
1123 3947 1148 3990 st
1167 3941 1247 3988 doctis
1266 3943 1439 4003 errjusennque
1456 3939 1561 3998 ordinis,
1577 3941 1623 4003 qut

273 4026 329 4062 eum
348 4011 538 4076 quoquomodo
554 4015 791 4078 juvarepotuarlnt,
810 4011 897 4062 sedulo
911 4011 1127 4068 commendantem
1147 4025 1197 4060 non
1216 4011 1372 4066 dubitantes.
1391 4010 1453 4072 puin
1472 4023 1529 4069 arga
1546 4011 1624 4058 bane·

273 4081 378 4130 lectores
397 4095 456 4130 suos
474 4083 521 4139 ita,
541 4085 578 4131 uti
597 4083 679 4148 decet,
704 4087 803 4144 gratum
822 4098 848 4131 se
867 4083 1033 4148 praestiturus
1057 4089 1081 4130 et
1099 4081 1235 4146 aliqnando
1259 4081 1356 4140 ingenti
1373 4079 1418 4128 Iiel
1438 4079 1577 4128 Litararlae
1595 4095 1624 4128 ae

273 4153 398 4215 publicae,
417 4156 536 4216 paternas
555 4153 683 4201 aemulans
701 4154 814 4217 virtutae,
835 4159 979 4216 ornamento
998 4166 1054 4203 cum
1071 4153 1138 4200 bono
1156 4150 1255 4198 futurus
1275 4152 1309 4202 sit
1327 4149 1388 4198 Deo.
1414 4147 1471 4210 Quo
1484 4154 1547 4198 testa
1562 4150 1623 4198 haee

273 4224 427 4287 scripsimus,
448 4227 472 4269 et
484 4221 568 4282 sigillo
581 4221 707 4272 facultatis
720 4227 822 4272 nostrae
834 4223 1009 4282 insignivimus
1021 4219 1133 4285 publico.
1151 4221 1283 4282 ‘'lohingaa
1296 4219 1340 4272 Vl.
1354 4219 1393 4270 ld.
1408 4221 1486 4282 April.
1507 4220 1624 4284 Epochas

273 4293 429 4341 Christianae
447 4291 612 4342 thOlililX.
1374 4323 1378 4338 r

291 4377 297 4393 ·
377 4361 520 4412 Medicinas
537 4363 648 4412 studium
667 4375 796 4422 aggressus
812 4368 853 4411 ast
864 4368 890 4412 ot
902 4363 1010 4426 aphorus
1026 4362 1179 4417 =eonstitntns
1191 4361 1232 4410 Jo.
1246 4361 1365 4410 Diatarioi
1378 4373 1393 4407 a
1405 4359 1535 4424 Karpiian,
1555 4360 1622 4408 diea-

274 4433 344 4482 sterii
363 4432 603 4491 Wiirtembergensh
625 4432 749 4494 praesidis
772 4433 869 4481 emeriti
892 4431 940 4481 filii
958 4434 1039 4497 unici,
1065 4445 1120 4482 eum
1143 4446 1193 4496 quo
1214 4431 1366 4480 enu01630
1385 4431 1411 4477 in
1435 4429 1542 4478 Galliam
1562 4445 1623 4479 ouu-

274 4503 334 4550 dum
352 4506 412 4551 erat.
444 4504 478 4550 At
496 4503 591 4565 placuit
610 4502 689 4550 eidem
705 4501 817 4550 liasilaae
836 4503 979 4563 subsistere,
999 4503 1043 4552 ubi
1061 4515 1154 4550 annum
1168 4505 1291 4562 integrum
1305 4501 1353 4548 arti
1368 4499 1510 4548 medicinali
1524 4514 1623 4565 operam

276 4571 354 4625 dedit.
390 4571 482 4620 Postea
501 4574 663 4631 Argentluam
681 4585 826 4635 progressus
838 4569 1020 4636 (herneggerus
1038 4573 1113 4620 reiert
1125 4571 1276 4621 Schiehsrdo
1294 4569 1375 4635 hprill
1391 4572 1468 4634 teet,
1488 4569 1623 4635 liaplerum

217 4669 222 4677 ι
272 4641 398 4701 juniorem
411 4641 523 4689 liasllsae
536 4644 599 4690 aeris
611 4640 689 4689 aliani
702 4639 894 4690 difficultatibus
912 4641 1037 4702 laborare,
1055 4643 1187 4706 inquibus
1206 4655 1279 4705 opem
1297 4653 1368 4702 epam
1387 4641 1561 4704 imploraverit
1578 4639 1623 4688 ali·

274 4710 382 4774 quoties.
411 4709 495 4758 Mensa
512 4709 598 4760 iulis:
618 4711 720 4776 Koplarl
739 4713 817 4759 nostri
835 4716 939 4773 statum,
958 4726 1024 4761 nunc
1043 4713 1174 4761 nobiscum
1192 4713 1304 4773 egentis,
1322 4725 1352 4760 ex
1370 4711 1503 4773 ipsiusmet
1521 4723 1622 4774 raspon—

274 4781 347 4828 siona
364 4791 504 4839 cognosces.
541 4780 693 4830 Basiliauses
712 4781 744 4829 ob
762 4783 922 4846 inopinatum
948 4784 1002 4842 ejus
1026 4783 1121 4831 abitum
1144 4783 1222 4830 iratos
1247 4783 1284 4830 sic
1308 4781 1369 4830 satis
1391 4779 1490 4844 plaeavi
1508 4780 1623 4845 dansque

274 4849 306 4897 ad
325 4851 444 4897 rectorem
462 4847 543 4899 literis
560 4851 678 4915 promisi,
704 4853 803 4900 nonnisi
830 4849 919 4900 solutis
937 4850 1114 4900 Basilisnslum
1133 4852 1225 4900 debitis
1244 4852 1363 4900 omnibus
1381 4863 1437 4899 enm
1456 4865 1487 4900 ex
1505 4851 1567 4899 urbe
1584 4863 1623 4898 me

275 4917 454 4984 dimissurum),
472 4933 527 4968 cnm
541 4921 737 4988 disputationem
756 4915 883 4972 solennem
901 4921 1061 4988 instituisset,
1076 4921 1179 4971 interim
1198 4921 1229 4972 de
1241 4927 1320 4972 morta
1336 4922 1416 4988 petris
1433 4921 1525 4972 certior
1542 4921 1624 4970 menn
