3588 5540
849 448 929 508 tete.
1492 449 1558 524 853

203 619 451 693 Progymnttreetts
462 621 598 693 holconia
616 637 671 680 non
683 627 802 686 entant.
831 625 928 683 Mouet
940 624 1089 698 Ksplerum
1107 633 1138 682 nt
1149 627 1289 699 mumistia
1307 633 1376 686 atet:
1396 627 1455 697 ,his
1468 627 1559 686 calcar

204 710 327 781 adderes,
353 717 385 768 nt
409 710 531 780 singulos
556 710 714 768 esterismos
738 712 917 784 delineatam,
943 713 1097 771 delineetos
1119 713 1169 770 tibi
1185 716 1220 772 ad
1239 715 1404 772 censendam
1422 713 1558 786 offerrem,

204 797 322 856 censitos
341 814 405 856 vero
424 799 480 855 aeri
497 799 644 874 inciderem
662 805 692 856 et
708 799 759 856 rub
778 801 907 871 auspiciis
925 801 981 858 tuis
999 800 1194 872 publicarent.
1229 803 1336 860 Deinde
1354 803 1445 871 refert,
1464 819 1494 859 sc
1511 819 1558 863 oc·
1674 801 1681 818 ⁸

203 884 313 940 cesione
329 885 404 942 illius
422 887 638 944 conversationis
657 889 691 945 de
708 904 779 944 noro
791 889 826 944 'ad
838 890 974 969 mathesin
987 889 1106 946 ammam
1118 891 1272 962 applicasse
1284 899 1312 947 et
1323 892 1457 948 hactenus
1473 893 1559 963 trigo·
1580 927 1582 937 ι

204 975 335 1029 acmetrie
352 975 499 1046 praecipue
517 983 681 1047 occupatum
700 974 796 1032 inisse.
831 978 902 1034 Hinc
925 985 1013 1035 ortam
1039 978 1090 1034 sibi
1108 993 1169 1034 asse
1193 978 1361 1050 opinionem,
1385 995 1477 1038 annon
1499 979 1559 1036 sine

203 1075 306 1118 maone
324 1063 431 1120 sinuum
448 1064 587 1132 miracula
605 1063 674 1121 solvi
692 1062 816 1134 possint?
854 1065 984 1132 ,Videtur
1002 1065 1074 1122 onim
1096 1065 1262 1123 misereare
1287 1082 1361 1137 csse,
1388 1082 1459 1138 qnae
1482 1066 1559 1124 hisce

203 1147 302 1206 tabulis
321 1165 429 1222 semper
451 1152 557 1224 indiget
580 1161 664 1222 atque
686 1151 784 1206 infelix
801 1157 990 1223 computator,
1015 1153 1062 1223 qui
1079 1169 1135 1209 non
1160 1152 1260 1223 ubique
1282 1153 1318 1209 ad
1343 1169 1439 1210 manns
1456 1152 1559 1210 hahere

202 1243 295 1307 potest
312 1236 389 1294 illum
407 1255 552 1310 moenem,
579 1247 607 1296 et
623 1239 705 1310 vulpe
722 1240 843 1297 ridemus
859 1241 937 1312 illes,
963 1242 1011 1312 qni
1028 1249 1113 1299 artem
1132 1240 1251 1312 aliquam
1271 1243 1393 1313 iactent,
1417 1240 1467 1300 sed
1483 1241 1559 1300 illam

202 1325 310 1382 nonnisi
329 1325 432 1382 alibro
451 1327 548 1398 sciunt,
567 1327 637 1386 libro
655 1335 747 1386 autem
766 1345 818 1386 suo
835 1329 960 1386 destituti
978 1330 1197 1388 obmutescant.“

305 1414 454 1484 Accepisse
472 1429 516 1484 ac,
540 1417 684 1486 respondit
701 1417 839 1489 chlerns
862 1417 888 1474 d.
911 1419 951 1475 11.
969 1418 1078 1484 Martii,
1104 1417 1266 1474 Schickardi
1288 1417 1383 1474 literas
1401 1423 1418 1473 'a
1434 1417 1559 1488 hagero

201 1497 294 1558 Idibus
311 1501 414 1558 Martii.
458 1498 554 1560 Video
577 1518 624 1560 ma
648 1500 725 1560 bone
747 1503 835 1577 genio
859 1503 888 1558 in
912 1508 941 1562 te
964 1500 1117 1573 incidisse,
1150 1504 1201 1578 qui
1224 1519 1300 1576 non,
1325 1510 1358 1564 nt
1385 1518 1441 1578 epo
1462 1503 1558 1577 solen,
1652 1493 1655 1504 '

203 1587 232 1644 in
254 1587 383 1663 negotiis
405 1589 550 1666 susceptis
572 1594 605 1647 nt
628 1605 692 1648 mua
716 1590 746 1647 in
769 1591 834 1666 pice
857 1588 1061 1649 adhaerescas.
1106 1589 1189 1650 Bane
1212 1591 1303 1650 etiem
1324 1589 1452 1664 iactum,
1476 1589 1558 1667 qnod

115 1683 117 1696 '
203 1693 220 1734 a
241 1691 331 1735 manu
353 1681 409 1734 tua
427 1675 582 1752 ingeniosa
596 1674 810 1738 delineationes
824 1684 902 1750 sunt,
926 1677 1077 1755 sculptura
1096 1678 1136 1737 ab
1150 1676 1210 1737 elio
1225 1678 1369 1752 bananso,
1391 1695 1430 1739 nc
1447 1677 1558 1739 Caesar

203 1761 240 1820 ad
261 1763 331 1848 equi
352 1762 495 1839 pontificii
518 1780 616 1824 curam
640 1762 809 1827 descendat.
855 1762 1056 1838 credamini,
1087 1781 1134 1829 me
1156 1781 1216 1825 non
1238 1767 1303 1826 siue
1326 1764 1427 1826 delere
1449 1765 1505 1825 aba
1527 1772 1558 1827 te
1665 1763 1672 1777 '

201 1855 300 1926 petere
322 1851 455 1926 potuisse
477 1851 672 1928 sculpturam,
704 1869 771 1912 cam
800 1851 897 1912 adhuc
920 1850 957 1912 de
980 1851 1133 1914 voluntate
1155 1851 1277 1930 Gritgeri
1305 1853 1376 1912 mihi
1400 1869 1459 1914 usu
1483 1869 1557 1914 con·

201 1944 294 1998 staret
316 1955 431 2015 egoque
454 1938 658 2015 Tubiugensia
678 1940 782 2016 praela
803 1946 855 2000 ant
876 1939 1045 2000 Linciensia
1069 1939 1201 2015 quidem,
1233 1939 1286 2000 ssd
1311 1957 1376 2000 cum
1397 1943 1557 2003 renuncia·

203 2025 283 2086 dona
306 2025 443 2102 Crdgcri,
474 2033 684 2104 exspectarem.
730 2027 815 2088 Nunc
843 2028 967 2104 quaudo
996 2027 1144 2090 mordicus
1172 2027 1222 2089 ille
1245 2036 1326 2090 terret
1344 2029 1395 2105 jus
1417 2047 1503 2090 sunm
1526 2030 1557 2088 in

129 2133 136 2148 ⁸
202 2111 331 2174 curando
355 2130 460 2191 opere,
484 2113 641 2191 provident
662 2116 750 2178 etiem
774 2114 811 2176 de
833 2117 931 2192 operis
932 2156 1043 2178 .....
1090 2115 1136 2178 De
1159 2115 1366 2176 emendatione
1387 2115 1470 2191 globi
1492 2134 1558 2179 me·

202 2203 323 2262 moriem
344 2218 505 2276 revocans,
538 2219 647 2279 magna
669 2220 715 2263 ma
741 2203 895 2279 voluptate
925 2202 1090 2280 perfudisti.
1136 2201 1235 2264 Velim
1264 2211 1293 2264 te
1315 2202 1478 2278 recordari,
1509 2221 1558 2267 me

201 2286 289 2348 tidem
318 2288 497 2351 haeredibus
523 2289 687 2350 Brahsenis
725 2291 917 2352 obstrinxisse
945 2289 981 2351 de
1013 2307 1073 2351 non
1107 2289 1265 2368 culpandis
1283 2292 1558 2355 obseruationibus

202 2392 297 2453 nequa
327 2376 438 2436 tabulis
467 2377 663 2453 excudendis,
694 2379 768 2454 ipsis
797 2393 857 2437 non
886 2378 1040 2442 consultis.
1085 2375 1242 2456 Oporteret
1268 2381 1358 2456 igitur
1379 2388 1409 2441 ct
1432 2387 1461 2440 tc
1483 2379 1557 2442 mibl
1634 2441 1646 2454 ,

202 2481 266 2524 esse
288 2463 465 2542 obligatum,
482 2463 520 2524 ed
552 2465 673 2540 eadem,
703 2467 746 2526 sic
769 2471 882 2540 tamen,
915 2474 948 2526 ιιι
977 2483 1085 2528 nomen
1116 2474 1198 2528 tuum
1221 2470 1251 2526 in
1273 2467 1330 2528 hac
1352 2469 1450 2545 operis
1472 2474 1557 2547 parts

201 2559 376 2629 apponatur.
422 2552 538 2614 Deinde
568 2553 657 2614 velim
681 2561 709 2614 te
731 2554 789 2614 hcc
810 2555 900 2628 scira,
923 2570 982 2614 neu
1007 2571 1071 2614 asse
1093 2557 1212 2615 omnino
1235 2561 1332 2616 tutum
1357 2555 1447 2616 fidere
1471 2563 1557 2618 cuta-

200 2639 267 2718 logo
289 2639 414 2702 lixarum
435 2639 607 2719 'dychomco
609 2683 764 2704 .......
808 2639 871 2702 Nos
893 2641 1024 2702 locorum
1054 2641 1211 2706 intervalla
1233 2641 1383 2719 dividunt,
1412 2643 1484 2702 mihi
1506 2649 1556 2705 tc·

200 2744 263 2788 mos
286 2728 526 2788 observationum
558 2729 670 2790 itineris
697 2728 835 2807 periculis
863 2746 1008 2805 exponere
1038 2747 1096 2790 nou
1129 2739 1174 2791 est
1197 2732 1356 2808 integrum,
1389 2737 1422 2790 ιιι
1443 2731 1556 2792 exscri-

201 2815 269 2876 bam
292 2822 375 2876 vetor
399 2815 581 2894 obligatione
603 2834 682 2892 mee,
713 2817 770 2876 nisi
792 2817 972 2876 certissimus
996 2819 1050 2876 aim
1074 2817 1110 2878 ds
1132 2819 1318 2879 restitutione
1344 2817 1472 2898 exempli
1495 2835 1556 2880 eon
1624 2859 1626 2864 -

202 2903 276 2963 elias
298 2901 483 2965 describendi
485 2947 592 2967 .....
638 2903 824 2965 Omiseram
848 2921 967 2966 uxorem
991 2913 1086 2979 tuem,
1116 2922 1133 2966 o
1157 2906 1350 2967 execrabilem
1372 2906 1416 2966 illi
1439 2906 1556 2968 adren-

202 2997 263 3050 tum
285 3008 398 3066 mcum,
430 2993 481 3068 qni
503 2994 639 3052 meritum
663 2994 720 3069 ipsi
742 3008 828 3052 sunm
851 2994 959 3070 cripuit
981 2995 1069 3070 inque
1092 2993 1259 3056 matheseos
1282 2993 1398 3056 deserte
1421 3001 1451 3056 et
1473 2995 1556 3054 iuria

201 3077 267 3138 loca
289 3076 427 3140 abduxitl
456 3079 516 3140 Sed
538 3081 632 3140 serior
654 3081 698 3138 tui
719 3097 767 3140 me
788 3081 916 3153 miseret,
940 3083 991 3158 qui
1014 3089 1130 3158 tempus
1152 3080 1326 3143 aCalsndis
1339 3081 1475 3144 Jenuerii
1496 3082 1555 3144 huc

202 3183 294 3242 suque
316 3167 421 3244 procul
443 3165 535 3228 dubio
557 3164 720 3244 perdidisti.
759 3167 883 3228 Invenio
907 3171 982 3228 inter
1004 3187 1069 3230 mee
1085 3169 1295 3247 epichiremate
1317 3172 1376 3230 tuis
1398 3171 1556 3232 conatibus

202 3253 316 3328 similia,
340 3255 490 3317 frustanea
513 3263 542 3316 ct
564 3253 781 3317 inconsiderate
803 3257 911 3320 omnia
956 3256 1031 3318 Nem
1055 3259 1081 3317 si
1103 3264 1213 3318 certum
1237 3265 1297 3335 ost,
1326 3265 1360 3318 ιιι
1382 3265 1427 3319 est
1449 3260 1553 3319 certis·
1585 3295 1589 3316 .

202 3343 317 3417 dmum,
340 3344 383 3403 eic
405 3359 471 3404 esse
494 3345 569 3404 inter
590 3361 624 3404 aa
647 3343 741 3404 latera
754 3343 988 3420 ‘bieogulorum
1013 3347 1089 3406 sicut
1110 3354 1179 3406 sunt
1201 3348 1276 3410 inter
1297 3363 1328 3407 ss
1351 3348 1434 3406 sinna
1456 3363 1552 3424 angn-

198 3429 292 3490 lernm
316 3433 528 3507 oppositorum,
551 3430 659 3491 trustra
681 3432 770 3508 igitur
791 3433 1008 3509 proportionem
1024 3432 1198 3509 angulorum
1221 3435 1351 3509 ipsorum
1374 3436 1554 3510 quaerimus,

199 3533 275 3595 quse
298 3521 418 3578 omnino
442 3517 538 3578 differt
559 3535 579 3579 a
599 3520 716 3578 sinuum
739 3522 945 3596 proportiona;
969 3521 1041 3584 recti
1063 3521 1140 3581 enim
1163 3527 1193 3580 et
1214 3523 1296 3582 curvi
1318 3519 1400 3582 nulle
1422 3529 1467 3582 est
1480 3539 1552 3599 pro·

198 3607 294 3682 portio
325 3603 449 3667 effabilis
472 3614 527 3672 etc.
579 3605 730 3667 Imitemur
759 3608 849 3683 igitur
871 3607 981 3682 Deum,
1012 3608 1063 3685 qni
1091 3624 1156 3690 cnm
1185 3613 1215 3668 st
1237 3608 1410 3668 infinitatem
1440 3611 1470 3668 in
1488 3611 1551 3694 ¹iru-

198 3709 300 3754 mensa
321 3692 375 3752 illa
396 3693 519 3772 fixarum
542 3692 668 3770 sphaera
692 3691 782 3755 vellet
804 3693 1172 3773 expressam,‘finitionem
1194 3711 1265 3756 vero
1289 3697 1318 3754 iu
1340 3698 1552 3772 augustissima

198 3783 318 3857 regione
341 3781 504 3858 mobilium,
528 3780 581 3841 illa
603 3783 666 3842 siue
690 3797 768 3856 cure,
791 3783 855 3844 sinc
879 3781 980 3842 ordine
994 3782 1122 3858 reliquit,
1146 3784 1207 3874 ista¹
1220 3783 1457 3861 proportionibus
1479 3783 1551 3846 her·
1641 3775 1645 3782 ’

198 3871 320 3929 manicis
350 3871 487 3929 instruxit
517 3871 741 3946 sapientissime.
787 3869 825 3930 Et
846 3886 900 3930 noa
924 3872 1011 3946 igitur
1039 3869 1200 3930 doctrinam
1230 3871 1458 3948 triangulorum,
1490 3889 1552 3948 qua

199 3974 272 4034 epna
294 3956 438 4019 hebemus
460 3955 499 4017 ad
522 3957 696 4018 intinitatem
725 3959 840 4018 numeri
868 3963 898 4018 ct
920 3957 1122 4034 dispositionis
1148 3958 1273 4021 lixarum
1296 3959 1550 4035 separationisque

199 4043 384 4106 omnimodas
406 4042 591 4122 planetarum
613 4064 632 4106 a
654 4043 757 4106 stellis,
770 4060 822 4121 per
843 4053 954 4104 motum
978 4047 1045 4122 (qui
1069 4053 1102 4106 ut
1123 4046 1255 4107 informis
1278 4046 1378 4122 aliqua
1401 4048 1552 4121 quantitas

198 4133 348 4193 infinitatis
364 4141 408 4192 est
421 4133 592 4209 particeps),
615 4139 772 4195 tractemus
786 4149 838 4208 per
854 4147 996 4194 canonem
1009 4135 1136 4207 sinuum,
1161 4137 1211 4212 qui
1234 4135 1406 4194 infinitatem
1429 4135 1551 4210 quenti-

199 4223 322 4280 tetiram
343 4228 553 4298 repraesentat
597 4219 640 4281 At
661 4219 769 4298 figuras
792 4207 1034 4282 demonstrabiles
1058 4220 1185 4298 indeque
1207 4221 1418 4301 dependentem
1441 4217 1552 4280 deotri-

198 4323 265 4368 nam
287 4306 487 4369 harmonicam
512 4316 542 4370 et
564 4308 672 4368 similia
695 4307 816 4368 delinita
828 4315 867 4370 'et
889 4315 968 4369 certa
990 4325 1162 4370 revocemus
1184 4307 1223 4370 ad
1252 4309 1370 4386 regulas
1392 4309 1551 4370 memoriae

199 4393 398 4470 mendehiles,
430 4399 536 4473 cuique
565 4412 651 4456 suum
680 4395 850 4455 tribuentes.
896 4395 943 4457 lta
973 4396 1024 4457 fiet
1055 4406 1088 4458 ut
1115 4404 1146 4458 et
1169 4396 1207 4456 ad
1237 4397 1368 4460 laborem
1398 4394 1550 4458 doctrinae

200 4483 426 4561 triangulorum,
458 4491 601 4561 quautam
623 4499 744 4545 necasse
767 4491 825 4557 cst,
856 4483 1050 4559 sufficiemus,
1079 4493 1109 4546 at
1130 4483 1284 4563 voluptate
1308 4484 1493 4544 divinissima
1515 4499 1551 4545 ex

200 4570 448 4648 contemplatione
470 4571 629 4632 formarum
652 4579 682 4631 et
704 4569 927 4650 archetyporum
950 4589 1010 4634 non
1034 4567 1247 4634 defraudemur.
1292 4570 1378 4632 Valc.

302 4671 375 4728 Num
388 4670 572 4729 Schickerdus
590 4671 640 4728 has
652 4671 765 4741 Kepieri
782 4670 875 4728 literas
893 4673 1030 4744 acceperit
1048 4688 1141 4744 necne,
1159 4688 1215 4744 non
1233 4677 1307 4728 certo
1325 4670 1462 4728 affirmare
1479 4671 1552 4743 licet,

201 4775 260 4815 cum
286 4759 427 4830 proximae
445 4759 607 4816 Schickardi
622 4759 718 4815 literae
736 4759 775 4826 (d.
794 4760 947 4832 Ntlrtingee
972 4761 1015 4818 die
1039 4760 1177 4818 Passionis
1200 4759 1359 4816 Dominicis
1377 4758 1460 4829 1618)
1482 4759 1550 4816 nihil

197 4837 331 4912 hahcsut',
355 4847 430 4918 qnod
455 4848 490 4904 sd
513 4847 665 4919 praemissa
688 4847 816 4916 pertinet
851 4849 958 4920 Doluit,
981 4845 1077 4904 scribit
1099 4845 1178 4918 quasi
1201 4862 1255 4902 non
1278 4844 1352 4904 lecta
1368 4844 1481 4917 Kepleri
1504 4861 1551 4903 ex·

202 4935 355 5003 amatione,
373 4932 443 4993 illud
460 4934 598 5006 nonnihil,
617 4936 690 5006 qnod
709 4935 851 5008 sculpendi
867 4936 946 4994 labor
963 4951 981 4992 a
996 4951 1055 5003 mc,
1075 4934 1119 4992 cni
1137 4933 1255 4990 omnium
1272 4933 1360 5006 primo
1378 4933 1550 4993 concreditas

202 5029 267 5096 aret,
282 5023 313 5085 in
330 5023 414 5087 aliam
429 5022 582 5085 translatas
599 5022 666 5097 iuit;
691 5025 864 5101 auspicabar,
885 5030 915 5084 te
932 5023 1025 5082 forsan
1040 5022 1076 5080 de
1092 5037 1236 5097 operarum
1253 5038 1374 5085 metrum
1390 5022 1446 5084 ide
1462 5029 1492 5087 ct
1507 5023 1548 5086 ie·
