3662 5544
814 448 893 512 tart.
1345 395 1350 408 ι
1460 445 1524 520 843

178 622 214 682 da
236 623 345 683 tabulis
368 625 430 700 illa,
454 629 611 705 nunciam
634 635 702 690 sunt
724 632 754 691 in
776 640 889 710 parato,
913 634 1007 709 primo
1031 649 1148 710 quoque
1171 639 1301 713 tempore
1318 634 1525 710 exscribamus,

177 711 267 772 editio
293 729 361 771 vero
385 716 491 792 cuique
514 733 569 777 sua
592 717 664 778 citra
686 718 807 780 alterius
830 723 985 796 praeventi
1009 721 1198 782 offensionem
1221 723 1313 782 libera
1337 731 1391 782 est.

281 813 351 869 Hinc
369 815 469 870 transit
486 815 621 886 lieplerus
640 816 674 872 ad
692 819 810 889 Lucam,
836 835 917 890 quam
935 819 1076 875 Fabricius
1098 819 1290 876 circumdatam
1314 837 1375 877 esse
1400 826 1460 875 aere
1480 817 1526 874 ob-

176 901 376 958 servationibus
395 902 452 960 sais
470 903 579 974 probari
598 913 722 976 censeat,
747 907 878 976 illumque
901 906 1010 979 ablegat
1033 907 1212 976 adoptiuum
1237 924 1325 978 suam,
1350 907 1396 962 obi
1415 908 1526 961 demon·

176 995 290 1044 atratum
310 989 354 1058 sit,
372 1007 472 1046 carraas
488 992 582 1047 talium
601 995 822 1064 appetendarum
841 1010 875 1050 ex
892 1003 972 1065 parta
989 995 1016 1050 ia
1033 993 1109 1050 visus
1127 993 1243 1050 fallaciis
1264 995 1434 1065 quaerendas
1453 1008 1525 1049 esse.
1613 1030 1619 1044 .

178 1105 210 1118 -
232 1077 399 1132 Sententiam
424 1079 541 1134 Fabricii
566 1081 601 1136 de
622 1081 769 1152 hypothesi
796 1083 981 1151 Gopcrnicaua
1005 1099 1166 1155 aggressus,
1195 1083 1233 1138 sic
1258 1084 1348 1152 pergit
1375 1079 1525 1152 Keplerus:

177 1159 307 1220 Tandem
331 1164 360 1220 in
384 1163 575 1239 Prognostica
605 1168 673 1224 anni
700 1171 794 1226 1617.
824 1167 957 1227 elierbuit
979 1167 1116 1227 Fabricio
1146 1183 1221 1238 meo,
1251 1173 1283 1225 ut
1311 1164 1443 1239 videtur,
1476 1163 1525 1224 diu

178 1263 344 1324 compressa
367 1251 433 1310 bilis
456 1254 485 1309 in
508 1251 637 1329 aliquam
661 1253 851 1327 iracundiam,
874 1265 947 1332 puto
963 1271 1022 1313 noa
1037 1255 1125 1313 aliam
1142 1254 1179 1314 ob
1196 1270 1325 1326 causam,
1351 1270 1438 1328 quam
1456 1242 1539 1330 qrria'

177 1351 234 1394 uon
256 1337 403 1413 respondi,
428 1341 600 1401 uitandam
625 1341 672 1401 vel
695 1341 820 1401 stimulis
845 1343 999 1402 verborum
1022 1341 1160 1415 alliceres,
1184 1340 1263 1417 qnod
1278 1343 1438 1399 totauricis
1454 1358 1526 1416 pro-

178 1425 383 1484 vocationibus
406 1443 463 1485 ιιοιι
487 1415 707 1506 impetraveras·
754 1429 831 1507 Ergo
854 1438 965 1489 motum
988 1428 1124 1502 Telluris,
1148 1445 1197 1488 cor
1219 1437 1248 1487 et
1269 1429 1397 1487 animam
1420 1445 1525 1503 meam,

177 1512 307 1571 incursas
330 1529 437 1590 magno
458 1514 615 1588 molimine,
640 1517 731 1578 verba
752 1535 828 1592 urea,
851 1533 1008 1594 suppresso
1024 1523 1121 1576 tamen
1145 1533 1210 1576 meo
1234 1517 1359 1587 nomine,
1384 1531 1420 1574 ex
1436 1515 1526 1576 Oum-

178 1603 326 1660 mentariis
356 1601 392 1660 de
421 1609 501 1662 ιιιοιιι
530 1603 649 1678 Martis,
685 1605 791 1681 quibus
822 1603 859 1664 ad
889 1605 1084 1681 objectionem
1115 1602 1262 1682 quandam
1286 1601 1466 1679 respondeo,
1496 1605 1525 1662 ln

178 1701 293 1746 scenam
325 1688 466 1764 producta
495 1692 566 1768 joco
596 1691 738 1766 traducis,
764 1709 829 1768 arro
859 1695 947 1752 etiam
981 1701 1114 1753 sanctum
1145 1691 1201 1750 Del
1232 1693 1339 1750 virum·
1362 1691 1523 1750 intexuisti.

177 1773 307 1848 Possem,
331 1779 356 1834 st
377 1779 426 1853 pie
448 1795 575 1854 possem,
599 1781 775 1840 contrariam
794 1779 895 1854 jocum
918 1797 1057 1855 regerere,
1083 1797 1148 1838 eum
1171 1795 1228 1838 non
1253 1784 1366 1836 tantum
1391 1777 1419 1835 iu
1443 1787 1524 1837 motu

178 1859 293 1932 Terrae,
317 1863 483 1940 quodvult
506 1867 695 1943 (lopernicus,
718 1884 822 1926 sensus
847 1867 996 1926 oculorum
1019 1884 1038 1929 a
1059 1885 1090 1926 re
1113 1863 1178 1945 ipsa
1203 1865 1325 1937 differat,
1350 1864 1403 1925 aad
1426 1868 1525 1938 etiam,

178 1947 255 2022 quod
280 1957 311 2008 tu
334 1955 447 2026 cogeris
470 1954 562 2026 lateri,
588 1957 636 2036 „ia
661 1953 757 2014 medio
781 1953 864 2027 coeli,
889 1957 918 2012 ln
941 1953 1030 2032 plaga
1053 1971 1174 2014 occasus
1196 1971 1248 2032 per
1272 1953 1357 2013 rrrbes
1381 1958 1410 2012 et
1432 1952 1526 2013 valles

178 2035 345 2098 Palestinae
367 2039 522 2117 descripta,
546 2043 575 2100 in
599 2059 668 2103 casu
693 2041 817 2118 denique
841 2048 870 2102 et
892 2059 1016 2104 ascensu
1039 2037 1155 2116 Solis“,
1179 2057 1256 2118 quae
1279 2042 1469 2100 omnisonae
1491 2037 1530 2099 ad

177 2125 273 2183 visum
297 2129 367 2185 certi
390 2127 516 2188 hominis
546 2148 631 2202 vara,
661 2145 851 2206 persevera
873 2145 931 2188 uon
956 2138 1023 2189 sunt
1046 2137 1158 2190 remota
1181 2127 1414 2189 consideratione
1439 2129 1529 2188 visus.

176 2209 280 2272 Nouae
304 2219 334 2271 ιιι
358 2216 421 2290 ipse
444 2232 545 2293 negas,
572 2217 711 2292 ,Terram
734 2218 786 2275 niti
811 2213 986 2294 columnis“,
1016 2217 1095 2294 quod
1118 2217 1175 2278 scis
1199 2215 1342 2276 affirmare
1365 2215 1530 2291 Scripturas

176 2297 214 2357 ad
237 2297 377 2361 literam?
416 2302 456 2361 rit
478 2321 536 2364 non
559 2305 656 2382 placet
678 2303 750 2364 mihi
773 2310 879 2376 tecum,
904 2306 953 2380 qui
977 2312 1162 2365 astronomus
1184 2304 1306 2364 celebris
1322 2319 1363 2377 es,
1387 2301 1529 2374 decom·

175 2389 314 2447 munibus
336 2391 410 2464 istis,
434 2409 510 2467 quae
533 2409 569 2452 ne
591 2391 749 2468 theologus
772 2389 891 2468 quidem
914 2393 986 2452 satis
1010 2409 1074 2454 cum
1092 2391 1235 2470 dignitate
1254 2391 1388 2463 moverit,
1412 2389 1530 2449 vitiliti·

174 2490 260 2551 gare3
283 2475 389 2536 trustra
412 2481 556 2554 exarsisti,
579 2495 637 2538 non
661 2487 775 2538 tanturn
798 2481 868 2555 quia
894 2479 966 2538 nihil
982 2497 1038 2557 ego
1054 2495 1245 2556 responsurus
1268 2494 1342 2553 sum,
1366 2473 1417 2536 sed
1441 2479 1530 2536 etiam

175 2562 246 2637 quis
266 2563 339 2622 nibil
363 2571 393 2623 tu
417 2566 533 2642 prolicit
556 2565 635 2645 apud
657 2563 869 2645 philosophos,
901 2569 950 2643 qui
979 2567 1111 2644 plerique
1138 2575 1207 2644 post
1237 2565 1368 2626 sidereos
1401 2563 1529 2624 Galilael

174 2650 300 2709 nuncios
320 2651 382 2726 jam
408 2653 517 2714 dadum
541 2652 586 2732 (ut
607 2671 700 2729 nuper
723 2653 841 2728 quidam
864 2656 907 2713 tui
923 2652 1026 2714 similis
1043 2655 1302 2729 antiennosigaeus
1317 2669 1385 2712 vere
1402 2649 1528 2730 scripsit)

174 2733 459 2813 Copornicoturiunt.
506 2741 563 2801 Adi
587 2749 616 2802 et
638 2741 708 2802 audi
725 2741 928 2818 Ceperuicum‚
952 2740 1117 2815 Rheticum,
1140 2739 1343 2812 Maestlinum,
1367 2737 1529 2814 Origauum

173 2830 202 2883 et
231 2841 316 2885 meae
345 2827 493 2903 Epitomes
518 2829 724 2889 Astronomiae
746 2827 852 2888 librum
874 2831 1015 2905 primum,
1051 2827 1218 2906 siquando
1248 2824 1443 2903 bibliopolae,
1476 2827 1526 2902 qui

172 2919 288 2972 sumtus
312 2913 390 2987 iacit,
416 2915 571 2977 editionem
596 2917 660 2993 ejus
683 2923 828 2976 maturare
850 2908 994 2992 placuerit
996 2959 1131 2980 ......
1177 2913 1263 2991 Quod
1287 2920 1429 2990 superest,
1451 2912 1528 2974 hanc

171 3002 392 3076 responsionem
414 3021 509 3064 meam
533 3005 773 3081 aequibonique
796 3003 931 3077 consule,
962 3020 1058 3081 acque
1081 3011 1110 3065 te
1133 3003 1301 3080 poeniteat,
1325 2999 1528 3078 Ephemeridls

171 3083 262 3161 hujus
284 3089 434 3149 vestibulo
457 3092 559 3164 inseri,
584 3091 619 3151 de
643 3091 727 3169 cnjus
750 3091 807 3151 lide
830 3107 916 3150 nemo
939 3097 967 3152 te
991 3093 1055 3168 ipso
1078 3094 1186 3151 rectius
1207 3089 1317 3167 poterit
1335 3087 1478 3165 judicare]
1501 3089 1527 3148 si

172 3173 304 3235 volueris
326 3175 567 3256 diligentiamque
596 3179 738 3239 hactenus
769 3184 940 3254 usurpatam
971 3179 1008 3237 ad
1033 3177 1247 3238 observandum
1271 3175 1414 3236 attuleris.
1461 3175 1528 3236 Hae

170 3260 261 3335 igitar
283 3266 360 3323 inter
381 3267 490 3341 primos
513 3266 621 3338 fruere,
646 3267 760 3327 coelum
784 3273 814 3325 at
836 3275 965 3327 meteora
988 3267 1094 3338 confer,
1119 3282 1243 3337 errores,
1266 3267 1291 3324 si
1315 3279 1390 3340 quos
1410 3263 1525 3340 liquido

170 3340 409 3425 deprehenderis,
432 3353 501 3412 milri
525 3354 630 3428 detege
653 3371 759 3430 meque
782 3359 811 3413 et
834 3354 890 3413 hac
913 3361 943 3413 et
965 3354 1072 3430 quibas
1095 3351 1162 3413 aliis
1183 3353 1293 3429 poteris
1315 3351 1479 3411 rationibus
1495 3353 1524 3409 in

169 3437 356 3498 emendando
379 3438 559 3500 Tabularum
587 3457 675 3518 opere
698 3440 816 3518 publico
838 3439 942 3502 sedulo
965 3439 1086 3518 adjuva.
1131 3439 1219 3502 Vale.

276 3537 428 3607 Nescimus,
448 3557 512 3595 num
531 3539 667 3609 lleplerus
685 3539 879 3610 praelationem
899 3541 970 3596 hunc
990 3539 1104 3596 seorsim
1121 3539 1194 3610 typis
1213 3538 1383 3609 exsculptam
1397 3537 1525 3597 Fabricio

168 3623 277 3680 miserit
295 3639 366 3678 anno
385 3626 438 3680 hoe
459 3627 540 3694 16163
560 3629 603 3682 sin
621 3627 720 3696 minus,
738 3625 880 3682 Fabricius
899 3627 996 3682 librum
1010 3625 1164 3684 absolutum
1176 3643 1232 3682 non
1245 3626 1359 3696 accepit,
1379 3643 1526 3683 camarino
1621 3621 1627 3644 '

168 3711 240 3766 teir
259 3711 395 3778 erastino
409 3711 547 3770 Ostelensi
565 3715 725 3771 interemtus
743 3713 833 3778 luerit,
851 3713 924 3785 qaod
942 3712 1079 3784 lleplems
1097 3729 1168 3770 auno
1187 3713 1294 3770 demum
1310 3715 1375 3772 1019
1394 3729 1428 3769 ex
1441 3715 1526 3772 Remo

167 3799 305 3869 comperit
324 3801 379 3868 (cir.
398 3803 448 3856 vol.
466 3805 487 3856 1.
506 3819 532 3868 p.
553 3805 622 3872 300).
791 3844 794 3855 .
1555 3837 1557 3840 -

276 3888 309 3942 ln
328 3885 444 3956 epistola
461 3887 627 3946 dedicatoria
637 3889 741 3961 primae
760 3889 845 3960 partis
859 3887 1080 3962 Ephememdum,
1100 3885 1165 3943 data
1176 3887 1283 3946 Linciis
1297 3889 1353 3946 Cal.
1366 3889 1434 3946 Nor.
1449 3889 1526 3960 1010,

165 3973 369 4046 Imperatorem
393 3976 538 4031 Matthiam
562 3977 697 4033 allocutus
722 3977 808 4033 reiert
831 3975 980 4046 Keplerus,
1006 3975 1205 4046 Imperatorem
1232 3977 1410 4048 Rudolphnm
1429 3975 1525 4031 aerarii

165 4061 320 4131 praelectis
338 4062 496 4133 mandasse,
522 4073 553 4120 ut
570 4063 682 4120 residua
707 4063 902 4135 stipendiorum
924 4063 971 4134 (ad
990 4065 1059 4121 2000
1076 4061 1119 4128 fl.)
1144 4063 1316 4118 exsolverent
1339 4069 1367 4119 et
1385 4061 1439 4118 alia
1457 4061 1527 4118 2000

166 4146 313 4204 adderent.
351 4149 383 4205 Id
403 4165 457 4218 quo
475 4151 564 4206 miuus
583 4151 684 4206 iactum
710 4151 759 4220 sit,
786 4151 912 4207 effectum
936 4167 997 4207 esse
1020 4149 1180 4206 infelicitate
1206 4149 1375 4221 sequentium
1394 4163 1525 4204 annorum

165 4245 195 4290 et
212 4243 306 4292 morte
324 4234 474 4305 liudolphi.
509 4237 552 4292 Dc
569 4244 714 4307 praesente
732 4245 857 4308 tempore
876 4238 945 4294 haec
962 4237 1057 4293 alieri:
1082 4233 1122 4294 Αι
1142 4251 1201 4293 non
1217 4249 1272 4310 ego
1288 4239 1441 4309 propterca
1456 4249 1526 4308 pro·

165 4322 268 4396 posito
293 4318 394 4379 destiti
418 4337 472 4380 nec
494 4325 623 4381 animum
640 4321 826 4402 despondens
843 4320 880 4382 ad
897 4321 955 4383 alia
972 4322 1062 4398 vulgo
1079 4323 1245 4398 acceptiora
1265 4321 1415 4396 copiisque
1430 4335 1524 4378 rerum

165 4406 203 4467 ad
228 4409 314 4467 vitae
337 4406 522 4483 splendorem
545 4417 575 4470 et
596 4409 698 4470 luxum
720 4410 937 4470 abundantiora
960 4411 1072 4482 transii,
1099 4411 1169 4486 quin
1192 4409 1308 4485 potius,
1333 4413 1473 4483 quantum
1497 4415 1526 4466 et

164 4494 292 4571 publica
316 4495 489 4570 inquietudo
520 4505 549 4557 ct
572 4495 726 4558 domestici
749 4498 847 4557 luctas
868 4506 937 4557 sunt
961 4499 1059 4574 passi,
1091 4500 1120 4555 ln
1143 4511 1249 4570 magna
1272 4509 1364 4553 rerum
1388 4495 1525 4569 angustia

164 4581 274 4642 scdulo
297 4583 423 4659 perrari,
447 4582 541 4644 donec
563 4583 605 4644 Μ.
630 4584 735 4644 Vestra
757 4601 804 4644 me
827 4602 879 4660 per
900 4583 946 4644 lll.
970 4593 999 4646 et
1014 4584 1088 4644 Gerr.
1108 4585 1145 4644 D.
1160 4581 1331 4642 Helllricum
1346 4596 1365 4638 a
1381 4579 1523 4656 Mechaw,

163 4672 360 4730 secretiorum
377 4669 564 4732 consiliorum
579 4673 751 4750 participem
767 4678 796 4731 et
811 4689 979 4748 supremum
1002 4671 1206 4735 camerarium,
1230 4669 1259 4725 in
1282 4667 1435 4744 proposito
1457 4685 1524 4730 mco

164 4759 258 4835 taqua
281 4757 414 4818 servitiis
429 4759 490 4818 sals
504 4761 659 4837 persistere
679 4759 805 4836 juberet,
829 4759 968 4819 subsidiis
991 4761 1169 4834 istis,=quae
1193 4753 1373 4814 mnaseas
1395 4753 1524 4817 ddelium

165 4846 310 4907 dammas
332 4845 493 4923 superioris
514 4861 667 4926 procerum
692 4845 856 4910 liberalitas
879 4847 952 4908 mihi
973 4846 1088 4924 roganti
1114 4843 1270 4922 superstite
1292 4837 1449 4920 liudolpho
1472 4845 1526 4904 tri.
