3624 5554
815 415 892 482 brai·
1267 387 1277 408 ⁸
1456 420 1530 500 m.
1643 461 1647 468 .

150 597 238 675 uldel,
260 589 345 662 asel
369 599 471 662 iarun
491 599 688 662 normias
709 615 764 676 par
784 611 821 660 su
844 595 986 662 omnus
1007 599 1152 675 ιιιιιιιι
1182 599 1251 662 Vari
1273 619 1335 667 vsa
1357 605 1522 669 nbvluall

155 685 231 749 disse
253 687 345 766 Weg
370 705 413 753 ιι
436 688 627 764 Vsrkiirsung
655 685 707 748 das
728 702 863 764 procem
894 684 966 746 eder
987 685 1186 766 surrogans
1217 689 1268 750 det
1290 697 1405 768 gasan
1425 692 1529 760 ens.

156 775 200 836 bal
227 773 283 836 ier
312 775 456 837 biberen
478 773 654 852 Obrigbbait
673 774 883 852 ιιιιιιιιμ,
911 772 1018 852 biebey
1048 789 1107 836 reu
1127 775 1210 836 libra
1230 795 1335 854 saepen
1362 779 1439 840 aab
1462 781 1528 842 anu

160 865 232 924 nain
255 871 359 925 entes
381 857 556 940 ¹rtrrbr'urpen
578 865 608 922 in
630 860 709 924 allen
731 861 1090 926 remoraremur.
1133 863 1222 926 bucin
1235 865 1315 930 ouer
1328 865 1440 929 vastae
1462 868 1528 930 aad·

164 949 228 1010 eor.
250 949 338 1014 mich
362 949 562 1028 ndsrtlriiuip
583 949 770 1026 ooruoottg
791 947 974 1012 beiablsude.

264 1042 380 1101 scum
405 1045 458 1104 17.
481 1037 550 1099 dtu.
574 1050 623 1098 att.
649 1042 742 1100 1591.
864 1045 868 1058 ’

484 1126 517 1186 ll
539 1125 578 1186 G.
602 1124 664 1186 und
686 1124 720 1184 11.

625 1254 630 1262 .
727 1209 963 1288 Vndertbiiniger

751 1297 946 1360 (labe'rsamer

1103 1387 1147 1449 M.
1169 1389 1301 1452 «lebam
1323 1390 1438 1468 Kapsa

1159 1476 1397 1540 Matusarum.

272 1625 379 1696 Quibus
397 1625 489 1682 causis
508 1633 581 1682 mota
599 1641 701 1698 sponsa
714 1623 828 1696 Kepleri
846 1621 927 1679 tidem
941 1626 1062 1697 mutant,
1081 1643 1134 1684 non
1153 1629 1236 1700 plaue
1254 1630 1359 1688 ιιιιιιι
1376 1631 1408 1686 ilt
1420 1647 1435 1686 s
1446 1648 1525 1706 prae·

168 1713 260 1770 missia
278 1721 308 1768 et
325 1713 386 1770 aliis
406 1729 478 1785 quae
496 1721 644 1788 supersunt
667 1713 701 1768 de
718 1711 771 1768 bac
796 1711 902 1768 actione
926 1713 1096 1770 testimoniis.
1133 1715 1263 1775 Editores
1282 1717 1523 1790 1,ιιιιιιιιιιιιιί

167 1799 342 1870 (lientlinger
359 1807 388 1858 et
405 1799 561 1868 Neumann)
587 1800 658 1856 sicut
683 1807 711 1854 at
730 1801 885 1856 Hanecbius
909 1800 939 1856 in
961 1800 1032 1857 hauc
1050 1801 1183 1860 inclinant
1202 1803 1371 1878 opinionem,
1395 1804 1526 1864 familiam

167 1903 286 1958 sponsae
306 1888 407 1958 (pater,
427 1887 508 1943 Jobst
525 1887 674 1955 Mollerus,
692 1887 904 1944 molendinarius
924 1895 952 1944 et
970 1904 1097 1958 agrorum
1115 1904 1258 1960 possessor
1283 1891 1318 1948 ad
1338 1892 1529 1959 Goesseudori,

166 1991 254 2045 prope
273 1974 407 2044 Gratiam,
426 1971 552 2030 dominus
571 1983 630 2032 erat
648 1992 664 2028 a
682 1975 816 2032 Mohleclr
834 1981 862 2030 et
880 1973 987 2046 generis
1006 1972 1114 2044 nobilis,
1133 1975 1250 2033 testibus
1268 1978 1341 2044 viris,
1359 1993 1428 2048 quos
1446 1977 1527 2034 modo

167 2061 300 2128 diximus)
322 2061 351 2116 in
373 2059 531 2130 conjugium
552 2055 621 2118 illud
645 2063 799 2118 consentire
823 2059 959 2130 noluisse,
989 2059 1041 2117 uisi
1066 2059 1143 2132 prius
1166 2050 1303 2132 I'ieplelus
1326 2065 1437 2134 originis
1461 2081 1528 2122 suae

166 2147 340 2204 nobilitatem
359 2139 589 2218 demonstrasset,
617 2165 733 2218 eamque
754 2151 902 2220 praecipue
921 2147 955 2204 eb
973 2163 1085 2204 causam
1103 2149 1252 2221 Keplerum
1276 2151 1305 2208 iu
1321 2153 1438 2222 patriam
1456 2169 1528 2210 anno

169 2235 237 2290 1596
256 2233 381 2300 rediisse,
401 2240 433 2290 ut
449 2233 519 2290 haec
545 2237 700 2292 testimonia
716 2237 885 2307 impetraret.
922 2236 1029 2307 Sponsa
1050 2226 1172 2292 Barbara
1188 2237 1316 2294 Mulieris
1337 2236 1424 2310 primo
1443 2248 1530 2310 nupta

165 2321 219 2377 suit
244 2324 305 2377 rire
328 2321 462 2392 locupleti
479 2321 626 2394 Inersutio,
650 2326 698 2396 qui
717 2341 752 2381 ex
775 2341 809 2380 ea
833 2341 904 2380 anno
922 2323 994 2380 iseo
1012 2323 1095 2378 tiliam
1115 2321 1273 2396 (Reginam)
1293 2310 1427 2397 'suscepit
1463 2321 1528 2400 Ipse

165 2407 306 2478 lieplerns
333 2409 403 2464 haec
428 2411 532 2479 scripta
556 2411 680 2481 reliquit:
704 2408 830 2485 primurn
854 2407 1023 2484 conjugium
1048 2425 1113 2468 cum
1136 2408 1230 2469 divite
1253 2417 1281 2470 et
1297 2404 1452 2487 splendido
1469 2413 1528 2470 lni-

167 2501 229 2550 tum
263 2491 399 2554 durabile
430 2511 488 2552 non
517 2495 588 2574 tuit,
619 2496 742 2556 alterum
771 2507 837 2555 cum
865 2495 999 2554 morbido
1031 2503 1061 2554 et
1089 2495 1295 2572 impeditarum
1323 2499 1469 2559 rationum
1499 2499 1530 2560 et

165 2578 312 2640 malorum
327 2579 486 2641 liberorum
502 2577 622 2660 parente
638 2579 737 2668 (biarlr
755 2575 873 2655 Miller,
891 2577 1053 2660 Styriorum
1070 2583 1203 2642 ordinum
1221 2574 1529 2674 „Bauuahlrnrrist'er“)¹

164 2666 276 2726 lnislix.
331 2665 464 2728 Tertium
488 2675 558 2742 (cum
577 2673 706 2744 lieplere)
735 2689 800 2732 cum
830 2670 966 2728 maximis
998 2669 1092 2728 turbis
1123 2670 1321 2746 conjunctum.
1373 2669 1453 2732 Nata
1483 2681 1530 2734 est

167 2771 267 2814 meuse
291 2753 386 2816 Junio
411 2747 505 2818 1573.
537 2757 666 2829 Papius
685 2757 806 2832 Keplsre
818 2753 945 2826 Tuoinga
963 2753 1153 2828 stuttgartiam
1170 2759 1283 2815 nunciat
1294 2757 1351 2829 (17.
1363 2749 1459 2830 MaiiJ:
1480 2759 1530 2828 ,D.

169 2842 402 2902 Obernslorfferus
425 2855 454 2902 et
471 2847 552 2902 Osius
572 2841 693 2916 (Gratio)
718 2840 784 2900 mibi
803 2843 939 2911 scribunt,
965 2851 1089 2898 aetnam
1108 2860 1219 2900 causam
1239 2845 1277 2899 sic
1296 2843 1399 2916 spisse,
1422 2852 1454 2904 ut
1478 2839 1529 2902 tibi

167 2948 270 3001 sponsa
290 2933 328 2988 sit
346 2940 436 3004 certa,
461 2942 563 2988 certum
582 2933 791 3000 matrimonium,
810 2931 891 2986 modo
908 2937 1029 2985 matures
1053 2931 1180 2990 reditum.
1211 2927 1315 2986 idcirco
1333 2927 1406 3002 ride,
1422 2948 1457 2988 ns
1470 2929 1529 3000 jam

165 3019 223 3074 tuis
240 3021 304 3090 ipse
329 3021 422 3076 obstes
447 3018 595 3076 commodis
618 3019 788 3075 diuturniore
814 3017 1053 3074 commeratione.“
1091 3017 1168 3092 Quae
1189 3025 1256 3087 post
1275 3017 1393 3072 reditum
1416 3008 1529 3087 depleri
1612 3031 1613 3036 ¹

165 3122 255 3162 norae
275 3114 355 3162 ortae
373 3107 428 3163 sint
446 3107 598 3163 simultates
616 3107 687 3164 inter
703 3095 835 3162 familiam
851 3120 969 3176 sponsae
987 3108 1015 3160 e't
1031 3100 1193 3176 Keplerum,
1217 3103 1367 3176 nescimus,
1384 3103 1438 3160 nisi
1455 3104 1529 3176 qued

166 3195 236 3251 baec
253 3195 368 3264 Kepleri
386 3195 469 3252 rerba
486 3210 542 3250 rem
562 3197 706 3253 obscuram
724 3193 892 3265 aliquantum
911 3189 1060 3247 illustrant:

274 3288 444 3365 Speidelius
474 3292 658 3350 matrimonio
686 3296 787 3366 aperte
817 3287 924 3346 restitit
951 3281 1104 3364 πλιοιιξιᾳ
1134 3283 1278 3360 quadam3
1308 3300 1376 3344 uam
1408 3283 1528 3346 viduam

170 3379 234 3454 ipse
257 3393 326 3436 cum
348 3376 576 3455 amplificatione
599 3394 671 3437 suae
693 3367 806 3454 gratiae
830 3375 951 3435 arbitrio
974 3371 1092 3450 proprie
1116 3370 1282 3431 siccaturus
1305 3378 1333 3430 et
1356 3361 1528 3437 beneiacele

169 3463 261 3524 cbare
285 3463 374 3524 alicui
398 3465 502 3524 voluit.
546 3464 680 3524 Zeilerus
703 3471 763 3536 est,
794 3465 828 3520 in
854 3478 941 3538 quem
969 3461 1095 3520 maxime
1124 3461 1219 3520 exarsi
1243 3458 1383 3520 omnium.
1429 3456 1528 3522 Causa

168 3549 336 3628 multiplex.
381 3551 481 3612 Prima
503 3554 599 3630 origo,
624 3549 702 3628 quod
724 3549 883 3611 insolenter
910 3565 1080 3624 usurparem
1104 3547 1203 3606 oreris
1226 3547 1319 3624 ipsius
1342 3544 1432 3608 boun.
1478 3541 1527 3609 lbi

165 3639 229 3714 inm
254 3638 307 3698 ille
330 3634 401 3701 mibi
425 3638 565 3716 colaphos
586 3636 791 3702 meditabatur.
837 3633 913 3696 Mihi
936 3651 1025 3695 causa
1043 3633 1142 3712 justa,
1172 3636 1271 3693 uxoris
1295 3633 1394 3696 dotem
1416 3641 1525 3712 petere,

169 3726 276 3786 modus
300 3725 374 3786 lette
397 3729 493 3787 minus
516 3727 670 3798 humanus,
694 3727 807 3785 irritare
828 3721 965 3802 petendo.
1009 3719 1064 3779 ille
1087 3737 1156 3781 vero
1180 3721 1316 3796 iuJuetue,
1340 3724 1391 3798 qni
1405 3731 1527 3782 utrum·

169 3831 233 3892 qne,
251 3815 390 3890 negabat
434 3813 536 3874 Exeo
560 3831 708 3874 accessere
736 3810 860 3888 injuriae
882 3827 1020 3882 unorum,
1051 3824 1118 3868 mea
1149 3807 1264 3868 dicendi
1292 3811 1528 3887 intemperantia.

170 3897 283 3963 Postea
306 3904 347 3966 rei
371 3903 546 3978 compositio
569 3905 635 3980 ipsa
660 3896 817 3979 plurimum
844 3895 969 3974 adjuvit.
1016 3893 1238 3956 Demonstravit
1267 3894 1316 3956 ille
1347 3891 1526 3976 singularem

169 3989 360 4063 ιλιιηξιαν,
390 4005 446 4068 ege
470 3987 648 4066 singularam
671 3991 743 4046 irum
765 3994 867 4046 contra
890 4001 964 4044 eam.
1012 3974 1084 4042 Cum
1110 3976 1235 4044 Miillero
1263 4000 1371 4044 causae
1396 3983 1525 4044 eaedem.

170 4075 253 4136 illius
284 4074 394 4153 injuria
416 4079 446 4135 in
469 4093 515 4137 me
538 4072 750 4136 contemnendo
777 4072 828 4132 vel
851 4069 1015 4148 carpendo,
1046 4087 1122 4146 quac
1153 4088 1247 4130 meam
1278 4088 1329 4148 par
1358 4073 1526 4149 opinionem

171 4165 263 4240 major
286 4164 349 4238 luit,
374 4180 465 4242 quam
488 4181 518 4224 re
541 4165 614 4241 ipsa
659 4153 765 4222 Filiam
795 4161 960 4238 privignam
990 4155 1128 4217 seducere
1152 4168 1182 4216 et
1204 4155 1372 4218 abalienare
1396 4146 1523 4218 solebat}

171 4251 235 4312 Hoc
255 4253 424 4330 pertinebat
447 4249 484 4310 ad
507 4268 603 4311 meam
627 4251 772 4324 injuriam,
796 4255 897 4308 contra
912 4262 967 4322 ege
982 4245 1043 4306 irae
1058 4243 1220 4306 acerbitate
1236 4245 1396 4322 provocavi
1419 4246 1525 4320 ipsum,

172 4348 202 4400 nt
223 4339 293 4400 milri
315 4349 453 4402 eruenta
481 4355 615 4416 quaeque
643 4338 833 4396 minitaretur.
879 4331 952 4392 Cum
976 4333 1063 4392 iratre
1094 4349 1184 4392 causa
1206 4333 1285 4392 rixae
1315 4333 1409 4408 primo
1432 4332 1524 4406 ipsius
1571 4353 1576 4371 ·

171 4431 281 4491 sanitas
303 4445 439 4501 morum,
464 4422 569 4486 deinde
592 4443 658 4485 mea
680 4419 909 4500 reprehendendi
932 4415 1038 4493 libido,
1067 4419 1159 4495 ipsius
1187 4418 1343 4477 immodica
1364 4417 1523 4494 postulata,

166 4537 226 4580 mea
249 4519 413 4580 tenacitas.
435 4547 474 4559 -
498 4517 544 4586 (Er
564 4519 712 4582 Ἰιιιιιιιιιιι
733 4517 910 4581 descriptione,
930 4515 1080 4562 concinnata
1098 4515 1146 4562 boc
1164 4511 1251 4562 eodem
1269 4525 1336 4560 anuo
1357 4511 1445 4576 1597.)

258 4621 338 4678 Dum
357 4613 499 4686 epistolae
516 4611 629 4682 Kepleri
646 4610 859 4668 annorum1595
878 4615 906 4666 et
920 4609 987 4665 1596
1005 4607 1108 4676 majore
1126 4622 1161 4661 ex
1178 4615 1256 4675 parte
1274 4604 1309 4658 de
1326 4603 1524 4664 commeando

153 4721 180 4771 ά
195 4709 309 4770 sdes&
328 4701 499 4762 Mose
517 4707 610 4770 aaut,
629 4699 682 4754 hoe
699 4713 771 4752 enno
790 4696 925 4766 Κφιιιιε
942 4695 978 4750 eo
990 4694 1167 4750 antaeum
1184 4691 1255 4756 riou,
1274 4691 1309 4746 ue
1320 4690 1455 4750 runem.
1473 4707 1527 4762 μ,

149 4813 222 4880 type,
244 4801 283 4856 de
306 4802 421 4865 ,opere
441 4791 587 4856 macutes*
606 4792 636 4841 et
652 4785 686 4841 dc
705 4786 738 4840 ils
757 4791 818 4839 cnut
830 4783 860 4838 m
868 4780 1022 4838 sestlino
1040 4780 1158 4844 disserit,
1177 4791 1248 4846 quse
1258 4777 1304 4832 ille
1315 4775 1386 4834 ltoro
1398 4779 1524 4836 aurens,

143 4903 168 4954 et
184 4895 213 4952 in
234 4875 448 4948 manuscripto
467 4871 627 4942 corrigenda
645 4877 796 4928 censuerat.
835 4867 889 4928 (iil.
907 4867 959 4924 vol.
978 4869 1001 4925 1.
1019 4884 1046 4937 p.
1064 4867 1180 4938 ιιι-37,
1197 4865 1231 4922 77
1244 4881 1316 5008 ⁸35*
