3588 5540
528 486 534 496 .
583 405 626 464 us
643 403 737 466 mm
755 411 784 464 a
802 371 1094 480 meresarpae.
1453 405 1517 477 mn

168 587 215 648 De
237 591 330 648 morte
353 585 523 660 sumnus,
555 605 631 665 quae
653 587 808 650 Barteohio
837 589 943 649 merito
970 607 998 649 a.
1024 595 1118 652 toas.
1141 576 1367 657 deiuncto'cum
1389 589 1518 652 Martios

169 674 283 738 Hillero
304 675 449 738 secundas
471 677 589 753 nuptias
612 678 725 752 inierat,
748 676 822 736 nihil
844 679 915 737 certi
937 685 1192 754 compertumeet.

523 926 574 984 os
596 891 716 986 amaon
739 928 775 984 ec
797 927 993 986 nummum
1014 923 1162 995 uepres.
1217 961 1223 980 .

276 1026 321 1086 De
344 1044 381 1088 ce
402 1033 485 1104 parte
509 1046 598 1104 quam
620 1029 720 1098 adhoc
740 1031 949 1102 tractavimus,
979 1025 1168 1104 epistolarum
1195 1027 1290 1090 fontes
1312 1031 1368 1090 ieri
1391 1037 1422 1091 et
1443 1047 1521 1108 pau-

137 1193 139 1198 ·
171 1115 279 1176 oiesimi
304 1121 395 1189 erant,
419 1116 520 1192 quiin
544 1119 580 1176 iis
603 1117 708 1192 solum,
733 1135 809 1194 quae
832 1118 868 1178 de
884 1116 1004 1192 Keplcri
1028 1125 1120 1174 matre
1143 1121 1172 1174 et
1194 1117 1318 1194 conjuge
1341 1120 1437 1194 priore
1461 1120 1520 1178 sci-

170 1219 244 1274 mus,
268 1201 409 1277 largiores
432 1213 592 1265 manarent.
630 1204 727 1266 Multa
742 1207 819 1266 enirn
842 1221 901 1266 non
924 1206 980 1262 uisi
1004 1219 1040 1262 ex
1056 1204 1240 1264 brevioribus
1256 1205 1521 1281 significationibus

170 1292 265 1366 iisque
296 1289 411 1350 collatis
439 1307 506 1349 cum
534 1295 649 1352 uurteiis
679 1293 728 1352 hic
758 1292 820 1353 illic
842 1293 983 1369 dispersis
1006 1290 1145 1366 intelligi,
1176 1291 1269 1350 multa
1295 1296 1384 1353 etlam
1414 1294 1521 1370 conjici

171 1385 286 1438 tantum
308 1385 452 1452 poterant.
499 1379 533 1438 ln
556 1379 612 1440 hac
635 1387 734 1440 autem
757 1388 849 1457 parte,
874 1397 934 1456 qua
956 1378 992 1438 dc
1013 1377 1136 1454 Kepleri
1159 1395 1223 1439 cum
1248 1381 1348 1440 amicb
1371 1389 1401 1441 et
1421 1381 1522 1440 lauto-

171 1465 253 1524 ribns
276 1467 450 1526 commercio
473 1469 604 1542 agimus,
636 1467 731 1544 major
755 1485 844 1544 quam
866 1474 954 1527 antea
976 1465 1062 1524 uubis
1083 1473 1216 1542 praestat
1238 1467 1360 1526 sontium
1384 1472 1470 1544 copia
1493 1474 1523 1528 et

169 1555 304 1625 materia,
328 1569 404 1628 quae
426 1555 559 1630 inprimis
582 1560 747 1616 continetur
770 1555 891 1632 Kepleri
923 1551 1055 1629 epistolis
1078 1562 1107 1612 et
1130 1555 1227 1612 missis
1250 1563 1279 1614 et
1301 1555 1415 1628 allatis,
1443 1553 1524 1633 quod

172 1638 364 1716 epistolarum
386 1645 591 1702 commercium
614 1643 741 1718 abipso
764 1625 893 1719 Keplmo
917 1649 1121 1700 conservatum
1144 1651 1197 1701 est.
1227 1641 1419 1719 Stuttgartiae
1441 1650 1471 1703 et
1494 1645 1524 1701 in

171 1726 349 1788 bibliotheca
365 1736 395 1788 et
410 1729 555 1790 tabulario
571 1737 660 1806 atque
672 1729 821 1790 Monachii
837 1732 866 1787 in
884 1727 1062 1789 bibliotheca
1077 1727 1245 1788 academica
1260 1746 1360 1790 omnes
1375 1730 1435 1791 iere
1451 1747 1523 1790 eon-

174 1823 329 1875 serraotur
351 1813 471 1892 Kepleri
501 1815 656 1894 epistolae,
685 1820 778 1894 ipsius
805 1833 894 1876 mauu
924 1817 1065 1892 scriptae,
1094 1814 1161 1875 illae
1190 1815 1228 1876 ad
1251 1816 1523 1891 Maestlinum,

175 1901 232 1964 hac
256 1900 295 1962 ad
316 1901 557 1964 Hernarium
580 1905 622 1964 de
644 1905 883 1980 Hoirenburg
905 1904 1032 1978 missas;
1061 1901 1194 1964 Viennae
1217 1903 1322 1966 deinde
1345 1907 1374 1962 in
1397 1908 1525 1982 impera-

171 1993 262 2061 toria,
294 1997 323 2050 et
344 1989 498 2051 Pullrorae
521 1994 551 2050 io
575 2010 625 2065 ea,
657 2009 733 2068 quae
757 2001 802 2052 est
824 1992 925 2051 addite
948 1991 1086 2066 speculae
1108 1993 1322 2053 astronomicae
1345 1993 1525 2053 bibliotheca

171 2077 335 2154 permultae
357 2079 539 2154 reperiuntur
561 2089 591 2140 ct
613 2082 694 2157 ipsae
715 2077 836 2157 Kepleri
859 2076 1003 2155 epistolae
1026 2086 1055 2138 et
1076 2079 1265 2155 epistolarum
1288 2079 1466 2157 exemplaria
1487 2079 1526 2138 ad

162 2164 281 2225 rmultos
309 2166 439 2224 omnium
479 2166 612 2226 ordinum
643 2169 775 2227 homines
809 2168 979 2245 scriptorum
1009 2177 1171 2242 eorumque*
1199 2169 1419 2244 responsiones,
1451 2169 1527 2227 inter

172 2269 246 2329 quas
268 2253 458 2328 praecipuum
476 2261 619 2331 occupant
642 2255 738 2315 locum
756 2253 915 2325 Maestliui,
939 2252 1092 2325 Herrrerti,
1115 2254 1241 2314 Doridis
1264 2255 1407 2330 Fabricii,
1430 2255 1525 2330 Remi,

171 2339 302 2416 Grilgeri.
348 2339 430 2415 Quae
459 2340 585 2402 diximus
615 2342 794 2419 exemplaria
823 2339 932 2401 idcirco
961 2339 1038 2400 idem
1070 2340 1130 2400 iere
1160 2341 1240 2417 quod
1268 2343 1410 2418 epistulae
1437 2359 1525 2402 manu

174 2425 295 2504 Kepleri
319 2430 445 2505 scriptas
468 2429 568 2490 valere
591 2440 723 2506 possunt,
747 2428 825 2506 quod
850 2427 994 2505 permulta
1017 2429 1055 2488 ab
1079 2430 1143 2504 ipso
1166 2428 1296 2506 Keplero
1318 2437 1473 2507 perspecta
1495 2436 1525 2489 ct

172 2516 266 2592 ipsius
290 2525 534 2580 manu-correcte
558 2525 637 2582 sunt.
660 2516 821 2595 (Keplerus
844 2517 920 2575 euim
951 2517 1001 2590 qui
1030 2525 1084 2574 aut
1106 2519 1241 2576 retineret
1272 2519 1450 2594 exemplaria
1474 2523 1527 2577 aut

172 2604 293 2663 retentis
322 2604 394 2678 ipsis
423 2603 516 2663 literis
538 2606 717 2683 exemplaria
738 2607 774 2664 iis
797 2607 924 2662 mitteret
947 2601 984 2661 ad
1008 2619 1083 2678 quos
1106 2605 1234 2679 scripsit,
1266 2605 1333 2664 ideo
1361 2605 1418 2665 hoc
1447 2605 1524 2678 iecit,

173 2689 253 2766 quod
275 2688 432 2750 Reimarus
456 2689 565 2766 Ursus,
595 2692 746 2770 Tychonis
768 2691 969 2762 adversarius,
998 2691 1028 2747 id
1052 2689 1131 2764 quod
1150 2691 1213 2766 jum
1238 2690 1296 2752 rol.
1320 2691 1344 2752 i.
1367 2708 1436 2768 pag.
1461 2697 1525 2751 aaa

174 2778 345 2838 mundatum
361 2789 413 2851 est,
431 2779 557 2854 quadum
573 2779 692 2856 Kepleri
708 2777 835 2856 epistula
848 2776 924 2836 male
941 2793 1012 2835 usus
1028 2782 1086 2850 eet,
1114 2775 1265 2852 ,Scribam
1281 2782 1397 2852 cuute“,
1421 2780 1525 2854 inquit,

177 2873 226 2941 „et
249 2865 382 2924 retinebo
405 2867 632 2943 exemplaria“.)
664 2867 807 2942 Quamvis
830 2875 928 2924 autem
951 2862 1113 2940 permultae
1128 2863 1250 2940 Kopleri
1273 2865 1416 2941 epistolae
1433 2883 1527 2941 usque

177 2951 214 3012 ad
238 2959 369 3012 nostram
391 2957 560 3026 memoriam
584 2961 734 3014 manerent
757 2953 844 3032 (inter
867 2969 942 3028 quus
964 2965 1023 3010 non
1047 2953 1226 3042 omittendae
1249 2962 1317 3011 sunt
1339 2952 1427 3024 illae,
1452 2968 1526 3029 quas
1576 2971 1581 2982 ·

177 3040 309 3100 continet
331 3039 465 3100 collectio
489 3041 680 3119 epistolarum
703 3041 879 3116 Berneggeri
903 3051 933 3098 et
955 3037 1076 3124 Kepleri
1101 3038 1234 3098 datarum
1257 3041 1526 3116 acceptorumque),

174 3135 272 3188 umen
296 3127 406 3188 multae
430 3145 547 3204 quoque
570 3131 758 3202 interierunt,
780 3126 860 3189 haud
885 3125 974 3186 dubie
996 3143 1147 3202 nunquam
1170 3127 1347 3204 descriptae,
1379 3143 1444 3187 cum
1466 3143 1526 3186 noo

174 3216 252 3274 omni
281 3221 412 3290 tempore
434 3215 564 3293 Kepiero
596 3217 746 3293 adjutores
768 3223 885 3292 praesto
914 3221 1011 3274 essent
1041 3216 1077 3274 sd
1107 3215 1183 3274 hauc
1212 3216 1304 3291 ipsam
1334 3231 1394 3274 rem
1418 3215 1525 3274 idonei.

174 3303 291 3368 Desunt
306 3302 424 3378 quidem
439 3304 591 3380 epistolae,
616 3315 690 3380 quas
705 3303 851 3380 Keplerus
867 3300 904 3362 ad
920 3301 1052 3362 Jesuitas
1069 3301 1209 3375 Curtium,
1234 3299 1403 3377 Guidinum,
1420 3301 1527 3362 (irien-

174 3389 337 3466 bergerum,
360 3389 549 3451 Scheiuerum
571 3393 703 3469 scripsit,
727 3407 859 3466 quasque
883 3389 921 3448 ad
944 3388 1123 3448 Guilelmum
1140 3389 1349 3449 Schichardum
1372 3407 1465 3467 usqua
1488 3387 1527 3450 ad

174 3493 282 3538 unum
309 3483 401 3536 1626.
425 3480 521 3551 misit,
545 3488 668 3556 exceptu
690 3481 777 3538 unica
800 3476 926 3554 epistola
947 3495 974 3537 a.
995 3482 1085 3539 1618.
1108 3479 1225 3552 scripta,
1249 3495 1314 3537 cum
1331 3495 1432 3538 omues
1449 3495 1527 3538 annu

176 3566 271 3625 1627.
295 3581 313 3624 a
336 3563 465 3642 Keploro
487 3565 525 3625 ed
548 3565 757 3627 Schickardum
782 3562 869 3625 Ulma
890 3563 1055 3639 'subiugum
1082 3568 1190 3624 missae
1213 3567 1380 3626 etiamnunc
1403 3573 1526 3627 exstent.

174 3653 291 3713 Desunt
314 3653 401 3714 etism
424 3653 581 3729 epistolae,
604 3671 678 3731 quus
693 3653 801 3712 multae
815 3651 962 3728 Keplerus
980 3651 1017 3710 ad
1034 3650 1192 3710 Besoldum
1207 3652 1433 3731 l'ubingensem,
1454 3653 1528 3730 juris

175 3739 339 3802 consultum
355 3740 537 3818 eundemque
551 3744 747 3818 propinquum
769 3741 849 3798 misit
872 3745 901 3798 et
916 3737 952 3797 de
967 3755 1057 3798 causa
1079 3744 1219 3814 materna,
1242 3749 1271 3799 et
1294 3741 1330 3801 da
1353 3740 1426 3800 allis·
1441 3741 1528 3800 rebus

173 3829 307 3904 privatis,
330 3844 396 3888 cum
417 3829 565 3905 supersint
587 3827 666 3888 illius
685 3828 905 3904 responsionem
927 3827 1036 3884 interiit
1058 3843 1175 3904 quoque
1202 3843 1269 3904 pers
1285 3827 1526 3904 epistolarum'ed

176 3913 407 3974 Halenrellerum
422 3917 585 3989 missarum,
609 3915 792 3976 hauddubie
811 3914 848 3972 ad
871 3931 916 3972 res
932 3928 1030 3972 sacras
1045 3916 1261 3990 pertinentium,
1286 3915 1391 3975 desunt
1410 3931 1527 3991 quoque

176 4019 253 4079 quac
275 4013 344 4060 sunt
365 4003 508 4079 epistolae
536 4006 663 4080 scriptae
685 4003 724 4064 ad
748 4001 875 4077 Anglum
899 3999 1083 4059 Edmundum
1107 4001 1265 4075 Bruceum,
1298 4003 1334 4061 sd
1359 4003 1527 4062 Florianum

176 4090 320 4163 Gnosium,
344 4088 566 4150 Sociuiuuorum
582 4106 689 4151 causae
704 4096 887 4160 sectatorem,
910 4088 947 4146 ed
966 4088 1160 4168 Eriksonium,
1184 4088 1333 4167 Tychonis
1353 4089 1526 4166 adJutorcm,

180 4176 217 4236 ad
241 4174 472 4254 Griogalletum,
496 4175 620 4239 Genera
643 4177 812 4250 oriundum,
843 4177 893 4251 uui
918 4174 1101 4249 aliquantum
1124 4178 1264 4253 temporis
1285 4175 1404 4252 Kepleri
1427 4174 1527 4234 studia

181 4265 312 4343 inprimis
336 4263 543 4340 Ephsmeridae
567 4265 654 4327 relde
677 4265 843 4342 adjuraret.
891 4263 1005 4322 Desunt
1027 4261 1172 4340 denique,
1196 4280 1272 4339 quae
1294 4262 1445 4341 permultis
1468 4261 1527 4320 illis

177 4349 326 4413 Ulmensis
350 4355 546 4429 praeceptoris
569 4353 778 4414 Hebenstreitii
801 4350 947 4428 epistolis,
972 4367 1106 4426 utraeque
1129 4351 1239 4410 Joauni
1263 4351 1370 4428 Papio,
1403 4352 1526 4427 primum

181 4437 337 4511 Onoldiae,
360 4447 422 4498 tum
437 4439 623 4515 Regiomonti
647 4439 770 4512 medico,
795 4454 931 4513 quaeque
947 4437 1103 4497 Ambrosio
1126 4435 1251 4510 Rhodio,
1275 4437 1430 4517 professori
1448 4437 1527 4495 Wit-

179 4527 365 4602 lsnhergeusi
387 4525 512 4603 aliisque
528 4545 546 4588 a
560 4527 689 4605 Keplero
713 4535 782 4586 sunt
802 4528 952 4603 resuipm.
982 4524 1126 4599 Quamvis
1148 4533 1247 4583 antem
1268 4531 1297 4584 et
1312 4526 1393 4601 ipses
1417 4523 1527 4583 biblio·

180 4613 279 4674 thecas
302 4623 528 4692 perscrutantes,
552 4623 582 4676 et
603 4613 881 4690 interrogationibus
904 4610 941 4672 ad
964 4614 1096 4688 singulus
1119 4619 1148 4672 et
1170 4610 1267 4688 palam
1293 4611 1378 4671 iactis
1401 4614 1527 4671 maxime

180 4703 235 4760 nisi
258 4704 365 4776 sinus,
389 4710 422 4761 ut
444 4719 520 4778 quae
543 4702 679 4764 deessent
700 4699 896 4772 reficeremus,
927 4707 1025 4759 tamen
1049 4705 1078 4758 et
1100 4712 1187 4775 opera
1211 4705 1241 4756 et
1262 4715 1329 4775 spes
1344 4708 1388 4759 est
1402 4697 1526 4777 perdita.
1585 4765 1590 4778 ,

182 4787 241 4848 ded
262 4796 361 4850 mmen
386 4807 422 4848 ex
445 4791 481 4848 iis
504 4806 580 4866 quac
604 4807 621 4848 a
644 4791 715 4848 viris
737 4785 796 4846 illis
818 4803 959 4864 response
980 4794 1048 4845 sunt
1071 4787 1221 4861 (quaeque
1245 4787 1371 4846 maxima
1393 4803 1429 4846 ox
1445 4795 1528 4864 parte

181 4883 248 4936 sum
270 4879 300 4936 iu
323 4875 466 4936 Heuschil
490 4877 663 4940 collectione
686 4873 876 4955 epistolarum
896 4872 1153 4961 Kepleriaoumm,
1175 4873 1265 4932 lmmo
1289 4889 1359 4934 rsro
1381 4873 1420 4935 ad
1442 4873 1527 4956 Kep-

233 4977 419 5036 upurxeprsn
433 4975 496 5022 vili.
718 5025 721 5034 ,
1250 4995 1257 5010 ·
1286 4974 1318 5032 61
