3588 5540
293 403 360 478 946
807 403 872 463 vita
888 401 1005 464 damnis
1022 401 1144 476 Kaplsri.

294 586 387 648 laram
407 584 449 646 ab
471 583 539 644 aliia
560 585 745 664 scriptamm,
769 585 961 646 cumbarum
983 583 1182 664 epistolamm,
1204 600 1282 661 quae
1298 590 1468 648 aruncum
1486 581 1637 644 adnume-

293 692 359 734 rum
383 678 455 746 483,
480 676 601 733 minima
621 691 691 752 pars
713 675 808 751 ipsius
831 675 871 734 sit
893 676 1069 749 astronomi)
1091 675 1210 751 saepius
1224 670 1297 749 quid
1311 671 1456 750 Keplarns
1472 673 1638 750 ipseserip·

293 763 366 823 serit
385 761 491 837 conjici
514 768 544 820 et
565 760 645 820 hunc
667 763 698 820 in
721 759 840 819 modum
864 778 940 838 quaa
963 777 1021 821 nou
1045 768 1113 820 eunt
1135 763 1247 836 integra
1269 763 1383 819 restitui
1407 767 1539 838 possunt.

401 849 540 923 Primum,
563 857 596 908 ut
618 847 654 908 de
677 847 825 908 literarum
848 848 942 907 torma
964 857 994 908 et
1016 851 1114 927 specie
1131 848 1269 919 dicamus,
1293 847 1413 926 Kepleri
1436 863 1539 907 manus
1561 845 1639 905 firma

293 941 338 996 est
360 943 390 996 et
412 937 494 996 tortis
519 936 648 997 ellectu
670 935 780 1009 taollis,
804 943 834 996 et
854 934 966 995 munda
988 943 1018 996 et
1040 953 1059 996 s
1082 937 1174 1014 prima
1197 935 1322 1014 epistola
1349 935 1513 1013 posteritati
1535 932 1639 993 tradita

292 1040 385 1100 usque
407 1023 447 1084 ad
470 1023 603 1084 nltimam
626 1021 729 1084 eadem
751 1025 916 1084 immutata.
961 1023 1070 1084 Scribit
1092 1031 1191 1086 antam
1214 1025 1353 1084 continuo
1375 1029 1406 1082 et
1427 1024 1491 1084 sine
1512 1020 1574 1082 nlla
1594 1022 1639 1078 in-

292 1111 510 1189 terpellatione,
541 1113 582 1172 ita
607 1117 638 1170 ut
661 1114 690 1169 in
718 1111 899 1186 longissimis
921 1127 1039 1188 quoque
1063 1109 1196 1190 epistolis
1226 1127 1308 1170 raraa
1331 1111 1391 1170 sint
1413 1107 1638 1181 emendationes,

291 1201 321 1256 iu
345 1199 506 1258 levioribus
521 1216 585 1258 non.
595 1199 700 1272 minus,
725 1215 812 1275 quem
828 1215 894 1258 cum
910 1198 947 1259 da
961 1198 1141 1258 difficillimis
1156 1197 1287 1276 disputat
1302 1199 1398 1270 rebus,
1421 1215 1498 1274 quaa
1513 1195 1639 1275 plerum·

292 1303 350 1362 que
374 1303 433 1346 ono
457 1297 558 1346 tenura
581 1303 597 1346 e
620 1287 714 1346 bucca
737 1287 867 1350 veniant.
912 1285 1060 1347 Interdum
1084 1287 1188 1362 utique
1210 1285 1272 1345 lieri
1294 1293 1400 1365 potest,
1425 1293 1458 1345 nt
1480 1284 1562 1344 linito
1585 1283 1639 1342 eli-

292 1390 352 1450 quo
376 1376 473 1451 capita
495 1375 593 1434 subito
609 1374 767 1434 meismet:
792 1373 895 1448 „Nihil
910 1375 975 1435 est“
1000 1381 1053 1434 ant
1070 1373 1204 1456 „Aliter“
1230 1381 1281 1434 aut
1304 1372 1408 1443 „Haec
1422 1372 1527 1432 melius
1550 1373 1640 1432 inter·

290 1457 451 1537 pretende“
476 1470 547 1534 etc,
578 1463 641 1538 ipsa
671 1478 704 1521 sa
726 1461 885 1521 emendans
908 1469 1048 1538 tanquam
1071 1479 1146 1540 opus
1168 1467 1320 1522 recensent
1349 1460 1489 1534 alienam,
1520 1466 1582 1518 tum
1603 1457 1640 1518 ad
1695 1512 1698 1518 .

291 1547 322 1606 ld
344 1548 421 1608 unde
445 1548 594 1624 digressus
616 1555 661 1608 ast
683 1556 856 1612 revertatur.
894 1547 953 1609 Sed
976 1567 1042 1608 raro
1065 1549 1139 1611 haec
1161 1548 1242 1621 flunt,
1266 1563 1333 1608 cum
1355 1547 1525 1626 plammqua
1548 1553 1640 1606 certus

290 1638 329 1696 sit
351 1643 382 1696 et
404 1653 439 1696 ar
457 1636 633 1696 inexhausto
648 1633 699 1696 illo
713 1635 793 1696 toute
809 1624 973 1709 doetrinaP,
995 1638 1226 1712 imaginationis,
1250 1635 1376 1713 leporis,
1398 1651 1529 1695 sammaa
1544 1634 1640 1694 homi·

289 1739 361 1782 num
376 1730 405 1783 et
420 1739 515 1783 rerum
530 1722 715 1800 publicarum
730 1725 898 1800 cognitione
921 1724 997 1784 hanc
1012 1726 1186 1784 uberrimam
1201 1722 1352 1801 depromat
1367 1725 1481 1801 copiam
1504 1721 1641 1800 pulchar·

291 1811 371 1870 rimis
395 1811 493 1870 verbis
516 1819 546 1870 et
569 1811 711 1870 orationis
734 1811 793 1870 leui
816 1817 910 1870 bactu
933 1813 1034 1871 aminis
1057 1814 1118 1872 suis
1141 1811 1310 1872 traditurus.

393 1897 475 1958 Inest
505 1905 605 1958 autam
636 1899 665 1956 in
693 1897 827 1975 epistolis
859 1915 973 1958 summu
1001 1915 1096 1958 rerum
1128 1900 1264 1960 varietas.
1317 1897 1363 1957 De
1396 1897 1641 1956 astronomia

291 1985 410 2061 quidem
433 1986 565 2063 inprimis
589 1987 704 2063 scripsit
725 1985 763 2044 ad
778 1983 976 2059 Maecilium,
1000 1989 1050 2063 qui
1066 1987 1220 2063 Tubingae
1242 1985 1336 2044 luerat
1351 1985 1470 2062 Keplerl
1492 1987 1639 2061 magistet,

290 2073 329 2132 ad
353 2071 540 2151 Tychonam,
576 2070 758 2145 Galilaeum,
792 2069 968 2150 Origanum,
1002 2072 1040 2133 ad
1073 2075 1261 2134 Ambrosium
1289 2071 1451 2142 Rhodium,
1482 2072 1642 2150 Casparnm

290 2158 459 2235 Odontium,
483 2160 688 2235 Beanminum
705 2157 858 2235 Ursinum,
876 2163 926 2236 qui
940 2169 999 2220 tres
1017 2163 1193 2236 posteriores
1207 2159 1390 2236 aliquantum
1405 2162 1545 2237 temporis
1561 2159 1642 2235 Kap-

290 2246 382 2308 larum
413 2249 443 2306 iu
474 2247 594 2308 calculis
626 2250 830 2308 astronomicis
862 2249 1052 2323 adjuverant,
1082 2258 1186 2327 postea
1219 2250 1416 2307 astronomiae
1448 2247 1643 2324 professorum

289 2351 425 2409 monera,
455 2335 530 2396 alter
553 2334 789 2411 Wittenhargae,
813 2334 887 2395 alter
908 2334 1058 2406 Altdorlii,
1087 2338 1190 2396 tertius
1212 2335 1341 2394 Bemliui
1372 2341 1578 2412 susceperant,
1606 2331 1642 2391 sd

291 2422 450 2498 Crilgerum
483 2422 737 2494 mathematicum,
771 2422 809 2481 ad
840 2422 1115 2498 Longomontanum
1148 2423 1284 2496 Danum,
1319 2423 1503 2481 Erihsonlum
1538 2421 1643 2482 Suesia

292 2508 464 2583 oriundum,
488 2510 620 2570 Curtium
643 2507 806 2582 Jesuitam,
839 2527 964 2586 quocum
990 2510 1026 2570 da
1050 2510 1224 2588 theologicis
1247 2526 1365 2586 qnoque
1386 2511 1473 2570 rebus
1496 2508 1642 2580 disseruit,

290 2595 443 2673 Maginum
466 2597 697 2672 Bononiensem,
728 2596 766 2656 ad
789 2597 929 2671 Rcmum,
959 2615 1044 2674 quem
1068 2597 1237 2676 Leopoldua
1261 2597 1408 2660 Archidnx
1430 2613 1503 2656 snae
1526 2596 1643 2656 valetn-

290 2683 367 2744 dinis
390 2684 540 2746 custodem
571 2685 695 2760 lecerat,
724 2683 763 2744 ad
794 2685 941 2745 Davidem
971 2685 1097 2762 denique
1124 2685 1289 2746 Fabricium
1320 2687 1348 2742 in
1378 2685 1473 2744 Frisia
1509 2683 1643 2744 orientali

291 2781 449 2850 pastorem.
488 2771 535 2832 Ad
558 2771 821 2848 astrologiam
844 2780 943 2833 autem
965 2789 1020 2834 aaa
1034 2775 1179 2852 pertinent
1201 2771 1353 2850 epistolae,
1376 2789 1451 2848 quaa
1473 2773 1591 2849 seripslt
1606 2769 1643 2830 ad

291 2856 481 2937 Rudolphum
497 2861 710 2937 imperatorem,
735 2877 803 2937 pars
817 2877 926 2933 earum,
950 2877 1025 2937 quas
1039 2860 1080 2933 ad
1094 2861 1270 2934 Fabricium,
1292 2877 1379 2936 quem
1395 2858 1483 2918 modo
1506 2857 1643 2928 diximus,

291 2945 331 3004 ad
354 2944 617 3020 Walleuetauium,
648 2945 686 3006 ad
709 2946 873 3006 Blancbum
901 2947 1025 3021 Italum,
1058 2946 1097 3007 ad
1119 2947 1288 3008 Homullum
1309 2946 1583 3022 Marhurgians'em,
1606 2943 1643 3004 ad

293 3031 478 3109 imperatoris
509 3033 681 3112 Dapilarum
718 3034 891 3095 Vlchauium
925 3033 1141 3110 nonnullosque
1175 3035 1251 3095 alios
1278 3033 1392 3095 nobiles
1422 3033 1512 3094 dadit
1571 3033 1644 3092 cnm

292 3119 440 3182 Bavariae
462 3120 567 3182 deinde
590 3119 781 3192 macellaria,
812 3121 967 3184 Herwarto
991 3122 1028 3183 de
1051 3121 1248 3199 Hohenburg,
1280 3139 1346 3182 cum
1369 3119 1499 3184 Calvisio
1524 3120 1643 3199 Lipsiae

292 3213 421 3282 cantore,
445 3209 579 3270 lleehero
594 3208 768 3285 Mogontiae
792 3209 913 3282 clerico,
937 3227 1004 3270 cum
1018 3209 1152 3287 Josepho
1168 3209 1318 3284 Scaligero
1333 3211 1439 3286 partim
1453 3209 1491 3268 ds
1506 3218 1644 3268 astrono-

292 3294 360 3368 mia,
384 3297 512 3354 maxima
535 3313 604 3356 vero
628 3303 709 3373 parte
723 3296 760 3356 de
783 3296 1046 3372 chronologia
1069 3296 1215 3369 disseruit,
1237 3300 1313 3356 sicut
1335 3299 1425 3356 etiam
1446 3312 1512 3356 cum
1529 3295 1644 3356 blaesi·

292 3381 365 3440 lino.
411 3383 456 3442 De
479 3382 653 3461 physicis
675 3391 790 3457 autam,
815 3386 944 3461 inprimis
968 3383 1004 3444 da
1027 3387 1172 3462 magnatis
1195 3385 1322 3458 viribus,
1346 3386 1376 3441 ia
1399 3385 1435 3442 ils
1456 3386 1556 3460 agiam
1579 3385 1643 3460 epi·

290 3467 392 3540 stolis,
415 3487 490 3546 quas
512 3469 551 3528 ad
574 3469 758 3530 Heruarlum
781 3479 810 3530 at
832 3472 1056 3546 Nautoniernm,
1090 3471 1127 3531 da
1149 3471 1437 3532 machinatione
1467 3479 1496 3530 et
1519 3473 1643 3530 variis

291 3555 483 3616 maclrinia
505 3558 535 3614 in
557 3558 609 3630 iis,
638 3575 713 3634 quas
735 3561 851 3636 scripsit
873 3559 909 3618 ad
936 3558 1092 3620 Anhaltiaa
1119 3561 1249 3620 civitatis
1270 3560 1438 3636 principem,
1467 3557 1505 3618 ad
1529 3559 1644 3618 Ducam

290 3641 573 3719 Wiirttembergiae,
596 3643 634 3706 ad
658 3645 801 3706 Baranam
824 3645 860 3706 de
883 3647 1083 3709 Harherstein.
1129 3647 1175 3706 De
1205 3649 1331 3723 optica
1360 3645 1506 3724 Kaplerua
1534 3645 1643 3704 dlutius

289 3729 439 3790 hunnum
461 3733 666 3792 commercium
683 3731 787 3794 hahuit
809 3750 875 3793 cum
892 3735 1069 3810 Brenggero,
1094 3732 1263 3794 doctissime
1284 3732 1643 3804 Kanthumensimedico,

291 3835 358 3880 cum
387 3815 513 3879 Octavio
542 3818 643 3880 Pisani
681 3820 800 3897 Belgio,
837 3821 977 3881 Harrioto
1008 3821 1122 3898 Aegle,
1155 3837 1221 3882 cum
1256 3823 1350 3881 amico
1391 3819 1509 3881 Jonas
1539 3819 1645 3898 Papio.

291 3905 338 3966 Da
360 3904 621 3982 philosophia
649 3915 748 3968 antem
780 3915 810 3968 et
837 3908 1038 3984 theologia
1068 3911 1097 3968 in
1130 3910 1165 3968 iis
1194 3909 1291 3984 agitur
1319 3907 1475 3984 epistolis,
1499 3923 1575 3984 quas
1606 3903 1643 3966 ad

291 3989 555 4069 Zehantmajerum,
580 3993 750 4056 Florianum
774 3995 919 4066 Crucium,
943 3995 1101 4056 Pistorinm
1117 3995 1313 4073 („stndiorum
1330 3992 1543 4072 inspectorem“
1561 3993 1645 4071 Kep-

213 4109 233 4143 n
289 4079 350 4142 lero
373 4081 411 4142 ab
437 4081 616 4158 Imperatore
645 4083 801 4160 positum),
830 4082 868 4143 ad
893 4083 1039 4144 Barouem
1068 4083 1104 4144 de
1129 4083 1320 4160 Staranberg,
1349 4083 1478 4160 inprimis
1505 4099 1582 4159 quas
1606 4079 1645 4140 ad

291 4167 522 4228 Hulenrefferum
545 4171 633 4231 misit.
670 4169 743 4230 Cum
766 4171 910 4232 Wachem
934 4169 970 4232 da
993 4170 1189 4244 Waclrautals,
1214 4172 1380 4247 imperatori
1402 4188 1422 4231 a
1443 4170 1576 4232 consiliis
1598 4171 1645 4226 in-

291 4255 378 4329 timis,
402 4273 529 4332 quocum
545 4257 658 4334 Pragaa
673 4259 797 4319 multum
812 4260 1016 4319 commercium
1037 4244 1179 4331 habebat,
1201 4275 1253 4335 per
1274 4257 1372 4318 literas
1395 4256 1432 4317 de
1453 4273 1644 4331 cosmogr-

291 4345 355 4404 nla
377 4343 514 4404 disseruit
536 4351 565 4404 et
588 4343 624 4404 de
647 4345 805 4406 maculis
828 4348 857 4404 in
880 4345 983 4418 Sole,
1008 4345 1043 4405 de
1058 4345 1136 4406 Solis
1158 4344 1341 4421 aliommqua
1362 4353 1505 4406 astromm
1521 4351 1643 4405 naum

292 4430 337 4490 De
352 4429 388 4490 al
398 4431 441 4490 oh
449 4449 506 4508 ym
517 4433 551 4491 ia
573 4434 636 4508 agit
650 4451 715 4494 cum
731 4433 859 4494 Martino
873 4432 1009 4494 Rolando
1024 4438 1054 4493 et
1067 4431 1186 4493 Joanne
1202 4431 1362 4504 Gerhardo,
1375 4431 1506 4502 medicis,
1519 4431 1557 4491 de
1572 4447 1644 4491 aaa·

292 4515 423 4578 diuina
444 4535 510 4578 cum
532 4517 671 4580 dassenio
693 4519 853 4586 clarissimo
869 4521 985 4596 Pragae
1000 4519 1129 4593 medico,
1154 4520 1333 4596 Brenggero,
1357 4519 1467 4596 Papio,
1489 4517 1643 4592 Rulandm

294 4604 331 4666 de
355 4613 531 4666 terrarum
555 4604 819 4684 descriptione
849 4615 877 4668 at
906 4606 1176 4669 describendis
1206 4607 1354 4668 tabulis
1385 4623 1451 4666 cum
1474 4605 1591 4686 styriae
1613 4611 1644 4664 et

295 4691 432 4752 niustriae
454 4692 620 4768 Superioris
644 4693 817 4765 Ordinibus,
850 4709 916 4754 cum
940 4694 1069 4770 Griigaro
1099 4703 1130 4754 et
1151 4694 1280 4754 Martino
1303 4695 1421 4766 Grnsio,
1450 4711 1576 4770 quocum
1607 4692 1643 4751 de

293 4777 465 4839 historia
487 4796 605 4855 quoque
626 4780 753 4842 disserit.
797 4779 945 4841 Musica
967 4780 1073 4842 deinde
1095 4790 1125 4841 et
1147 4781 1378 4858 Harmoniae
1399 4782 1428 4838 in
1452 4783 1488 4841 iis
1510 4778 1644 4858 epistolis

292 4871 417 4928 bactata
438 4874 516 4944 sunt,
539 4885 614 4950 quas
635 4868 675 4928 ad
690 4868 848 4932 hubaltiae
862 4869 1039 4948 Principem,
1061 4867 1256 4948 Hersartam,
1278 4869 1467 4932 Joachlmnm
1480 4867 1643 4930 'lenekin
