3612 5538
600 402 642 462 De
657 388 754 462 amida
771 407 801 462 ιι
819 402 971 464 ituionbus
989 400 1109 478 Kopleri.
1473 401 1538 476 967

184 585 295 646 marcio
318 587 343 645 si
365 584 452 646 uobis
474 583 575 645 tieebte
597 582 728 663 deipsis
752 583 905 660 conjicere,
928 583 1003 646 baec
1025 585 1201 663 Berceggeri
1224 583 1353 648 amicitia
1377 585 1536 664 cumulata,

182 675 277 734 omnis
300 675 347 734 sui
370 675 478 751 amoris
501 674 610 747 neeela,
633 675 755 732 summis
776 665 885 733 nostris
907 672 1046 733 laudibus
1068 673 1158 750 digna
1180 681 1233 736 edi.
1278 674 1334 735 Ille
1356 677 1434 734 enim
1453 675 1535 754 Kep-

181 761 273 821 lsrum
288 777 346 822 nou
363 777 399 821 eo
414 777 486 820 sanc
502 760 600 820 animo
615 759 739 836 adjuvit,
763 766 796 818 ut
812 759 929 830 bomini
952 760 1165 837 gratificaretur
1180 768 1210 821 et
1223 763 1406 840 imperatoris
1422 781 1536 824 summo

181 849 283 909 lavore
313 856 344 910 et
372 849 532 909 doctissimi
564 849 618 906 viri
645 849 763 907 nomino
792 855 948 920 exornato,
982 847 1035 908 sed
1063 847 1136 908 baec
1164 857 1226 909 erat
1252 851 1356 910 intima
1385 853 1475 910 animi
1507 858 1537 910 at

185 935 323 996 voluntas
346 943 377 996 et
398 937 559 1008 scatentia,
591 953 623 994 se
645 934 1030 995 artissimis-lumiliaritatis
1053 935 1177 995 vinculis
1200 953 1265 996 eum
1290 939 1352 998 viro
1376 954 1441 998 esso
1464 955 1537 997 con-

177 1025 327 1102 junctam,
358 1025 426 1100 qui,
454 1024 479 1082 si
502 1039 548 1082 res
573 1029 602 1082 et
623 1025 784 1083 necessitas
806 1013 992 1100 postularet,'
1014 1021 1117 1083 eadam
1146 1025 1340 1100 promtissime
1363 1032 1534 1102 praestaret,

181 1130 213 1172 ae
235 1113 299 1172 viro
323 1115 352 1170 iu
374 1111 461 1170 rebus
479 1109 697 1174 molestissimis
721 1108 834 1181 adesse,
858 1111 942 1187 eujus
964 1113 1112 1187 ingenium
1136 1119 1165 1169 et
1187 1113 1302 1170 animus
1324 1111 1413 1171 altius
1435 1129 1535 1172 assur-

180 1202 316 1272 rexisset,
345 1215 434 1276 qoem
457 1200 509 1274 qui
532 1201 622 1258 vitam
646 1198 848 1274 quotidianam
876 1199 950 1258 satis
979 1198 1163 1275 intelligeret
1209 1197 1312 1275 Neque
1342 1201 1438 1258 minus
1469 1201 1534 1280 ipsa
1616 1239 1623 1244 -

182 1287 302 1366 Kepleri
322 1286 508 1363 jucunditate
531 1293 635 1365 captus
657 1281 862 1346 lubentissime
886 1287 983 1346 animo
1007 1287 1071 1362 ejus
1095 1285 1231 1346 omuibus
1246 1285 1397 1376 respondit
1413 1291 1532 1365 optatis.

285 1371 406 1450 Kepleri
429 1373 573 1450 epistolae
596 1374 634 1432 ab
657 1389 735 1433 auno
759 1379 843 1434 1613
868 1389 962 1450 usque
985 1373 1073 1432 adar.
1100 1379 1184 1434 1615
1212 1365 1338 1451 scriptae
1362 1373 1534 1452 plerumque

183 1461 375 1522 brevissimae
396 1462 513 1520 nonnisi
537 1460 574 1520 de
589 1461 676 1520 rebus
691 1463 825 1536 priuatis,
848 1460 886 1520 de
910 1460 1030 1520 edendis
1052 1460 1135 1520 libris
1158 1460 1284 1537 aliisque
1301 1468 1407 1538 agunt3
1430 1470 1533 1539 poste·

180 1549 263 1609 rioris
294 1555 393 1609 sutem
423 1551 561 1626 temporis
591 1547 735 1625 epistolae
767 1557 797 1608 et
829 1551 911 1625 ipsse
941 1548 1096 1624 ampliores
1129 1555 1198 1608 sunt
1227 1557 1257 1608 et
1282 1547 1404 1628 Kepleri
1432 1567 1532 1609 veram

180 1645 314 1700 naturum
336 1643 367 1696 et
388 1637 516 1696 animum
540 1636 626 1695 nobis
655 1634 806 1712 detegunt.
851 1637 897 1696 De
920 1636 1161 1712 Argentoratensi
1191 1635 1324 1696 studioso
1349 1635 1532 1714 driugai-

182 1725 266 1785 leio
289 1740 397 1800 agens,
421 1741 508 1800 quam
530 1725 713 1800 negotiorum
737 1723 830 1783 uellet
852 1722 1031 1800 adjutorem,
1054 1725 1236 1799 apertissime
1259 1723 1365 1783 scribit
1380 1729 1409 1784 et
1432 1725 1529 1801 qualis

180 1811 323 1872 binciaua
343 1809 446 1872 sebois
468 1817 560 1884 esset,
583 1819 613 1870 et
636 1809 784 1886 quomodo
807 1813 870 1887 ipse
892 1810 931 1870 ad
954 1809 1032 1880 illins
1060 1811 1140 1870 urbis
1169 1807 1324 1887 theologos
1347 1829 1378 1870 se
1410 1812 1532 1874 baberet

183 1897 307 1974 (podes
330 1915 395 1958 sum
417 1901 448 1956 in
472 1897 564 1958 oeulis
588 1897 733 1974 theologis
762 1897 850 1974 buius
873 1899 1005 1973 urbls“),
1035 1913 1071 1957 ne
1098 1897 1238 1974 juvenem
1270 1897 1307 1957 ad
1340 1915 1434 1958 vanas
1463 1917 1532 1978 spos
1571 1894 1579 1902 “

182 1989 335 2058 excitaret,
359 1987 447 2045 nudis
471 1985 568 2046 verbis
583 1984 766 2045 conditiones
788 2001 857 2045 suae
873 1986 956 2045 alieri
970 1986 1135 2066 („mensam
1151 1984 1273 2045 habebit
1295 1985 1418 2046 senilem
1442 2003 1530 2063 quam

179 2091 235 2150 ego
250 2073 493 2150 pbilosopbieam,
510 2075 662 2150 pecuniam
678 2072 784 2132 addam
798 2072 835 2132 ad
853 2081 964 2133 vestem
987 2075 1218 2148 neeessariam)
1242 2079 1384 2150 stupente
1408 2075 1531 2150 exiguas

178 2177 249 2222 sues
272 2177 319 2221 res
341 2162 487 2238 proponit.
511 2161 542 2240 (,,
546 2159 674 2220 Deseror
696 2160 914 2220 uCaesariauis
937 2157 999 2221 deci
1023 2162 1269 2237 procuratoribus,
1291 2177 1351 2220 non
1377 2161 1532 2222 solvuntur

177 2249 303 2333 reliqua
314 2265 393 2322 mea,
419 2246 534 2308 ridetur
551 2249 753 2306 istrouomiee
767 2250 851 2308 matri
867 2247 1024 2326 petendum
1039 2247 1203 2308 subsidium
1226 2249 1264 2308 ab
1287 2247 1449 2326 astrologia
1469 2249 1532 2309 lilia

178 2291 409 2404 meretricales).
455 2334 549 2395 Simul
573 2341 752 2394 autemnon
782 2337 845 2396 aine
869 2337 969 2411 aliquo
991 2337 1095 2413 spiritu
1119 2335 1216 2408 addit,
1248 2339 1361 2412 priores
1382 2352 1453 2396 suos
1475 2336 1532 2396 ad·

180 2425 359 2482 ministros·
351 2440 381 2481 ιιι
405 2423 495 2483 uariis
518 2422 676 2482 academiis
701 2423 737 2482 ad
755 2422 898 2482 honorata
913 2425 1076 2483 ministeria
1092 2441 1157 2485 esse
1173 2421 1400 2501 proddetesff-
1358 2423 1531 2502 *Augias

179 2510 230 2570 illa
253 2509 433 2570 clarissimus
454 2509 649 2570 Hearicue
673 2509 845 2584 Wottorr,
875 2512 925 2588 qui
950 2513 1026 2571 eirca
1056 2527 1165 2570 annum
1191 2515 1274 2571 1610
1297 2511 1389 2587 legati
1412 2514 1531 2572 nornine

181 2597 365 2674 aliquantum
388 2599 527 2676 temporis
550 2599 578 2654 in
595 2595 754 2657 Germania
777 2605 913 2659 versatus
926 2607 980 2672 est,
1003 2597 1133 2676 Keplero
1155 2606 1188 2657 ut
1212 2599 1240 2656 in
1258 2597 1394 2675 Angliam
1419 2601 1533 2659 reniret

178 2684 356 2764 persuadere
379 2685 500 2744 studuit.
546 2683 642 2759 Quam
665 2687 759 2761 ipsam
781 2701 841 2744 rem
865 2693 894 2746 et
918 2701 968 2746 cur
991 2686 1068 2746 banc
1090 2685 1251 2746 honestam
1265 2687 1451 2746 vocationem
1476 2685 1531 2746 ab·

179 2771 285 2842 nuarlt,
310 2773 356 2831 bis
379 2774 477 2832 verbis
500 2774 596 2832 amico
619 2773 791 2854 scripsit„
794 2771 868 2831 Mihi
892 2772 966 2834 baec
990 2773 1082 2833 altera
1106 2789 1172 2832 mea
1194 2775 1289 2849 patria
1309 2772 1453 2850 (dustria)
1479 2771 1532 2832 da·

178 2859 303 2922 serenda
326 2875 384 2918 nou
408 2869 452 2920 est
474 2858 564 2932 ultro,
594 2860 651 2918 nisi
683 2859 770 2920 uelim
799 2863 930 2935 ingratus
953 2859 1071 2934 baberi,
1095 2869 1154 2920 aut
1183 2861 1240 2919 nisi
1263 2861 1417 2937 ingratior,
1451 2857 1533 2936 quod

180 2949 291 3008 diutius
314 2949 385 3024 ipsis
409 2949 488 3007 oneri
512 2963 575 3007 cese
598 2963 702 3024 pergo,
735 2946 771 3006 de
800 2965 859 3024 quo
888 2947 1014 3007 viderint
1042 2949 1129 3024 ipsi.i
1176 2947 1291 3023 Quibus
1315 2947 1412 3006 verbis
1436 2944 1532 3008 dicere
1612 2940 1617 2963 ‘
1730 3015 1732 3022 ,

184 3036 249 3096 vuit
271 3035 468 3096 dissensiones
491 3033 558 3094 illas
582 3042 612 3094 ct
635 3035 806 3094 vexationes
830 3033 975 3096 derebus
998 3037 1089 3096 saeris
1112 3038 1141 3094 1ιι
1167 3035 1285 3094 Austris
1300 3034 1456 3110 superlore
1480 3033 1532 3094 lllo

182 3133 315 3200 tempore
338 3131 453 3183 coortas
481 3131 510 3182 et
532 3123 662 3181 omnium
692 3125 915 3198 magistratuum
945 3125 982 3182 ab
1009 3121 1207 3204 „Ordinibus“
1231 3124 1429 3180 institutorum
1454 3119 1532 3179 (1116-

179 3211 304 3272 cultates
335 3216 364 3271 ct
386 3227 432 3270 res
460 3217 610 3287 angustae.
654 3209 765 3270 Postea
792 3225 909 3286 quoquc
940 3209 978 3269 ad
1009 3210 1131 3270 eandem
1162 3225 1223 3268 rem
1255 3208 1355 3280 rediit,
1386 3208 1531 3268 scribens:

181 3299 332 3368 „Alterius
354 3301 466 3374 patriae
490 3297 596 3359 collum
621 3295 734 3372 laqueis
757 3296 891 3357 indutum
915 3298 1082 3358 dominatus
1113 3287 1209 3358 acerbi
1233 3295 1391 3373 periclitari
1416 3295 1530 3356 videtur

143 3391 144 3394 ’
179 3391 324 3459 extreme,
356 3387 473 3462 coitque
497 3393 527 3444 et
549 3387 757 3460 constringitur
778 3384 890 3462 nodus,
922 3389 972 3462 qui
995 3385 1066 3445 mibi
1089 3384 1205 3444 videtur
1233 3401 1268 3446 eo
1288 3382 1416 3444 reditum
1438 3385 1529 3444 inter·

181 3473 307 3534 cludere.
352 3472 556 3548 Etsiquidem
586 3470 715 3532 nondum
738 3487 794 3549 ego
816 3489 912 3548 oeque
940 3473 1109 3551 desperari,
1137 3487 1233 3548 neque
1264 3472 1340 3532 cessi
1368 3473 1529 3548 proposito,

179 3559 426 3620 demonstrandae
448 3577 531 3620 meae
554 3559 740 3636 gratitudinis
763 3559 1000 3637 inserviendlque
1019 3561 1192 3643 Proceribus
1212 3559 1274 3636 jam
1296 3558 1530 3636 periclitantibus

179 3651 204 3707 si
228 3655 347 3725 potero,
376 3664 472 3723 neque
495 3647 538 3706 illi
560 3649 699 3706 nuncium
722 3647 892 3706 remiserint.
941 3649 979 3707 nt
1002 3649 1072 3724 quia
1093 3647 1150 3707 boc
1177 3645 1408 3724 exspectandum
1431 3655 1528 3706 tamen

180 3744 224 3796 ιιι
246 3733 327 3807 mibi,
352 3751 430 3794 nuno
452 3737 541 3812 igitur
563 3741 680 3810 tempus
703 3740 756 3806 est,
781 3737 882 3807 amice,
905 3741 938 3794 ut
961 3751 1061 3794 omnes
1077 3734 1313 3813 beneuolentiae,
1337 3751 1437 3795 omnes
1459 3749 1532 3793 eou-

180 3824 239 3883 silil
264 3825 366 3899 copias
389 3821 518 3882 advoces
542 3821 580 3881 ad
603 3819 675 3880 mibi
697 3822 930 3882 subveniendum
953 3825 982 3880 in
1006 3820 1158 3924 formando
1189 3823 1349 3900 proposito.
1390 3821 1529 3897 Flagrans

181 3909 265 3972 vidae
289 3909 455 3970 incendium
479 3908 548 3969 belli
572 3909 668 3968 civilis
691 3911 719 3968 1ιι
744 3907 919 3980 Germania,
944 3891 1061 3969 vincere'
1084 3926 1144 3998 eos,
1169 3925 1333 3986 equorum
1356 3915 1415 3970 stat
1436 3908 1529 3985 parti·

115 4067 118 4074 ,
181 3999 236 4058 bus
259 3997 349 4058 decus
371 3998 495 4072 imperii,
519 3997 624 4072 corripi
647 3998 789 4072 proxima,
812 3999 938 4073 grassari
962 3985 1119 4058 flammam.
1152 3997 1197 4054 dn
1220 3999 1311 4073 igitur
1333 4011 1412 4056 mare
1434 4001 1531 4054 trans·

181 4087 245 4160 ibo,
269 4093 329 4162 quo
353 4101 399 4144 ma
423 4091 510 4144 vocat
534 4083 703 4143 Wotouus'l
749 4084 813 4159 Ego
837 4082 1025 4143 Gennanusi
1064 4085 1248 4144 Continentia
1271 4099 1389 4156 amans,
1415 4077 1531 4140 insulae

181 4175 333 4249 angustiae
357 4170 501 4232 hortensi
530 4169 730 4232 Periculosum
746 4171 811 4247 ejus
827 4171 1011 4248 praesagus?
1043 4169 1220 4232 Uxoroulam
1236 4171 1354 4230 trabens
1369 4177 1398 4229 et
1413 4183 1532 4246 gregem

181 4260 339 4321 liberorum
347 4260 382 4320 p«
403 4291 441 4304 -
459 4259 505 4318 lie
526 4260 629 4320 itinera
652 4259 752 4318 matris
774 4273 865 4317 causa
887 4259 916 4316 in
940 4259 1219 4334 Wtirttembergiam
1242 4259 1320 4317 iacto
1343 4256 1416 4317 bace
1439 4256 1533 4315 obiter
1555 4251 1559 4260 '

182 4339 314 4424 selipsit:
340 4349 475 4422 ,interim
498 4346 568 4405 mibi
591 4345 781 4406 lamentabile
803 4347 859 4405 iter
880 4346 909 4403 iu
925 4345 1180 4424 wirtembergiam
1204 4343 1362 4418 incumbit3
1386 4341 1422 4403 de
1442 4359 1533 4402 eausa

182 4437 296 4496 itineris
326 4434 493 4494 adhucdum
517 4433 719 4511 (iringslletus
742 4435 851 4506 nescit,
880 4435 993 4494 utinam
1021 4451 1058 4494 ne
1088 4432 1159 4509 quid
1187 4435 1325 4493 resciscat
1356 4431 1533 4490 intransitu

184 4523 441 4598 wirtembergiae.
487 4521 555 4581 'ribi
580 4522 690 4598 aliquid
714 4523 862 4598 aperiamt
890 4537 925 4582 eo
951 4525 1059 4594 risum,
1083 4519 1230 4596 quodnam
1252 4519 1359 4579 iselam
1383 4515 1533 4580 exordium

182 4613 262 4671 ritae
285 4625 370 4670 meae
394 4608 619 4682 describendae,
641 4608 721 4686 quod
745 4617 777 4668 1ιι
800 4627 819 4668 a
841 4625 888 4669 me
910 4611 1024 4686 petisti,
1057 4607 1136 4684 quod
1158 4625 1199 4667 sc.
1223 4603 1342 4682 dignum
1365 4605 1534 4681 cognitione
1569 4633 1576 4640 ·

182 4699 333 4758 bominum
356 4695 428 4756 mibi
452 4713 521 4758 vcro
545 4696 737 4756 honorificum
752 4699 885 4774 meisque
902 4699 1004 4758 amicis
1016 4693 1178 4772 jucundum
1194 4691 1296 4752 auditu
1312 4693 1351 4751 sit
1373 4693 1532 4752 ιιιιιιιιιιιι.1

182 4786 385 4863 limneggero,
409 4786 459 4860 qui
482 4785 589 4844 nuncio
613 4781 649 4844 de
672 4782 792 4862 Kepleri
815 4785 917 4845 matris
940 4801 1031 4845 causa
1052 4780 1171 4840 aliunde
1194 4779 1285 4839 allato
1308 4777 1419 4857 (1621)
1449 4779 1534 4857 Kep-

182 4873 276 4935 lerum
297 4873 464 4946 ιιιιιιιιιιι,
488 4877 521 4931 ιι
537 4871 725 4950 argentorati
744 4885 820 4936 suaa
842 4871 921 4936 domi
936 4873 1045 4957 bospes
1061 4873 1161 4942 essaat,
1185 4866 1262 4928 idem
1278 4866 1429 4958 respoudit
1442 4867 1533 4942 boeot
