3662 5544
728 479 731 484 ,
761 427 937 494 16661616.
1269 503 1280 516 1
1454 426 1520 500 827

176 613 282 691 quibus
304 615 463 676 amicitiam
486 619 515 675 et
536 613 637 673 literae
659 627 678 671 a
697 627 744 673 me
759 613 844 690 petis,
869 612 972 672 breves
994 615 1148 687 utrasque,
1171 611 1224 672 sed
1247 611 1360 690 prolixo
1384 610 1521 670 bomani·

176 705 245 762 tatis
267 709 450 778 argumento.
494 700 646 762 iudicium
669 717 765 760 meum
788 701 900 777 expetis
924 697 960 758 dc
984 700 1043 758 tuis
1065 699 1170 759 studiis
1186 741 1193 761 .
1209 745 1217 763 .
1231 747 1239 762 .
1255 745 1262 759 .
1279 703 1350 773 (ride
1359 702 1396 758 11.
1415 702 1488 772 462).

280 788 347 865 Qua
370 792 484 850 ratione
507 789 589 866 globi
603 788 786 864 superficiem
808 790 838 846 in
862 787 954 862 ligura
971 789 1056 846 unios
1079 786 1178 848 circuli
1193 787 1330 865 projicias
1346 789 1376 845 in
1391 785 1521 863 planum,

175 872 510 954 difficilis'conjectora.
556 878 641 935 Anne
672 874 755 952 pleni
785 875 935 939 circularis
958 874 1099 935 diameter
1120 891 1181 934 uua
1210 881 1409 953 repraesentat
1431 876 1521 934 semi-

176 965 316 1026 circulum
345 963 553 1038 meridianum,
585 963 727 1024 diameter
756 961 850 1023 altera
877 962 916 1022 ad
938 961 1020 1020 illam
1050 968 1130 1024 recta
1156 968 1355 1040 repraesentat
1376 963 1521 1038 integrum

177 1052 340 1114 circulum?
370 1061 404 1112 ut
426 1059 536 1130 quanto
560 1053 656 1110 miuus
678 1050 816 1110 distrahis
838 1057 928 1127 atque
956 1048 1069 1109 diducis
1098 1049 1167 1110 loca
1196 1051 1275 1126 apud
1305 1049 1408 1127 polos,
1439 1057 1523 1108 tanto

176 1141 269 1216 magis
292 1142 323 1198 iu
347 1145 502 1218 angustum
526 1138 681 1228 contrahas
695 1138 762 1199 loca
782 1137 837 1198 sub
854 1137 1038 1215 aequatore'l
1067 1137 1173 1212 Itaque
1187 1155 1246 1198 non
1265 1140 1409 1216 ingratum
1425 1140 1524 1198 mittes

176 1226 394 1305 spectaculum,
422 1229 550 1305 primnm'
575 1235 665 1305 atque
689 1220 871 1286 occasionem
901 1224 1035 1286 mittendi
1059 1235 1161 1286 noctus
1190 1226 1290 1286 fueris.
1335 1226 1525 1286 Astronomia

176 1314 413 1394 planisphaerica
435 1317 553 1389 mirum,
584 1317 610 1374 si
639 1322 754 1391 praeter
776 1312 872 1374 Clarii
900 1329 1058 1389 eorumque
1085 1315 1136 1388 qui
1158 1329 1251 1390 nupcr
1277 1314 1418 1398 scripsere
1441 1315 1525 1388 orric-

178 1420 266 1480 quam
289 1402 401 1464 hebeat
422 1405 502 1462 nori.
541 1401 600 1462 Sed
623 1404 699 1461 enim
722 1408 844 1462 naturae
866 1401 1020 1462 thesauros
1043 1404 1192 1478 nunquam
1216 1418 1270 1461 nec
1291 1418 1345 1461 nos
1368 1399 1524 1460 exhaurie-

178 1508 262 1563 mus,
292 1507 360 1562 nec,
379 1490 577 1551 exhauserunt
605 1490 731 1565 majores
760 1491 866 1549 nostri:
900 1505 1049 1565 nunquam
1079 1491 1180 1565 itaque
1209 1495 1239 1549 et
1265 1488 1334 1548 huic
1362 1498 1414 1547 tuo
1443 1489 1524 1564 operi

178 1595 236 1638 nou
252 1578 339 1639 laneo
343 1620 446 1640 .....
480 1577 595 1638 Literna
610 1580 635 1637 sl
651 1593 725 1654 quas
742 1577 891 1653 scripseris
913 1586 1018 1652 postue
1040 1576 1148 1636 manda
1169 1575 1208 1636 ad
1230 1575 1328 1636 aulam
1352 1575 1526 1636 Caesaream

176 1665 425 1728 transmittendas.
470 1665 583 1742 Quodsi
607 1664 718 1726 Caesar
741 1665 873 1725 Viennae
897 1663 944 1723 rel
967 1664 1080 1741 Pragae
1103 1664 1205 1740 luerit,
1237 1679 1352 1740 egoque
1374 1665 1416 1722 uti
1439 1679 1524 1741 spero

176 1754 272 1814 Liuctl
294 1756 442 1827 restitero,
472 1755 633 1814 rectoribus
665 1751 855 1829 collegiorum
885 1753 1036 1812 societatis
1058 1750 1133 1810 Jesu
1155 1750 1312 1812 mandatae
1339 1758 1417 1812 recte
1439 1767 1526 1810 cura·

176 1841 295 1915 buntur,
318 1857 386 1902 nam
408 1841 456 1902 bie
478 1840 572 1900 Liucli
596 1846 664 1899 sunt
687 1857 723 1900 ex
746 1840 798 1900 illa
820 1841 976 1911 socictate,
999 1839 1037 1899 ad
1061 1843 1136 1915 quos
1157 1841 1308 1899 mittantur
1330 1857 1348 1898 a
1368 1839 1431 1898 suis
1454 1855 1526 1899 con·

177 1928 334 1989 tribulibus
365 1936 454 2006 atque
482 1927 526 1987 illi
557 1927 595 1988 ad
622 1943 668 1987 me
696 1943 756 1987 nou
785 1929 929 2004 grauatim
959 1929 1085 1988 mittent.
1111 1959 1150 1972 -
1172 1926 1249 1988 Vale
1279 1927 1450 1989 ‘doctissime
1480 1927 1526 1988 vir

177 2016 312 2095 beneque
335 2019 494 2078 amicitiam
517 2021 549 2076 ut
571 2017 694 2093 coepisti
718 2013 813 2075 colere
835 2031 934 2092 perge,

281 2104 317 2167 P.
342 2105 371 2165 S.
396 2104 475 2163 Dum
496 2103 598 2164 literae
620 2102 669 2162 bic
692 2102 834 2175 desident,
857 2105 1061 2179 exspectantes
1085 2101 1206 2163 alteram
1229 2107 1333 2182 poetae
1357 2102 1528 2180 occupatio-

177 2207 254 2264 nem,
284 2193 389 2252 tertlee
418 2197 498 2252 tuae'
517 2191 697 2251 advenerunt
727 2189 763 2250 de
792 2196 843 2252 2³.
870 2188 1017 2250 Octobris.
1062 2189 1142 2250 Nihil
1171 2190 1282 2252 habeut
1304 2191 1380 2251 ultra
1406 2191 1529 2268 priores,

178 2279 339 2366 nisi-quod
360 2279 390 2340 id
413 2285 553 2356 tangunt,
583 2277 663 2354 quod
693 2278 747 2338 tibi
777 2279 807 2336 in
831 2277 1055 2338 Commentariis
1077 2275 1113 2337 de
1135 2277 1231 2339 Marte
1262 2281 1388 2340 maxime
1414 2276 1528 2356 placet:

179 2369 240 2426 rim
262 2369 293 2424 in
315 2366 461 2428 sideribus
483 2367 666 2444 magneticse
688 2365 829 2441 similem3
861 2381 919 2441 quo
947 2367 1073 2425 canores
1103 2366 1175 2425 mihi
1197 2367 1300 2426 merito
1322 2381 1388 2427 esse
1411 2363 1529 2429 debent.
1586 2427 1589 2434 ,

179 2452 322 2528 Alterum,
346 2453 426 2533 qood
448 2453 537 2514 rideo
557 2461 587 2514 te
608 2452 760 2530 suspicari,
784 2469 831 2514 me
853 2452 1051 2531 geographica
1078 2455 1108 2530 iu
1122 2452 1265 2533 Mystario
1281 2454 1529 2530 Coemogruphlco

180 2543 321 2618 tetigisse.
366 2543 432 2602 Non
456 2549 506 2612 est
522 2543 581 2602 ita:
604 2539 712 2601 tradidi
735 2543 933 2619 symmetriam
950 2557 1007 2601 sex
1029 2540 1144 2601 orbium
1163 2541 1342 2615 coelestium,
1368 2542 1531 2602 desumtam

178 2645 215 2689 ex
238 2633 367 2708 quinque
382 2629 561 2708 'corporibus
583 2628 776 2706 regularibus,
800 2636 830 2690 et
851 2635 963 2690 motum
985 2643 1022 2688 ex
1043 2627 1204 2691 harmonia.
1250 2628 1355 2690 Cetera
1376 2637 1410 2689 ut
1431 2645 1530 2705 supra.

177 2716 254 2778 Vale
276 2720 392 2778 iterum.

281 2817 375 2872 Pisani
392 2815 536 2887 respondit
558 2831 630 2872 anno
648 2815 732 2885 1611,
756 2815 858 2886 mades
882 2829 965 2886 agens
989 2832 1039 2886 pro
1062 2815 1175 2886 lteptcri
1196 2814 1298 2880 literis,
1324 2813 1529 2884 „astrologiaml

179 2907 256 2961 enirm
280 2903 382 2960 editam
410 2919 483 2974 essa,
509 2905 667 2973 inscriptam
693 2904 795 2972 Magno
822 2903 967 2960 Hetruriae
993 2901 1064 2959 Dnci
1092 2903 1243 2969 ,mediante
1271 2901 1379 2958 lurore“
1408 2899 1531 2957 Galilaei.

180 2989 297 3047 Globum
314 2990 563 3060 plauisphaerlcum
583 2989 642 3060 iam
665 2989 712 3046 diu
728 2988 864 3061 prodiisse
886 2991 915 3045 in
939 2989 1040 3055 lucam,
1067 2989 1175 3046 modum
1200 3005 1264 3045 vero
1288 3005 1391 3045 senon
1409 2989 1531 3044 invenire

180 3076 304 3135 mittendi
321 3078 372 3134 boe
389 3077 488 3148 libros,
513 3077 661 3134 allocutum
681 3094 711 3134 se
729 3091 791 3134 asse
809 3077 944 3148 Jesuitae,
963 3092 1051 3146 neque
1070 3093 1133 3133 vero
1152 3077 1214 3132 illos
1232 3077 1370 3133 inuenisse
1390 3075 1530 3144 ,modumu

180 3165 316 3236 quomodo
333 3167 515 3222 mitterentur.
545 3165 702 3237 Astrologia
719 3181 790 3238 mee,
808 3167 906 3238 pergit,
926 3163 1055 3235 continet,
1075 3163 1148 3235 quod
1167 3180 1262 3220 omnes
1282 3163 1535 3220 theoricaehabent

182 3253 289 3310 orbium
307 3253 490 3324 symmetriam
518 3253 683 3310 delineatam
704 3253 732 3308 in
750 3251 921 3322 longitudine
946 3259 974 3308 at
990 3252 1149 3319 latitudine,
1174 3251 1248 3320 quod
1268 3249 1361 3307 nullus
1380 3249 1535 3320 astrologus

180 3340 234 3396 bue
252 3355 340 3410 usque
358 3339 431 3397 iecit.
469 3340 596 3398 conduct
613 3341 705 3397 adhuc
721 3341 789 3411 boc,
815 3341 888 3411 quod
906 3340 1124 3411 ipsaetheoriae
1141 3339 1375 3410 plenisphaerioae
1393 3354 1449 3394 non
1467 3343 1533 3394 sunt

180 3427 263 3498 aliud,
283 3445 364 3498 quum
382 3429 499 3500 ipsemet
517 3429 669 3500 propositio
687 3428 852 3498 geometrica
868 3427 1087 3498 plunispbserioa
1103 3427 1211 3483 ratione
1227 3425 1376 3498 delineata,
1404 3433 1432 3482 ei
1449 3425 1530 3482 uulso

180 3521 208 3571 et
225 3515 325 3572 eodem
342 3523 466 3586 tempore
485 3515 590 3572 calculo
609 3521 637 3572 et
654 3515 810 3572 demonstro
829 3514 905 3584 (sic).
940 3513 1053 3584 Kepleri
1070 3515 1212 3584 responsio
1230 3514 1307 3570 nulla
1325 3521 1460 3584 superest.

283 3605 366 3674 1611.
403 3608 610 3672 Revorcrro
645 3611 744 3671 aunt.
797 3606 958 3670 ventriculi
991 3605 1143 3668 debilitate
1176 3605 1310 3667 laborari
1340 3593 1375 3668 as
1406 3608 1531 3670 viscosis

181 3696 361 3770 humoribus,
385 3713 473 3774 rugas
496 3695 708 3759 obsidentibus.

286 3797 459 3867 Remaggero
485 3797 594 3868 scripsit
612 3798 747 3871 Kepiems
773 3795 886 3863 „Welsii
904 3799 927 3854 5.
946 3794 1119 3856 l'ebruariil:
1150 3789 1237 3850 Mitto
1267 3797 1423 3869 properate
1444 3807 1534 3850 maun

182 3881 284 3940 tironis
315 3882 524 3958 imperitissimi
548 3882 731 3954 inchoatum,
760 3879 944 3958 autographo
974 3896 1044 3940 vero
1074 3895 1140 3939 meo
1170 3878 1345 3956 completum
1368 3879 1531 3955 exemplum

184 3967 355 4044 ,Epistulae
379 3968 417 4028 ad
441 3967 633 4044 Calaisinm“,
662 3986 750 4046 quam
775 3968 862 4028 veiim
885 3970 977 4044 primo
1003 3984 1120 4044 quoque
1143 3973 1273 4045 tempore
1295 3966 1410 4028 excudi.
1445 3965 1531 4026 Nun-

184 4055 259 4116 dinie
282 4055 432 4116 Lincianis
456 4074 507 4133 per
537 4063 712 4116 mercatores
741 4059 855 4116 mittam
882 4056 918 4114 ud
943 4054 1158 4134 typographum
1183 4054 1328 4133 ,Eulogas
1352 4053 1530 4115 Chronicus“

184 4159 249 4204 cum
270 4143 366 4214 latino
390 4143 524 4223 exemplo
548 4145 762 4206 informationis
786 4144 821 4204 de
844 4159 921 4203 anno
945 4143 1052 4202 Christi
1075 4139 1174 4205 natali.
1207 4199 1216 4218 „

284 4243 358 4300 Data
370 4251 413 4300 est
424 4243 541 4315 epistola
553 4244 588 4300 ad
603 4226 748 4300 Calvisium
763 4243 807 4300 die
821 4243 862 4300 16.
875 4241 1026 4312 Februarii,
1039 4241 1156 4312 epistola
1168 4240 1335 4300 dedicatoria
1349 4231 1426 4307 „iibri
1437 4240 1531 4296 latini*
1586 4308 1588 4316 Ι

185 4331 238 4398 (De
256 4346 321 4386 raro
340 4346 411 4386 anno
430 4331 497 4401 etc.)
521 4331 556 4387 ad
581 4333 739 4403 episcopum
759 4329 902 4384 Cleselium
925 4327 969 4385 die
986 4329 1012 4386 8.
1031 4329 1142 4400 Aprilis.
1177 4329 1229 4386 Die
1247 4329 1373 4398 2616611
1394 4329 1463 4385 baec
1487 4327 1535 4384 dat

183 4415 318 4488 Keplerus
343 4417 528 4489 cheggero:
552 4415 703 4493 Epistulae
725 4431 808 4475 meae
824 4411 941 4473 titulum
963 4414 1062 4473 inveni
1079 4415 1108 4472 in
1129 4413 1276 4490 catalogo,
1301 4428 1386 4491 spero
1409 4414 1533 4488 impres-

184 4520 261 4578 sam,
295 4505 351 4563 etsi
374 4502 448 4561 nihil
477 4503 579 4565 scribit
600 4502 808 4582 Tampachius.
854 4499 1017 4561 Consilium
1045 4503 1109 4578 cepi
1137 4501 1270 4562 mittendi
1298 4499 1336 4561 ad
1358 4506 1387 4558 te
1408 4499 1533 4560 latinum

184 4597 340 4651 tractatum
364 4589 400 4652 de
423 4590 558 4652 natalitio
582 4608 669 4668 auno,
694 4597 723 4650 in
747 4606 805 4666 quo
829 4588 899 4648 mihi
915 4587 1003 4666 plane
1018 4589 1162 4666 satisie0i3
1185 4605 1270 4666 spero
1287 4587 1461 4666 opusculum
1476 4588 1532 4649 ab·

186 4677 396 4739 solutissimum
419 4695 494 4739 esse.

287 4778 371 4836 Liber
389 4779 461 4834 Baro
479 4777 509 4834 P.
521 4777 555 4832 H.
573 4775 810 4850 aStrahlendorff,
829 4776 900 4832 idem
919 4775 952 4830 ad
972 4790 1052 4846 quem
1064 4773 1200 4844 Keplerus
1219 4787 1289 4828 anno
1306 4773 1381 4830 1616.
1400 4781 1533 4834 summam

187 4869 340 4934 ‚amorum“
360 4880 473 4922 suorum
489 4865 651 4936 scripserat,
674 4870 778 4922 6661666
801 4863 866 4920 anni
884 4863 961 4920 1611.
984 4861 1096 4918 nunciat
1112 4856 1243 4928 Keplero‚
1267 4857 1339 4914 lecta
1359 4859 1531 4935 „Dioptrica“

186 4955 308 5028 coepisse
327 4969 358 5012 se
375 4967 411 5010 ex
428 4953 582 5025 praeceptis
599 4951 713 5025 Kepleri
730 4951 887 5010 mechanica
905 4949 1032 5020 experiri.
1068 4943 1225 5004 Conteeisse
1242 4959 1274 5002 se
1290 4943 1386 5002 tubum
1404 4949 1532 5024 optioum,
1585 4963 1589 4974 ’
