<?xml version="1.0" encoding="UTF-8"?>
<!DOCTYPE html PUBLIC "-//W3C//DTD XHTML 1.0 Transitional//EN"
    "http://www.w3.org/TR/xhtml1/DTD/xhtml1-transitional.dtd">
<html xmlns="http://www.w3.org/1999/xhtml" xml:lang="en" lang="en">
 <head>
  <title>
</title>
<meta http-equiv="Content-Type" content="text/html;charset=utf-8" />
  <meta name='ocr-system' content='tesseract 3.04.00' />
  <meta name='ocr-capabilities' content='ocr_page ocr_carea ocr_par ocr_line ocrx_word'/>
</head>
<body>
  <div class='ocr_page' id='page_1' title='image "./joanniskepleria25frisgoog_0292.png"; bbox 0 0 3662 5544; ppageno 0'>
   <div class='ocr_carea' id='block_1_1' title="bbox 830 418 1541 500">
    <p class='ocr_par' dir='ltr' id='par_1_1' title="bbox 830 418 1541 500">
     <span class='ocr_line' id='line_1_1' title="bbox 830 418 1541 500; baseline 0.003 -14"><span class='ocrx_word' id='word_1_1' title='bbox 830 423 910 488; x_wconf 84' lang='lat' dir='ltr'><strong>tttt</strong></span> <span class='ocrx_word' id='word_1_2' title='bbox 1476 418 1541 500; x_wconf 71' lang='grc'><strong>837</strong></span> 
     </span>
    </p>
   </div>
   <div class='ocr_carea' id='block_1_2' title="bbox 133 599 1544 1816">
    <p class='ocr_par' dir='ltr' id='par_1_2' title="bbox 133 599 1544 1816">
     <span class='ocr_line' id='line_1_2' title="bbox 190 599 1542 675; baseline 0.003 -17"><span class='ocrx_word' id='word_1_3' title='bbox 190 599 359 672; x_wconf 87' lang='lat' dir='ltr'><strong>respondeus</strong></span> <span class='ocrx_word' id='word_1_4' title='bbox 376 599 472 660; x_wconf 90' lang='lat' dir='ltr'><strong>idibus</strong></span> <span class='ocrx_word' id='word_1_5' title='bbox 488 602 591 674; x_wconf 80' lang='lat' dir='ltr'><strong>Aprilis</strong></span> <span class='ocrx_word' id='word_1_6' title='bbox 608 604 687 662; x_wconf 87' lang='grc'><strong>1616.</strong></span> <span class='ocrx_word' id='word_1_7' title='bbox 707 603 835 662; x_wconf 87' lang='grc'><strong>66111166</strong></span> <span class='ocrx_word' id='word_1_8' title='bbox 852 601 946 660; x_wconf 85' lang='grc'><strong>1116666</strong></span> <span class='ocrx_word' id='word_1_9' title='bbox 964 601 990 660; x_wconf 93' lang='grc'><strong>6.</strong></span> <span class='ocrx_word' id='word_1_10' title='bbox 1008 602 1070 659; x_wconf 86' lang='grc'><strong>166.</strong></span> <span class='ocrx_word' id='word_1_11' title='bbox 1090 604 1167 674; x_wconf 84' lang='grc'><strong>1616,</strong></span> <span class='ocrx_word' id='word_1_12' title='bbox 1192 605 1276 660; x_wconf 84' lang='lat' dir='ltr'><strong>nimia</strong></span> <span class='ocrx_word' id='word_1_13' title='bbox 1293 601 1442 675; x_wconf 84' lang='grc'><strong>1166166666</strong></span> <span class='ocrx_word' id='word_1_14' title='bbox 1459 604 1542 662; x_wconf 85' lang='grc'><strong>16666</strong></span> 
     </span>
     <span class='ocr_line' id='line_1_3' title="bbox 190 685 1540 765; baseline 0.004 -23"><span class='ocrx_word' id='word_1_15' title='bbox 190 694 346 746; x_wconf 83' lang='lat' dir='ltr'><strong>onerantes:</strong></span> <span class='ocrx_word' id='word_1_16' title='bbox 371 685 477 762; x_wconf 86' lang='lat' dir='ltr'><strong>Video,</strong></span> <span class='ocrx_word' id='word_1_17' title='bbox 501 687 677 748; x_wconf 76' lang='grc'><strong>61661666</strong></span> <span class='ocrx_word' id='word_1_18' title='bbox 701 705 748 751; x_wconf 89' lang='grc'><strong>66</strong></span> <span class='ocrx_word' id='word_1_19' title='bbox 770 705 836 750; x_wconf 89' lang='lat' dir='ltr'><strong>esso</strong></span> <span class='ocrx_word' id='word_1_20' title='bbox 858 691 1006 765; x_wconf 87' lang='lat' dir='ltr'><strong>ignotum,</strong></span> <span class='ocrx_word' id='word_1_21' title='bbox 1038 685 1208 762; x_wconf 84' lang='lat' dir='ltr'><strong>dignitatum</strong></span> <span class='ocrx_word' id='word_1_22' title='bbox 1232 690 1308 749; x_wconf 88' lang='lat' dir='ltr'><strong>enim</strong></span> <span class='ocrx_word' id='word_1_23' title='bbox 1331 688 1402 746; x_wconf 89' lang='lat' dir='ltr'><strong>mihi</strong></span> <span class='ocrx_word' id='word_1_24' title='bbox 1425 687 1540 763; x_wconf 86' lang='lat' dir='ltr'><strong>tribuis,</strong></span> 
     </span>
     <span class='ocr_line' id='line_1_4' title="bbox 191 767 1541 853; baseline 0.003 -23"><span class='ocrx_word' id='word_1_25' title='bbox 191 773 240 848; x_wconf 91' lang='grc'><strong>661</strong></span> <span class='ocrx_word' id='word_1_26' title='bbox 263 771 362 834; x_wconf 86' lang='lat' dir='ltr'><strong>literas</strong></span> <span class='ocrx_word' id='word_1_27' title='bbox 384 777 470 836; x_wconf 89' lang='grc'><strong>66166</strong></span> <span class='ocrx_word' id='word_1_28' title='bbox 491 781 593 850; x_wconf 85' lang='grc'><strong>116616,</strong></span> <span class='ocrx_word' id='word_1_29' title='bbox 616 774 713 836; x_wconf 87' lang='grc'><strong>661166</strong></span> <span class='ocrx_word' id='word_1_30' title='bbox 729 777 852 853; x_wconf 87' lang='grc'><strong>66111166</strong></span> <span class='ocrx_word' id='word_1_31' title='bbox 874 767 981 853; x_wconf 86' lang='lat' dir='ltr'><strong>partes&#39;,</strong></span> <span class='ocrx_word' id='word_1_32' title='bbox 1005 774 1085 836; x_wconf 89' lang='lat' dir='ltr'><strong>unde</strong></span> <span class='ocrx_word' id='word_1_33' title='bbox 1102 774 1260 851; x_wconf 76' lang='lat' dir='ltr'><strong>dignitates</strong></span> <span class='ocrx_word' id='word_1_34' title='bbox 1283 778 1393 852; x_wconf 88' lang='lat' dir='ltr'><strong>sperari</strong></span> <span class='ocrx_word' id='word_1_35' title='bbox 1411 783 1541 852; x_wconf 78' lang='lat' dir='ltr'><strong>possent,</strong></span> 
     </span>
     <span class='ocr_line' id='line_1_5' title="bbox 190 859 1540 939; baseline 0.002 -20"><span class='ocrx_word' id='word_1_36' title='bbox 190 877 317 936; x_wconf 90' lang='lat' dir='ltr'><strong>unquam</strong></span> <span class='ocrx_word' id='word_1_37' title='bbox 341 861 435 937; x_wconf 84' lang='lat' dir='ltr'><strong>attigi.</strong></span> <span class='ocrx_word' id='word_1_38' title='bbox 471 859 693 922; x_wconf 88' lang='lat' dir='ltr'><strong>Humanitatem</strong></span> <span class='ocrx_word' id='word_1_39' title='bbox 716 866 745 922; x_wconf 92' lang='grc'><strong>16</strong></span> <span class='ocrx_word' id='word_1_40' title='bbox 769 867 873 924; x_wconf 90' lang='lat' dir='ltr'><strong>ceteris</strong></span> <span class='ocrx_word' id='word_1_41' title='bbox 895 863 970 936; x_wconf 90' lang='lat' dir='ltr'><strong>colo,</strong></span> <span class='ocrx_word' id='word_1_42' title='bbox 994 865 1023 920; x_wconf 92' lang='lat' dir='ltr'><strong>in</strong></span> <span class='ocrx_word' id='word_1_43' title='bbox 1046 879 1093 922; x_wconf 91' lang='lat' dir='ltr'><strong>me</strong></span> <span class='ocrx_word' id='word_1_44' title='bbox 1116 862 1194 938; x_wconf 90' lang='lat' dir='ltr'><strong>quod</strong></span> <span class='ocrx_word' id='word_1_45' title='bbox 1218 863 1265 924; x_wconf 88' lang='lat' dir='ltr'><strong>bie</strong></span> <span class='ocrx_word' id='word_1_46' title='bbox 1284 864 1394 939; x_wconf 85' lang='lat' dir='ltr'><strong>jactem</strong></span> <span class='ocrx_word' id='word_1_47' title='bbox 1418 879 1476 922; x_wconf 91' lang='grc'><strong>666</strong></span> <span class='ocrx_word' id='word_1_48' title='bbox 1491 865 1540 922; x_wconf 90' lang='lat' dir='ltr'><strong>in·</strong></span> 
     </span>
     <span class='ocr_line' id='line_1_6' title="bbox 193 947 1542 1028; baseline 0.004 -23"><span class='ocrx_word' id='word_1_49' title='bbox 193 949 288 1008; x_wconf 88' lang='lat' dir='ltr'><strong>venio.</strong></span> <span class='ocrx_word' id='word_1_50' title='bbox 335 947 481 1009; x_wconf 75' lang='lat' dir='ltr'><strong>Voluntas</strong></span> <span class='ocrx_word' id='word_1_51' title='bbox 502 951 574 1009; x_wconf 91' lang='lat' dir='ltr'><strong>mihi</strong></span> <span class='ocrx_word' id='word_1_52' title='bbox 596 959 712 1028; x_wconf 80' lang='lat' dir='ltr'><strong>promta</strong></span> <span class='ocrx_word' id='word_1_53' title='bbox 733 959 786 1022; x_wconf 91' lang='lat' dir='ltr'><strong>est,</strong></span> <span class='ocrx_word' id='word_1_54' title='bbox 809 950 994 1028; x_wconf 80' lang='lat' dir='ltr'><strong>gratificandi</strong></span> <span class='ocrx_word' id='word_1_55' title='bbox 1018 949 1154 1009; x_wconf 88' lang='lat' dir='ltr'><strong>omnibns</strong></span> <span class='ocrx_word' id='word_1_56' title='bbox 1172 949 1389 1027; x_wconf 76' lang='lat' dir='ltr'><strong>philosophiam</strong></span> <span class='ocrx_word' id='word_1_57' title='bbox 1413 954 1542 1012; x_wconf 89' lang='lat' dir='ltr'><strong>amanti·</strong></span> 
     </span>
     <span class='ocr_line' id='line_1_7' title="bbox 192 1035 1541 1116; baseline 0.004 -24"><span class='ocrx_word' id='word_1_58' title='bbox 192 1035 255 1108; x_wconf 88' lang='grc'><strong>666,</strong></span> <span class='ocrx_word' id='word_1_59' title='bbox 279 1051 484 1113; x_wconf 89' lang='lat' dir='ltr'><strong>quamcunque</strong></span> <span class='ocrx_word' id='word_1_60' title='bbox 507 1037 652 1116; x_wconf 88' lang='grc'><strong>16616666</strong></span> <span class='ocrx_word' id='word_1_61' title='bbox 676 1037 733 1098; x_wconf 89' lang='grc'><strong>11116</strong></span> <span class='ocrx_word' id='word_1_62' title='bbox 757 1038 941 1099; x_wconf 86' lang='lat' dir='ltr'><strong>turbulentus</strong></span> <span class='ocrx_word' id='word_1_63' title='bbox 964 1040 1020 1096; x_wconf 91' lang='lat' dir='ltr'><strong>iste</strong></span> <span class='ocrx_word' id='word_1_64' title='bbox 1042 1039 1122 1096; x_wconf 89' lang='lat' dir='ltr'><strong>vitae</strong></span> <span class='ocrx_word' id='word_1_65' title='bbox 1145 1053 1247 1096; x_wconf 91' lang='lat' dir='ltr'><strong>cursus</strong></span> <span class='ocrx_word' id='word_1_66' title='bbox 1276 1037 1430 1098; x_wconf 86' lang='lat' dir='ltr'><strong>indulserit</strong></span> <span class='ocrx_word' id='word_1_67' title='bbox 1432 1081 1541 1099; x_wconf 90' lang='grc'><strong>.....</strong></span> 
     </span>
     <span class='ocr_line' id='line_1_8' title="bbox 189 1121 1542 1202; baseline 0.004 -22"><span class='ocrx_word' id='word_1_68' title='bbox 189 1121 240 1194; x_wconf 83' lang='lat' dir='ltr'><strong>Te,</strong></span> <span class='ocrx_word' id='word_1_69' title='bbox 265 1125 398 1200; x_wconf 90' lang='lat' dir='ltr'><strong>quisquis</strong></span> <span class='ocrx_word' id='word_1_70' title='bbox 422 1142 462 1198; x_wconf 90' lang='grc'><strong>66,</strong></span> <span class='ocrx_word' id='word_1_71' title='bbox 487 1142 538 1184; x_wconf 94' lang='lat' dir='ltr'><strong>oro</strong></span> <span class='ocrx_word' id='word_1_72' title='bbox 561 1133 649 1202; x_wconf 87' lang='lat' dir='ltr'><strong>atque</strong></span> <span class='ocrx_word' id='word_1_73' title='bbox 673 1127 808 1200; x_wconf 88' lang='lat' dir='ltr'><strong>obsecro,</strong></span> <span class='ocrx_word' id='word_1_74' title='bbox 832 1135 893 1184; x_wconf 89' lang='lat' dir='ltr'><strong>tam</strong></span> <span class='ocrx_word' id='word_1_75' title='bbox 916 1125 1064 1202; x_wconf 81' lang='lat' dir='ltr'><strong>exquisito</strong></span> <span class='ocrx_word' id='word_1_76' title='bbox 1088 1124 1243 1184; x_wconf 87' lang='lat' dir='ltr'><strong>verborum</strong></span> <span class='ocrx_word' id='word_1_77' title='bbox 1266 1133 1428 1202; x_wconf 90' lang='lat' dir='ltr'><strong>apparatu,</strong></span> <span class='ocrx_word' id='word_1_78' title='bbox 1451 1127 1542 1186; x_wconf 86' lang='lat' dir='ltr'><strong>tantis</strong></span> 
     </span>
     <span class='ocr_line' id='line_1_9' title="bbox 189 1209 1542 1290; baseline 0.002 -23"><span class='ocrx_word' id='word_1_79' title='bbox 189 1209 328 1270; x_wconf 89' lang='lat' dir='ltr'><strong>laudibus</strong></span> <span class='ocrx_word' id='word_1_80' title='bbox 350 1213 510 1285; x_wconf 88' lang='lat' dir='ltr'><strong>abstineas,</strong></span> <span class='ocrx_word' id='word_1_81' title='bbox 534 1231 627 1289; x_wconf 91' lang='lat' dir='ltr'><strong>neque</strong></span> <span class='ocrx_word' id='word_1_82' title='bbox 651 1215 809 1289; x_wconf 88' lang='lat' dir='ltr'><strong>pessimum</strong></span> <span class='ocrx_word' id='word_1_83' title='bbox 834 1214 1000 1290; x_wconf 82' lang='lat' dir='ltr'><strong>exemplum</strong></span> <span class='ocrx_word' id='word_1_84' title='bbox 1023 1214 1099 1272; x_wconf 89' lang='lat' dir='ltr'><strong>iuter</strong></span> <span class='ocrx_word' id='word_1_85' title='bbox 1120 1211 1313 1288; x_wconf 90' lang='lat' dir='ltr'><strong>philosophos</strong></span> <span class='ocrx_word' id='word_1_86' title='bbox 1336 1219 1465 1285; x_wconf 86' lang='lat' dir='ltr'><strong>statuas,</strong></span> <span class='ocrx_word' id='word_1_87' title='bbox 1488 1214 1542 1272; x_wconf 91' lang='grc'><strong>1161</strong></span> 
     </span>
     <span class='ocr_line' id='line_1_10' title="bbox 190 1298 1542 1378; baseline 0.004 -26"><span class='ocrx_word' id='word_1_88' title='bbox 190 1314 258 1357; x_wconf 89' lang='lat' dir='ltr'><strong>vero</strong></span> <span class='ocrx_word' id='word_1_89' title='bbox 291 1298 468 1373; x_wconf 79' lang='lat' dir='ltr'><strong>persuadeas</strong></span> <span class='ocrx_word' id='word_1_90' title='bbox 491 1302 561 1378; x_wconf 90' lang='lat' dir='ltr'><strong>ipsi,</strong></span> <span class='ocrx_word' id='word_1_91' title='bbox 591 1319 637 1362; x_wconf 92' lang='lat' dir='ltr'><strong>mc</strong></span> <span class='ocrx_word' id='word_1_92' title='bbox 667 1304 732 1361; x_wconf 90' lang='grc'><strong>6166</strong></span> <span class='ocrx_word' id='word_1_93' title='bbox 762 1302 880 1362; x_wconf 88' lang='grc'><strong>16166166</strong></span> <span class='ocrx_word' id='word_1_94' title='bbox 911 1303 965 1360; x_wconf 89' lang='grc'><strong>616</strong></span> <span class='ocrx_word' id='word_1_95' title='bbox 995 1301 1084 1360; x_wconf 87' lang='grc'><strong>166116</strong></span> <span class='ocrx_word' id='word_1_96' title='bbox 1115 1300 1269 1373; x_wconf 80' lang='lat' dir='ltr'><strong>encomiis,</strong></span> <span class='ocrx_word' id='word_1_97' title='bbox 1298 1300 1485 1360; x_wconf 88' lang='lat' dir='ltr'><strong>vehementer</strong></span> <span class='ocrx_word' id='word_1_98' title='bbox 1506 1301 1542 1359; x_wconf 88' lang='grc'><strong>116</strong></span> 
     </span>
     <span class='ocr_line' id='line_1_11' title="bbox 191 1385 1542 1464; baseline 0.001 -20"><span class='ocrx_word' id='word_1_99' title='bbox 191 1385 308 1459; x_wconf 88' lang='grc'><strong>6116661,</strong></span> <span class='ocrx_word' id='word_1_100' title='bbox 330 1389 395 1446; x_wconf 88' lang='grc'><strong>6166</strong></span> <span class='ocrx_word' id='word_1_101' title='bbox 419 1405 471 1464; x_wconf 87' lang='grc'><strong>666</strong></span> <span class='ocrx_word' id='word_1_102' title='bbox 495 1391 522 1446; x_wconf 92' lang='grc'><strong>16</strong></span> <span class='ocrx_word' id='word_1_103' title='bbox 545 1391 665 1448; x_wconf 89' lang='grc'><strong>616166</strong></span> <span class='ocrx_word' id='word_1_104' title='bbox 686 1406 725 1463; x_wconf 87' lang='grc'><strong>66,</strong></span> <span class='ocrx_word' id='word_1_105' title='bbox 749 1390 846 1450; x_wconf 83' lang='lat' dir='ltr'><strong>tamen</strong></span> <span class='ocrx_word' id='word_1_106' title='bbox 869 1389 907 1448; x_wconf 89' lang='lat' dir='ltr'><strong>ab</strong></span> <span class='ocrx_word' id='word_1_107' title='bbox 930 1389 966 1448; x_wconf 90' lang='grc'><strong>116</strong></span> <span class='ocrx_word' id='word_1_108' title='bbox 982 1395 1110 1446; x_wconf 88' lang='grc'><strong>6616666</strong></span> <span class='ocrx_word' id='word_1_109' title='bbox 1129 1389 1290 1446; x_wconf 75' lang='lat' dir='ltr'><strong>sinceritati</strong></span> <span class='ocrx_word' id='word_1_110' title='bbox 1313 1386 1542 1464; x_wconf 89' lang='lat' dir='ltr'><strong>philosophandi</strong></span> 
     </span>
     <span class='ocr_line' id='line_1_12' title="bbox 192 1473 1542 1554; baseline 0.004 -26"><span class='ocrx_word' id='word_1_111' title='bbox 192 1475 306 1550; x_wconf 87' lang='lat' dir='ltr'><strong>ipsique</strong></span> <span class='ocrx_word' id='word_1_112' title='bbox 329 1473 404 1534; x_wconf 90' lang='grc'><strong>6666</strong></span> <span class='ocrx_word' id='word_1_113' title='bbox 427 1477 547 1551; x_wconf 89' lang='grc'><strong>6161611,</strong></span> <span class='ocrx_word' id='word_1_114' title='bbox 578 1493 615 1536; x_wconf 89' lang='grc'><strong>66</strong></span> <span class='ocrx_word' id='word_1_115' title='bbox 638 1476 706 1536; x_wconf 91' lang='lat' dir='ltr'><strong>dum</strong></span> <span class='ocrx_word' id='word_1_116' title='bbox 728 1484 848 1554; x_wconf 89' lang='lat' dir='ltr'><strong>propter</strong></span> <span class='ocrx_word' id='word_1_117' title='bbox 870 1478 1068 1553; x_wconf 84' lang='lat' dir='ltr'><strong>cognitionem</strong></span> <span class='ocrx_word' id='word_1_118' title='bbox 1092 1491 1213 1551; x_wconf 88' lang='lat' dir='ltr'><strong>operum</strong></span> <span class='ocrx_word' id='word_1_119' title='bbox 1236 1474 1403 1534; x_wconf 77' lang='lat' dir='ltr'><strong>divinorum</strong></span> <span class='ocrx_word' id='word_1_120' title='bbox 1425 1483 1542 1534; x_wconf 87' lang='lat' dir='ltr'><strong>nostras</strong></span> 
     </span>
     <span class='ocr_line' id='line_1_13' title="bbox 192 1563 1544 1641; baseline -0.001 -19"><span class='ocrx_word' id='word_1_121' title='bbox 192 1563 321 1638; x_wconf 88' lang='lat' dir='ltr'><strong>ipsorum</strong></span> <span class='ocrx_word' id='word_1_122' title='bbox 344 1578 603 1632; x_wconf 84' lang='lat' dir='ltr'><strong>commemoramus</strong></span> <span class='ocrx_word' id='word_1_123' title='bbox 620 1563 813 1641; x_wconf 78' lang='lat' dir='ltr'><strong>audimusque</strong></span> <span class='ocrx_word' id='word_1_124' title='bbox 836 1563 947 1636; x_wconf 88' lang='lat' dir='ltr'><strong>laudes,</strong></span> <span class='ocrx_word' id='word_1_125' title='bbox 971 1563 1093 1622; x_wconf 84' lang='lat' dir='ltr'><strong>landum</strong></span> <span class='ocrx_word' id='word_1_126' title='bbox 1117 1578 1262 1635; x_wconf 80' lang='lat' dir='ltr'><strong>verarum,</strong></span> <span class='ocrx_word' id='word_1_127' title='bbox 1285 1578 1363 1638; x_wconf 89' lang='grc'><strong>6666</strong></span> <span class='ocrx_word' id='word_1_128' title='bbox 1384 1563 1544 1640; x_wconf 87' lang='lat' dir='ltr'><strong>sapientis-</strong></span> 
     </span>
     <span class='ocr_line' id='line_1_14' title="bbox 190 1645 1542 1726; baseline 0.001 -20"><span class='ocrx_word' id='word_1_129' title='bbox 190 1651 264 1708; x_wconf 90' lang='lat' dir='ltr'><strong>simo</strong></span> <span class='ocrx_word' id='word_1_130' title='bbox 288 1657 435 1710; x_wconf 89' lang='lat' dir='ltr'><strong>tantorum</strong></span> <span class='ocrx_word' id='word_1_131' title='bbox 458 1645 578 1726; x_wconf 87' lang='lat' dir='ltr'><strong>operum</strong></span> <span class='ocrx_word' id='word_1_132' title='bbox 601 1652 714 1711; x_wconf 85' lang='grc'><strong>6661661</strong></span> <span class='ocrx_word' id='word_1_133' title='bbox 738 1652 893 1723; x_wconf 82' lang='lat' dir='ltr'><strong>debentur,</strong></span> <span class='ocrx_word' id='word_1_134' title='bbox 918 1651 1136 1711; x_wconf 89' lang='lat' dir='ltr'><strong>obliviscamur.</strong></span> <span class='ocrx_word' id='word_1_135' title='bbox 1181 1647 1241 1708; x_wconf 85' lang='lat' dir='ltr'><strong>Res</strong></span> <span class='ocrx_word' id='word_1_136' title='bbox 1266 1651 1330 1726; x_wconf 90' lang='grc'><strong>1666</strong></span> <span class='ocrx_word' id='word_1_137' title='bbox 1354 1665 1442 1725; x_wconf 87' lang='grc'><strong>6666</strong></span> <span class='ocrx_word' id='word_1_138' title='bbox 1465 1651 1542 1726; x_wconf 91' lang='lat' dir='ltr'><strong>petis</strong></span> 
     </span>
     <span class='ocr_line' id='line_1_15' title="bbox 133 1729 1541 1816; baseline 0.001 -23"><span class='ocrx_word' id='word_1_139' title='bbox 133 1729 139 1766; x_wconf 80' lang='lat'><strong>&#39;-</strong></span> <span class='ocrx_word' id='word_1_140' title='bbox 190 1738 212 1794; x_wconf 90' lang='lat' dir='ltr'><strong>si</strong></span> <span class='ocrx_word' id='word_1_141' title='bbox 236 1753 301 1796; x_wconf 89' lang='lat' dir='ltr'><strong>cum</strong></span> <span class='ocrx_word' id='word_1_142' title='bbox 324 1745 369 1796; x_wconf 91' lang='lat' dir='ltr'><strong>tot</strong></span> <span class='ocrx_word' id='word_1_143' title='bbox 392 1737 599 1798; x_wconf 80' lang='lat' dir='ltr'><strong>blandimentis</strong></span> <span class='ocrx_word' id='word_1_144' title='bbox 622 1748 814 1814; x_wconf 87' lang='lat' dir='ltr'><strong>comparetur,</strong></span> <span class='ocrx_word' id='word_1_145' title='bbox 836 1738 992 1816; x_wconf 88' lang='lat' dir='ltr'><strong>pudendas</strong></span> <span class='ocrx_word' id='word_1_146' title='bbox 1006 1739 1162 1814; x_wconf 78' lang='lat' dir='ltr'><strong>parvitatis</strong></span> <span class='ocrx_word' id='word_1_147' title='bbox 1184 1744 1228 1795; x_wconf 92' lang='lat' dir='ltr'><strong>est</strong></span> <span class='ocrx_word' id='word_1_148' title='bbox 1244 1744 1299 1797; x_wconf 87' lang='lat' dir='ltr'><strong>etc.</strong></span> <span class='ocrx_word' id='word_1_149' title='bbox 1333 1740 1439 1796; x_wconf 86' lang='lat' dir='ltr'><strong>Deinde</strong></span> <span class='ocrx_word' id='word_1_150' title='bbox 1456 1738 1541 1794; x_wconf 81' lang='grc'><strong>661661</strong></span> 
     </span>
    </p>
   </div>
   <div class='ocr_carea' id='block_1_3' title="bbox 97 1823 1544 1898">
    <p class='ocr_par' dir='ltr' id='par_1_3' title="bbox 97 1823 1544 1898">
     <span class='ocr_line' id='line_1_16' title="bbox 97 1823 1544 1898; baseline 0.003 -18"><span class='ocrx_word' id='word_1_151' title='bbox 97 1823 104 1832; x_wconf 89' lang='grc'><em>“</em></span> <span class='ocrx_word' id='word_1_152' title='bbox 190 1827 322 1896; x_wconf 86' lang='grc'><strong>11661666</strong></span> <span class='ocrx_word' id='word_1_153' title='bbox 340 1827 476 1898; x_wconf 88' lang='lat' dir='ltr'><strong>Blancho,</strong></span> <span class='ocrx_word' id='word_1_154' title='bbox 503 1845 573 1897; x_wconf 88' lang='lat' dir='ltr'><strong>qnae</strong></span> <span class='ocrx_word' id='word_1_155' title='bbox 595 1831 674 1886; x_wconf 92' lang='lat' dir='ltr'><strong>anuis</strong></span> <span class='ocrx_word' id='word_1_156' title='bbox 692 1831 762 1888; x_wconf 80' lang='grc'><strong>1611</strong></span> <span class='ocrx_word' id='word_1_157' title='bbox 780 1837 808 1885; x_wconf 93' lang='grc'><strong>61</strong></span> <span class='ocrx_word' id='word_1_158' title='bbox 827 1829 941 1887; x_wconf 82' lang='grc'><strong>161616</strong></span> <span class='ocrx_word' id='word_1_159' title='bbox 964 1828 1153 1885; x_wconf 84' lang='lat' dir='ltr'><strong>astronomicis</strong></span> <span class='ocrx_word' id='word_1_160' title='bbox 1172 1827 1330 1898; x_wconf 79' lang='lat' dir='ltr'><strong>perfecerit,</strong></span> <span class='ocrx_word' id='word_1_161' title='bbox 1355 1835 1461 1885; x_wconf 75' lang='lat' dir='ltr'><strong>aestate</strong></span> <span class='ocrx_word' id='word_1_162' title='bbox 1479 1829 1544 1884; x_wconf 89' lang='lat' dir='ltr'><strong>anni</strong></span> 
     </span>
    </p>
   </div>
   <div class='ocr_carea' id='block_1_4' title="bbox 188 1915 1617 4969">
    <p class='ocr_par' dir='ltr' id='par_1_4' title="bbox 188 1915 1561 2694">
     <span class='ocr_line' id='line_1_17' title="bbox 190 1915 1543 1986; baseline 0.004 -19"><span class='ocrx_word' id='word_1_163' title='bbox 190 1915 576 1986; x_wconf 85' lang='grc'><strong>1611.6666661666661666</strong></span> <span class='ocrx_word' id='word_1_164' title='bbox 600 1917 897 1974; x_wconf 77' lang='grc'><strong>16666116661666616</strong></span> <span class='ocrx_word' id='word_1_165' title='bbox 921 1917 1112 1986; x_wconf 84' lang='lat' dir='ltr'><strong>restituendis,</strong></span> <span class='ocrx_word' id='word_1_166' title='bbox 1139 1917 1291 1972; x_wconf 84' lang='lat' dir='ltr'><strong>sucessisse</strong></span> <span class='ocrx_word' id='word_1_167' title='bbox 1314 1933 1386 1973; x_wconf 89' lang='lat' dir='ltr'><strong>anno</strong></span> <span class='ocrx_word' id='word_1_168' title='bbox 1414 1918 1490 1974; x_wconf 83' lang='grc'><strong>1616.</strong></span> <span class='ocrx_word' id='word_1_169' title='bbox 1514 1917 1543 1972; x_wconf 88' lang='grc'><strong>16</strong></span> 
     </span>
     <span class='ocr_line' id='line_1_18' title="bbox 191 2001 1543 2076; baseline 0.001 -20"><span class='ocrx_word' id='word_1_170' title='bbox 191 2003 333 2072; x_wconf 85' lang='lat' dir='ltr'><strong>llercurio,</strong></span> <span class='ocrx_word' id='word_1_171' title='bbox 352 2003 520 2074; x_wconf 87' lang='lat' dir='ltr'><strong>potissimam</strong></span> <span class='ocrx_word' id='word_1_172' title='bbox 537 2001 601 2060; x_wconf 80' lang='lat' dir='ltr'><strong>r‘sro</strong></span> <span class='ocrx_word' id='word_1_173' title='bbox 620 2006 683 2060; x_wconf 90' lang='grc'><strong>6661</strong></span> <span class='ocrx_word' id='word_1_174' title='bbox 702 2012 807 2076; x_wconf 84' lang='lat' dir='ltr'><strong>partem</strong></span> <span class='ocrx_word' id='word_1_175' title='bbox 827 2014 994 2061; x_wconf 88' lang='lat' dir='ltr'><strong>consrrmtam</strong></span> <span class='ocrx_word' id='word_1_176' title='bbox 1019 2004 1104 2059; x_wconf 83' lang='lat' dir='ltr'><strong>tuisse</strong></span> <span class='ocrx_word' id='word_1_177' title='bbox 1125 2004 1169 2069; x_wconf 79' lang='lat' dir='ltr'><strong>,in</strong></span> <span class='ocrx_word' id='word_1_178' title='bbox 1186 2004 1358 2072; x_wconf 78' lang='lat' dir='ltr'><strong>geometricis</strong></span> <span class='ocrx_word' id='word_1_179' title='bbox 1376 2001 1543 2074; x_wconf 86' lang='lat' dir='ltr'><strong>contempla·</strong></span> 
     </span>
     <span class='ocr_line' id='line_1_19' title="bbox 190 2090 1545 2169; baseline 0.001 -25"><span class='ocrx_word' id='word_1_180' title='bbox 190 2090 308 2147; x_wconf 86' lang='lat' dir='ltr'><strong>tionibus</strong></span> <span class='ocrx_word' id='word_1_181' title='bbox 328 2098 356 2146; x_wconf 88' lang='lat' dir='ltr'><strong>et</strong></span> <span class='ocrx_word' id='word_1_182' title='bbox 374 2090 579 2161; x_wconf 79' lang='lat' dir='ltr'><strong>stereometris,</strong></span> <span class='ocrx_word' id='word_1_183' title='bbox 606 2099 637 2147; x_wconf 90' lang='grc'><strong>61</strong></span> <span class='ocrx_word' id='word_1_184' title='bbox 656 2095 870 2169; x_wconf 74' lang='lat' dir='ltr'><strong>typographum,</strong></span> <span class='ocrx_word' id='word_1_185' title='bbox 898 2094 944 2164; x_wconf 89' lang='grc'><strong>661</strong></span> <span class='ocrx_word' id='word_1_186' title='bbox 969 2106 1065 2147; x_wconf 84' lang='lat' dir='ltr'><strong>recens</strong></span> <span class='ocrx_word' id='word_1_187' title='bbox 1089 2091 1143 2146; x_wconf 90' lang='lat' dir='ltr'><strong>buc</strong></span> <span class='ocrx_word' id='word_1_188' title='bbox 1161 2093 1295 2159; x_wconf 87' lang='grc'><strong>66666611,</strong></span> <span class='ocrx_word' id='word_1_189' title='bbox 1320 2092 1434 2148; x_wconf 87' lang='lat' dir='ltr'><strong>materia</strong></span> <span class='ocrx_word' id='word_1_190' title='bbox 1458 2093 1545 2162; x_wconf 88' lang='lat' dir='ltr'><strong>magis</strong></span> 
     </span>
     <span class='ocr_line' id='line_1_20' title="bbox 188 2177 1547 2250; baseline 0.004 -19"><span class='ocrx_word' id='word_1_191' title='bbox 188 2177 313 2246; x_wconf 88' lang='lat' dir='ltr'><strong>populari</strong></span> <span class='ocrx_word' id='word_1_192' title='bbox 336 2179 457 2247; x_wconf 87' lang='lat' dir='ltr'><strong>meisque</strong></span> <span class='ocrx_word' id='word_1_193' title='bbox 483 2178 616 2234; x_wconf 84' lang='lat' dir='ltr'><strong>sumtibus</strong></span> <span class='ocrx_word' id='word_1_194' title='bbox 637 2179 761 2247; x_wconf 85' lang='lat' dir='ltr'><strong>juvarem</strong></span> <span class='ocrx_word' id='word_1_195' title='bbox 787 2187 916 2250; x_wconf 88' lang='lat' dir='ltr'><strong>essetque</strong></span> <span class='ocrx_word' id='word_1_196' title='bbox 943 2179 1009 2234; x_wconf 89' lang='lat' dir='ltr'><strong>mihi</strong></span> <span class='ocrx_word' id='word_1_197' title='bbox 1033 2179 1059 2234; x_wconf 93' lang='grc'><strong>16</strong></span> <span class='ocrx_word' id='word_1_198' title='bbox 1084 2185 1223 2249; x_wconf 88' lang='lat' dir='ltr'><strong>posterum</strong></span> <span class='ocrx_word' id='word_1_199' title='bbox 1251 2184 1389 2249; x_wconf 70' lang='lat' dir='ltr'><strong>praesto.t</strong></span> <span class='ocrx_word' id='word_1_200' title='bbox 1430 2180 1547 2236; x_wconf 82' lang='lat' dir='ltr'><strong>lilauchl</strong></span> 
     </span>
     <span class='ocr_line' id='line_1_21' title="bbox 189 2263 1547 2338; baseline 0.004 -21"><span class='ocrx_word' id='word_1_201' title='bbox 189 2263 274 2320; x_wconf 87' lang='lat' dir='ltr'><strong>literis</strong></span> <span class='ocrx_word' id='word_1_202' title='bbox 292 2265 450 2334; x_wconf 88' lang='lat' dir='ltr'><strong>instigatum</strong></span> <span class='ocrx_word' id='word_1_203' title='bbox 478 2282 508 2322; x_wconf 90' lang='lat' dir='ltr'><strong>se</strong></span> <span class='ocrx_word' id='word_1_204' title='bbox 526 2265 636 2320; x_wconf 86' lang='lat' dir='ltr'><strong>lunares</strong></span> <span class='ocrx_word' id='word_1_205' title='bbox 662 2267 864 2335; x_wconf 84' lang='lat' dir='ltr'><strong>speculationes</strong></span> <span class='ocrx_word' id='word_1_206' title='bbox 887 2267 1065 2335; x_wconf 82' lang='lat' dir='ltr'><strong>resumsisse,</strong></span> <span class='ocrx_word' id='word_1_207' title='bbox 1089 2273 1174 2322; x_wconf 92' lang='lat' dir='ltr'><strong>totam</strong></span> <span class='ocrx_word' id='word_1_208' title='bbox 1192 2267 1288 2323; x_wconf 86' lang='lat' dir='ltr'><strong>Lunae</strong></span> <span class='ocrx_word' id='word_1_209' title='bbox 1312 2267 1478 2338; x_wconf 82' lang='lat' dir='ltr'><strong>hypothesin</strong></span> <span class='ocrx_word' id='word_1_210' title='bbox 1496 2268 1547 2323; x_wconf 91' lang='grc'><strong>6111</strong></span> 
     </span>
     <span class='ocr_line' id='line_1_22' title="bbox 191 2352 1548 2426; baseline 0.001 -18"><span class='ocrx_word' id='word_1_211' title='bbox 191 2353 278 2408; x_wconf 87' lang='lat' dir='ltr'><strong>causis</strong></span> <span class='ocrx_word' id='word_1_212' title='bbox 296 2352 416 2423; x_wconf 81' lang='lat' dir='ltr'><strong>physicis</strong></span> <span class='ocrx_word' id='word_1_213' title='bbox 436 2361 463 2408; x_wconf 91' lang='lat' dir='ltr'><strong>et</strong></span> <span class='ocrx_word' id='word_1_214' title='bbox 481 2353 620 2410; x_wconf 88' lang='lat' dir='ltr'><strong>minimum</strong></span> <span class='ocrx_word' id='word_1_215' title='bbox 638 2355 673 2410; x_wconf 87' lang='lat' dir='ltr'><strong>ab</strong></span> <span class='ocrx_word' id='word_1_216' title='bbox 691 2355 838 2426; x_wconf 88' lang='lat' dir='ltr'><strong>hypothesi</strong></span> <span class='ocrx_word' id='word_1_217' title='bbox 857 2355 1013 2426; x_wconf 77' lang='grc'><strong>1661166166</strong></span> <span class='ocrx_word' id='word_1_218' title='bbox 1032 2353 1141 2410; x_wconf 79' lang='lat' dir='ltr'><strong>differre</strong></span> <span class='ocrx_word' id='word_1_219' title='bbox 1165 2353 1192 2409; x_wconf 90' lang='grc'><strong>16</strong></span> <span class='ocrx_word' id='word_1_220' title='bbox 1212 2353 1320 2410; x_wconf 87' lang='grc'><strong>6116616.</strong></span> <span class='ocrx_word' id='word_1_221' title='bbox 1359 2353 1488 2425; x_wconf 80' lang='lat' dir='ltr'><strong>,Duplex</strong></span> <span class='ocrx_word' id='word_1_222' title='bbox 1504 2361 1548 2412; x_wconf 89' lang='lat' dir='ltr'><strong>est</strong></span> 
     </span>
     <span class='ocr_line' id='line_1_23' title="bbox 190 2439 1548 2514; baseline 0.004 -22"><span class='ocrx_word' id='word_1_223' title='bbox 190 2439 218 2492; x_wconf 91' lang='grc'><strong>16</strong></span> <span class='ocrx_word' id='word_1_224' title='bbox 234 2439 314 2495; x_wconf 89' lang='lat' dir='ltr'><strong>Luna</strong></span> <span class='ocrx_word' id='word_1_225' title='bbox 331 2440 525 2510; x_wconf 84' lang='lat' dir='ltr'><strong>inaequalitas:</strong></span> <span class='ocrx_word' id='word_1_226' title='bbox 551 2458 605 2498; x_wconf 87' lang='grc'><strong>666</strong></span> <span class='ocrx_word' id='word_1_227' title='bbox 624 2443 752 2511; x_wconf 90' lang='lat' dir='ltr'><strong>suijuris</strong></span> <span class='ocrx_word' id='word_1_228' title='bbox 771 2444 847 2500; x_wconf 90' lang='lat' dir='ltr'><strong>utin</strong></span> <span class='ocrx_word' id='word_1_229' title='bbox 865 2443 983 2514; x_wconf 85' lang='lat' dir='ltr'><strong>planetis</strong></span> <span class='ocrx_word' id='word_1_230' title='bbox 1001 2441 1114 2511; x_wconf 82' lang='lat' dir='ltr'><strong>ceteris,</strong></span> <span class='ocrx_word' id='word_1_231' title='bbox 1140 2440 1226 2498; x_wconf 90' lang='lat' dir='ltr'><strong>altera</strong></span> <span class='ocrx_word' id='word_1_232' title='bbox 1244 2448 1400 2510; x_wconf 81' lang='grc'><strong>66661666,</strong></span> <span class='ocrx_word' id='word_1_233' title='bbox 1419 2457 1498 2514; x_wconf 84' lang='lat' dir='ltr'><strong>quae,</strong></span> <span class='ocrx_word' id='word_1_234' title='bbox 1517 2447 1548 2498; x_wconf 88' lang='grc'><strong>61</strong></span> 
     </span>
     <span class='ocr_line' id='line_1_24' title="bbox 190 2525 1561 2601; baseline 0.003 -20"><span class='ocrx_word' id='word_1_235' title='bbox 190 2525 269 2582; x_wconf 86' lang='grc'><strong>1666</strong></span> <span class='ocrx_word' id='word_1_236' title='bbox 285 2527 347 2596; x_wconf 89' lang='lat' dir='ltr'><strong>ipsa</strong></span> <span class='ocrx_word' id='word_1_237' title='bbox 370 2528 525 2584; x_wconf 89' lang='lat' dir='ltr'><strong>incenditur</strong></span> <span class='ocrx_word' id='word_1_238' title='bbox 550 2529 803 2600; x_wconf 68' lang='lat' dir='ltr'><strong>extinguiturque,</strong></span> <span class='ocrx_word' id='word_1_239' title='bbox 829 2529 868 2588; x_wconf 87' lang='grc'><strong>616</strong></span> <span class='ocrx_word' id='word_1_240' title='bbox 890 2531 952 2601; x_wconf 85' lang='grc'><strong>1666</strong></span> <span class='ocrx_word' id='word_1_241' title='bbox 974 2531 1008 2586; x_wconf 90' lang='grc'><strong>66</strong></span> <span class='ocrx_word' id='word_1_242' title='bbox 1031 2529 1155 2599; x_wconf 79' lang='grc'><strong>6666661</strong></span> <span class='ocrx_word' id='word_1_243' title='bbox 1169 2529 1290 2598; x_wconf 85' lang='grc'><strong>6661666</strong></span> <span class='ocrx_word' id='word_1_244' title='bbox 1314 2529 1479 2586; x_wconf 87' lang='lat' dir='ltr'><strong>circumactu</strong></span> <span class='ocrx_word' id='word_1_245' title='bbox 1497 2535 1561 2600; x_wconf 69' lang='lat' dir='ltr'><strong>par*</strong></span> 
     </span>
     <span class='ocr_line' id='line_1_25' title="bbox 191 2613 1393 2694; baseline 0.007 -26"><span class='ocrx_word' id='word_1_246' title='bbox 191 2613 291 2681; x_wconf 82' lang='lat' dir='ltr'><strong>phares</strong></span> <span class='ocrx_word' id='word_1_247' title='bbox 309 2615 404 2670; x_wconf 84' lang='lat' dir='ltr'><strong>Lunae</strong></span> <span class='ocrx_word' id='word_1_248' title='bbox 422 2615 465 2670; x_wconf 89' lang='lat' dir='ltr'><strong>vel</strong></span> <span class='ocrx_word' id='word_1_249' title='bbox 483 2617 618 2672; x_wconf 85' lang='lat' dir='ltr'><strong>excitetur</strong></span> <span class='ocrx_word' id='word_1_250' title='bbox 633 2616 677 2670; x_wconf 91' lang='lat' dir='ltr'><strong>vel</strong></span> <span class='ocrx_word' id='word_1_251' title='bbox 695 2617 857 2672; x_wconf 79' lang='lat' dir='ltr'><strong>evanescit¹⁴</strong></span> <span class='ocrx_word' id='word_1_252' title='bbox 1139 2639 1144 2648; x_wconf 91' lang='lat'><em>·</em></span> <span class='ocrx_word' id='word_1_253' title='bbox 1390 2680 1393 2694; x_wconf 52' lang='grc'><strong>,</strong></span> 
     </span>
    </p>

    <p class='ocr_par' dir='ltr' id='par_1_5' title="bbox 192 2702 1617 4002">
     <span class='ocr_line' id='line_1_26' title="bbox 294 2702 1549 2780; baseline 0.004 -24"><span class='ocrx_word' id='word_1_254' title='bbox 294 2702 451 2762; x_wconf 82' lang='lat' dir='ltr'><strong>ioannes</strong></span> <span class='ocrx_word' id='word_1_255' title='bbox 470 2704 612 2773; x_wconf 87' lang='lat' dir='ltr'><strong>Papius,</strong></span> <span class='ocrx_word' id='word_1_256' title='bbox 630 2703 674 2760; x_wconf 92' lang='grc'><strong>616</strong></span> <span class='ocrx_word' id='word_1_257' title='bbox 692 2703 815 2780; x_wconf 79' lang='grc'><strong>31116111</strong></span> <span class='ocrx_word' id='word_1_258' title='bbox 834 2703 956 2772; x_wconf 87' lang='lat' dir='ltr'><strong>acceptis</strong></span> <span class='ocrx_word' id='word_1_259' title='bbox 969 2703 1191 2774; x_wconf 85' lang='grc' dir='ltr'><strong>Κ6616611116616,</strong></span> <span class='ocrx_word' id='word_1_260' title='bbox 1208 2703 1445 2774; x_wconf 80' lang='lat' dir='ltr'><strong>haserespoudit:</strong></span> <span class='ocrx_word' id='word_1_261' title='bbox 1466 2717 1549 2774; x_wconf 88' lang='lat' dir='ltr'><strong>,prae</strong></span> 
     </span>
     <span class='ocr_line' id='line_1_27' title="bbox 192 2777 1548 2860; baseline 0.003 -16"><span class='ocrx_word' id='word_1_262' title='bbox 192 2788 287 2856; x_wconf 86' lang='lat' dir='ltr'><strong>gaudio</strong></span> <span class='ocrx_word' id='word_1_263' title='bbox 307 2791 503 2859; x_wconf 84' lang='lat' dir='ltr'><strong>propemodum</strong></span> <span class='ocrx_word' id='word_1_264' title='bbox 527 2790 624 2846; x_wconf 87' lang='lat' dir='ltr'><strong>exsilui</strong></span> <span class='ocrx_word' id='word_1_265' title='bbox 648 2798 761 2860; x_wconf 87' lang='lat' dir='ltr'><strong>propter</strong></span> <span class='ocrx_word' id='word_1_266' title='bbox 785 2777 964 2845; x_wconf 79' lang='lat' dir='ltr'><strong>coustantium</strong></span> <span class='ocrx_word' id='word_1_267' title='bbox 987 2790 1066 2845; x_wconf 87' lang='lat' dir='ltr'><strong>amici</strong></span> <span class='ocrx_word' id='word_1_268' title='bbox 1089 2791 1186 2847; x_wconf 90' lang='lat' dir='ltr'><strong>summi</strong></span> <span class='ocrx_word' id='word_1_269' title='bbox 1208 2791 1235 2845; x_wconf 92' lang='lat' dir='ltr'><strong>in</strong></span> <span class='ocrx_word' id='word_1_270' title='bbox 1260 2805 1304 2846; x_wconf 87' lang='lat' dir='ltr'><strong>mc</strong></span> <span class='ocrx_word' id='word_1_271' title='bbox 1322 2791 1449 2848; x_wconf 88' lang='lat' dir='ltr'><strong>amando.</strong></span> <span class='ocrx_word' id='word_1_272' title='bbox 1486 2791 1548 2848; x_wconf 84' lang='lat' dir='ltr'><strong>Una</strong></span> 
     </span>
     <span class='ocr_line' id='line_1_28' title="bbox 192 2876 1617 2958; baseline 0.002 -27"><span class='ocrx_word' id='word_1_273' title='bbox 192 2883 279 2932; x_wconf 86' lang='lat' dir='ltr'><strong>tecum</strong></span> <span class='ocrx_word' id='word_1_274' title='bbox 298 2879 364 2934; x_wconf 90' lang='lat' dir='ltr'><strong>mihi</strong></span> <span class='ocrx_word' id='word_1_275' title='bbox 382 2876 575 2947; x_wconf 88' lang='lat' dir='ltr'><strong>permolestum</strong></span> <span class='ocrx_word' id='word_1_276' title='bbox 595 2885 650 2945; x_wconf 89' lang='lat' dir='ltr'><strong>est,</strong></span> <span class='ocrx_word' id='word_1_277' title='bbox 677 2878 796 2932; x_wconf 90' lang='lat' dir='ltr'><strong>divinum</strong></span> <span class='ocrx_word' id='word_1_278' title='bbox 815 2885 890 2934; x_wconf 88' lang='grc'><strong>1666</strong></span> <span class='ocrx_word' id='word_1_279' title='bbox 909 2877 1046 2946; x_wconf 84' lang='lat' dir='ltr'><strong>ingenium</strong></span> <span class='ocrx_word' id='word_1_280' title='bbox 1071 2879 1171 2940; x_wconf 89' lang='grc'><strong>66616</strong></span> <span class='ocrx_word' id='word_1_281' title='bbox 1190 2878 1424 2958; x_wconf 81' lang='lat' dir='ltr'><strong>speculationibus</strong></span> <span class='ocrx_word' id='word_1_282' title='bbox 1445 2881 1548 2950; x_wconf 84' lang='lat' dir='ltr'><strong>gravis·</strong></span> <span class='ocrx_word' id='word_1_283' title='bbox 1613 2931 1617 2942; x_wconf 79' lang='grc'><strong>,</strong></span> 
     </span>
     <span class='ocr_line' id='line_1_29' title="bbox 194 2963 1548 3044; baseline 0.003 -26"><span class='ocrx_word' id='word_1_284' title='bbox 194 2965 276 3032; x_wconf 78' lang='lat' dir='ltr'><strong>simis,</strong></span> <span class='ocrx_word' id='word_1_285' title='bbox 296 2981 366 3036; x_wconf 81' lang='lat' dir='ltr'><strong>quta</strong></span> <span class='ocrx_word' id='word_1_286' title='bbox 384 2972 537 3021; x_wconf 84' lang='lat' dir='ltr'><strong>ceterorum</strong></span> <span class='ocrx_word' id='word_1_287' title='bbox 555 2963 612 3020; x_wconf 83' lang='lat' dir='ltr'><strong>lere</strong></span> <span class='ocrx_word' id='word_1_288' title='bbox 631 2965 770 3020; x_wconf 87' lang='lat' dir='ltr'><strong>hominum</strong></span> <span class='ocrx_word' id='word_1_289' title='bbox 789 2965 908 3019; x_wconf 89' lang='lat' dir='ltr'><strong>omnium</strong></span> <span class='ocrx_word' id='word_1_290' title='bbox 926 2964 1036 3032; x_wconf 88' lang='lat' dir='ltr'><strong>ingenia</strong></span> <span class='ocrx_word' id='word_1_291' title='bbox 1053 2964 1201 3044; x_wconf 81' lang='lat' dir='ltr'><strong>excedunt,</strong></span> <span class='ocrx_word' id='word_1_292' title='bbox 1220 2979 1282 3021; x_wconf 85' lang='lat' dir='ltr'><strong>esse</strong></span> <span class='ocrx_word' id='word_1_293' title='bbox 1300 2971 1479 3035; x_wconf 86' lang='lat' dir='ltr'><strong>occupatum,</strong></span> <span class='ocrx_word' id='word_1_294' title='bbox 1498 2965 1548 3022; x_wconf 87' lang='lat' dir='ltr'><strong>sed</strong></span> 
     </span>
     <span class='ocr_line' id='line_1_30' title="bbox 193 3051 1548 3123; baseline 0.001 -16"><span class='ocrx_word' id='word_1_295' title='bbox 193 3052 313 3110; x_wconf 88' lang='lat' dir='ltr'><strong>distineri</strong></span> <span class='ocrx_word' id='word_1_296' title='bbox 331 3053 571 3119; x_wconf 87' lang='lat' dir='ltr'><strong>calculationibus,</strong></span> <span class='ocrx_word' id='word_1_297' title='bbox 597 3069 667 3123; x_wconf 87' lang='lat' dir='ltr'><strong>quse</strong></span> <span class='ocrx_word' id='word_1_298' title='bbox 692 3055 825 3110; x_wconf 88' lang='lat' dir='ltr'><strong>industrio</strong></span> <span class='ocrx_word' id='word_1_299' title='bbox 849 3061 932 3123; x_wconf 90' lang='lat' dir='ltr'><strong>atque</strong></span> <span class='ocrx_word' id='word_1_300' title='bbox 954 3055 982 3109; x_wconf 91' lang='grc'><strong>16</strong></span> <span class='ocrx_word' id='word_1_301' title='bbox 1001 3054 1056 3108; x_wconf 88' lang='grc'><strong>1616</strong></span> <span class='ocrx_word' id='word_1_302' title='bbox 1072 3053 1134 3109; x_wconf 87' lang='grc'><strong>16116</strong></span> <span class='ocrx_word' id='word_1_303' title='bbox 1160 3051 1258 3110; x_wconf 87' lang='grc'><strong>6166116</strong></span> <span class='ocrx_word' id='word_1_304' title='bbox 1280 3052 1453 3110; x_wconf 85' lang='lat' dir='ltr'><strong>mediocriter</strong></span> <span class='ocrx_word' id='word_1_305' title='bbox 1471 3069 1548 3109; x_wconf 87' lang='lat' dir='ltr'><strong>exer·</strong></span> 
     </span>
     <span class='ocr_line' id='line_1_31' title="bbox 193 3141 1547 3212; baseline -0.001 -16"><span class='ocrx_word' id='word_1_306' title='bbox 193 3141 274 3196; x_wconf 89' lang='grc'><strong>611616</strong></span> <span class='ocrx_word' id='word_1_307' title='bbox 293 3142 394 3196; x_wconf 87' lang='lat' dir='ltr'><strong>homini</strong></span> <span class='ocrx_word' id='word_1_308' title='bbox 413 3142 504 3210; x_wconf 88' lang='lat' dir='ltr'><strong>potius</strong></span> <span class='ocrx_word' id='word_1_309' title='bbox 523 3143 732 3198; x_wconf 88' lang='lat' dir='ltr'><strong>committendae</strong></span> <span class='ocrx_word' id='word_1_310' title='bbox 746 3150 845 3200; x_wconf 88' lang='lat' dir='ltr'><strong>essent.</strong></span> <span class='ocrx_word' id='word_1_311' title='bbox 870 3143 1082 3212; x_wconf 75' lang='lat' dir='ltr'><strong>chorographiis,</strong></span> <span class='ocrx_word' id='word_1_312' title='bbox 1101 3155 1182 3212; x_wconf 86' lang='lat' dir='ltr'><strong>qnam</strong></span> <span class='ocrx_word' id='word_1_313' title='bbox 1194 3141 1237 3197; x_wconf 90' lang='lat' dir='ltr'><strong>lll.</strong></span> <span class='ocrx_word' id='word_1_314' title='bbox 1250 3155 1378 3211; x_wconf 86' lang='lat' dir='ltr'><strong>proceres</strong></span> <span class='ocrx_word' id='word_1_315' title='bbox 1397 3141 1547 3211; x_wconf 79' lang='lat' dir='ltr'><strong>postulant,</strong></span> 
     </span>
     <span class='ocr_line' id='line_1_32' title="bbox 193 3227 1550 3301; baseline -0.001 -16"><span class='ocrx_word' id='word_1_316' title='bbox 193 3230 272 3286; x_wconf 88' lang='grc'><strong>61166</strong></span> <span class='ocrx_word' id='word_1_317' title='bbox 291 3230 354 3300; x_wconf 88' lang='grc'><strong>6166</strong></span> <span class='ocrx_word' id='word_1_318' title='bbox 372 3231 556 3286; x_wconf 85' lang='lat' dir='ltr'><strong>molestiarum</strong></span> <span class='ocrx_word' id='word_1_319' title='bbox 575 3229 659 3286; x_wconf 83' lang='lat' dir='ltr'><strong>habet</strong></span> <span class='ocrx_word' id='word_1_320' title='bbox 676 3231 704 3284; x_wconf 88' lang='grc'><strong>16</strong></span> <span class='ocrx_word' id='word_1_321' title='bbox 722 3231 921 3301; x_wconf 87' lang='lat' dir='ltr'><strong>peregrinando</strong></span> <span class='ocrx_word' id='word_1_322' title='bbox 939 3237 967 3286; x_wconf 91' lang='grc'><strong>61</strong></span> <span class='ocrx_word' id='word_1_323' title='bbox 984 3230 1155 3298; x_wconf 88' lang='grc'><strong>6611666666,</strong></span> <span class='ocrx_word' id='word_1_324' title='bbox 1175 3230 1246 3285; x_wconf 86' lang='lat' dir='ltr'><strong>sicut</strong></span> <span class='ocrx_word' id='word_1_325' title='bbox 1264 3233 1327 3284; x_wconf 83' lang='lat' dir='ltr'><strong>ante</strong></span> <span class='ocrx_word' id='word_1_326' title='bbox 1345 3227 1445 3284; x_wconf 87' lang='lat' dir='ltr'><strong>multos</strong></span> <span class='ocrx_word' id='word_1_327' title='bbox 1463 3243 1550 3284; x_wconf 88' lang='lat' dir='ltr'><strong>anuos</strong></span> 
     </span>
     <span class='ocr_line' id='line_1_33' title="bbox 193 3313 1546 3388; baseline 0 -18"><span class='ocrx_word' id='word_1_328' title='bbox 193 3319 320 3387; x_wconf 84' lang='lat' dir='ltr'><strong>perspexi</strong></span> <span class='ocrx_word' id='word_1_329' title='bbox 344 3325 373 3372; x_wconf 91' lang='lat' dir='ltr'><strong>et</strong></span> <span class='ocrx_word' id='word_1_330' title='bbox 395 3317 509 3388; x_wconf 79' lang='lat' dir='ltr'><strong>cognovi</strong></span> <span class='ocrx_word' id='word_1_331' title='bbox 528 3333 561 3371; x_wconf 84' lang='lat' dir='ltr'><strong>cx</strong></span> <span class='ocrx_word' id='word_1_332' title='bbox 582 3317 745 3385; x_wconf 79' lang='grc'><strong>6661666,</strong></span> <span class='ocrx_word' id='word_1_333' title='bbox 770 3333 831 3373; x_wconf 91' lang='lat' dir='ltr'><strong>cum</strong></span> <span class='ocrx_word' id='word_1_334' title='bbox 849 3319 873 3374; x_wconf 92' lang='lat' dir='ltr'><strong>is</strong></span> <span class='ocrx_word' id='word_1_335' title='bbox 891 3319 1033 3373; x_wconf 84' lang='lat' dir='ltr'><strong>Bararism</strong></span> <span class='ocrx_word' id='word_1_336' title='bbox 1056 3317 1164 3386; x_wconf 89' lang='lat' dir='ltr'><strong>ederet,</strong></span> <span class='ocrx_word' id='word_1_337' title='bbox 1190 3331 1260 3385; x_wconf 85' lang='lat' dir='ltr'><strong>qnae</strong></span> <span class='ocrx_word' id='word_1_338' title='bbox 1284 3314 1319 3370; x_wconf 94' lang='lat' dir='ltr'><strong>ab</strong></span> <span class='ocrx_word' id='word_1_339' title='bbox 1338 3313 1463 3371; x_wconf 89' lang='lat' dir='ltr'><strong>omnihus</strong></span> <span class='ocrx_word' id='word_1_340' title='bbox 1482 3329 1546 3385; x_wconf 88' lang='lat' dir='ltr'><strong>geo·</strong></span> 
     </span>
     <span class='ocr_line' id='line_1_34' title="bbox 194 3399 1547 3476; baseline -0.004 -14"><span class='ocrx_word' id='word_1_341' title='bbox 194 3407 302 3476; x_wconf 86' lang='lat' dir='ltr'><strong>graphia</strong></span> <span class='ocrx_word' id='word_1_342' title='bbox 321 3405 432 3460; x_wconf 85' lang='grc'><strong>6161666</strong></span> <span class='ocrx_word' id='word_1_343' title='bbox 451 3404 607 3461; x_wconf 87' lang='grc'><strong>6611666616</strong></span> <span class='ocrx_word' id='word_1_344' title='bbox 626 3405 683 3460; x_wconf 89' lang='grc'><strong>1611.</strong></span> <span class='ocrx_word' id='word_1_345' title='bbox 720 3406 802 3460; x_wconf 82' lang='lat' dir='ltr'><strong>Faxit</strong></span> <span class='ocrx_word' id='word_1_346' title='bbox 819 3407 902 3474; x_wconf 90' lang='lat' dir='ltr'><strong>Deus,</strong></span> <span class='ocrx_word' id='word_1_347' title='bbox 922 3405 1029 3474; x_wconf 83' lang='lat' dir='ltr'><strong>atejus</strong></span> <span class='ocrx_word' id='word_1_348' title='bbox 1048 3403 1181 3474; x_wconf 74' lang='grc'><strong>6666666</strong></span> <span class='ocrx_word' id='word_1_349' title='bbox 1200 3417 1320 3472; x_wconf 88' lang='lat' dir='ltr'><strong>superes.</strong></span> <span class='ocrx_word' id='word_1_350' title='bbox 1357 3399 1480 3457; x_wconf 83' lang='lat' dir='ltr'><strong>Gratiam</strong></span> <span class='ocrx_word' id='word_1_351' title='bbox 1497 3401 1547 3458; x_wconf 88' lang='lat' dir='ltr'><strong>tibi</strong></span> 
     </span>
     <span class='ocr_line' id='line_1_35' title="bbox 193 3489 1547 3565; baseline -0.001 -17"><span class='ocrx_word' id='word_1_352' title='bbox 193 3494 295 3565; x_wconf 86' lang='lat' dir='ltr'><strong>habeo,</strong></span> <span class='ocrx_word' id='word_1_353' title='bbox 314 3494 387 3562; x_wconf 92' lang='lat' dir='ltr'><strong>quod</strong></span> <span class='ocrx_word' id='word_1_354' title='bbox 405 3493 536 3564; x_wconf 86' lang='lat' dir='ltr'><strong>aperuisti</strong></span> <span class='ocrx_word' id='word_1_355' title='bbox 554 3493 638 3562; x_wconf 85' lang='lat' dir='ltr'><strong>riam,</strong></span> <span class='ocrx_word' id='word_1_356' title='bbox 663 3509 717 3564; x_wconf 89' lang='lat' dir='ltr'><strong>qna</strong></span> <span class='ocrx_word' id='word_1_357' title='bbox 735 3491 876 3561; x_wconf 83' lang='lat' dir='ltr'><strong>paradoxa</strong></span> <span class='ocrx_word' id='word_1_358' title='bbox 894 3499 941 3547; x_wconf 89' lang='lat' dir='ltr'><strong>tua</strong></span> <span class='ocrx_word' id='word_1_359' title='bbox 959 3491 1073 3562; x_wconf 79' lang='lat' dir='ltr'><strong>physica</strong></span> <span class='ocrx_word' id='word_1_360' title='bbox 1090 3492 1192 3560; x_wconf 89' lang='lat' dir='ltr'><strong>possim</strong></span> <span class='ocrx_word' id='word_1_361' title='bbox 1211 3489 1341 3548; x_wconf 87' lang='lat' dir='ltr'><strong>accedere</strong></span> <span class='ocrx_word' id='word_1_362' title='bbox 1343 3529 1437 3547; x_wconf 90' lang='grc'><strong>.....</strong></span> <span class='ocrx_word' id='word_1_363' title='bbox 1471 3491 1547 3546; x_wconf 88' lang='lat' dir='ltr'><strong>Deus</strong></span> 
     </span>
     <span class='ocr_line' id='line_1_36' title="bbox 194 3576 1554 3650; baseline -0.001 -16"><span class='ocrx_word' id='word_1_364' title='bbox 194 3579 242 3635; x_wconf 90' lang='lat' dir='ltr'><strong>tibi</strong></span> <span class='ocrx_word' id='word_1_365' title='bbox 260 3581 295 3636; x_wconf 94' lang='lat' dir='ltr'><strong>ad</strong></span> <span class='ocrx_word' id='word_1_366' title='bbox 314 3579 460 3650; x_wconf 83' lang='lat' dir='ltr'><strong>Epitomeu</strong></span> <span class='ocrx_word' id='word_1_367' title='bbox 483 3589 559 3636; x_wconf 84' lang='lat' dir='ltr'><strong>trram</strong></span> <span class='ocrx_word' id='word_1_368' title='bbox 579 3581 673 3650; x_wconf 88' lang='lat' dir='ltr'><strong>otium,</strong></span> <span class='ocrx_word' id='word_1_369' title='bbox 691 3580 763 3634; x_wconf 84' lang='lat' dir='ltr'><strong>vires</strong></span> <span class='ocrx_word' id='word_1_370' title='bbox 781 3580 904 3648; x_wconf 88' lang='lat' dir='ltr'><strong>corporis</strong></span> <span class='ocrx_word' id='word_1_371' title='bbox 928 3585 1011 3650; x_wconf 88' lang='lat' dir='ltr'><strong>atquc</strong></span> <span class='ocrx_word' id='word_1_372' title='bbox 1036 3577 1117 3634; x_wconf 89' lang='grc'><strong>66161</strong></span> <span class='ocrx_word' id='word_1_373' title='bbox 1139 3577 1272 3648; x_wconf 86' lang='lat' dir='ltr'><strong>largiatur</strong></span> <span class='ocrx_word' id='word_1_374' title='bbox 1295 3584 1324 3632; x_wconf 89' lang='lat' dir='ltr'><strong>et</strong></span> <span class='ocrx_word' id='word_1_375' title='bbox 1347 3576 1382 3630; x_wconf 93' lang='lat' dir='ltr'><strong>ad</strong></span> <span class='ocrx_word' id='word_1_376' title='bbox 1399 3576 1554 3648; x_wconf 86' lang='lat' dir='ltr'><strong>perlectam</strong></span> 
     </span>
     <span class='ocr_line' id='line_1_37' title="bbox 196 3663 1549 3739; baseline 0 -17"><span class='ocrx_word' id='word_1_377' title='bbox 196 3667 319 3737; x_wconf 87' lang='lat' dir='ltr'><strong>Optieam</strong></span> <span class='ocrx_word' id='word_1_378' title='bbox 341 3677 424 3738; x_wconf 86' lang='lat' dir='ltr'><strong>atque</strong></span> <span class='ocrx_word' id='word_1_379' title='bbox 443 3669 635 3739; x_wconf 86' lang='lat' dir='ltr'><strong>Cutoptrieum.</strong></span> <span class='ocrx_word' id='word_1_380' title='bbox 669 3667 757 3722; x_wconf 79' lang='lat' dir='ltr'><strong>Lecto</strong></span> <span class='ocrx_word' id='word_1_381' title='bbox 779 3664 976 3734; x_wconf 87' lang='lat' dir='ltr'><strong>jucundissima</strong></span> <span class='ocrx_word' id='word_1_382' title='bbox 994 3665 1059 3719; x_wconf 92' lang='lat' dir='ltr'><strong>mihi</strong></span> <span class='ocrx_word' id='word_1_383' title='bbox 1083 3663 1205 3732; x_wconf 86' lang='grc'><strong>1666661,</strong></span> <span class='ocrx_word' id='word_1_384' title='bbox 1233 3680 1304 3735; x_wconf 87' lang='grc'><strong>6666</strong></span> <span class='ocrx_word' id='word_1_385' title='bbox 1323 3680 1358 3720; x_wconf 87' lang='lat' dir='ltr'><strong>err</strong></span> <span class='ocrx_word' id='word_1_386' title='bbox 1376 3680 1446 3721; x_wconf 89' lang='lat' dir='ltr'><strong>nova</strong></span> <span class='ocrx_word' id='word_1_387' title='bbox 1463 3665 1549 3722; x_wconf 85' lang='grc'><strong>66166·</strong></span> 
     </span>
     <span class='ocr_line' id='line_1_38' title="bbox 196 3750 1551 3828; baseline -0.003 -16"><span class='ocrx_word' id='word_1_388' title='bbox 196 3763 266 3812; x_wconf 87' lang='grc'><strong>6616</strong></span> <span class='ocrx_word' id='word_1_389' title='bbox 284 3765 332 3813; x_wconf 90' lang='grc'><strong>166</strong></span> <span class='ocrx_word' id='word_1_390' title='bbox 350 3759 464 3828; x_wconf 89' lang='lat' dir='ltr'><strong>physica</strong></span> <span class='ocrx_word' id='word_1_391' title='bbox 476 3757 613 3825; x_wconf 86' lang='lat' dir='ltr'><strong>addidisti,</strong></span> <span class='ocrx_word' id='word_1_392' title='bbox 633 3753 792 3824; x_wconf 83' lang='lat' dir='ltr'><strong>praesertim</strong></span> <span class='ocrx_word' id='word_1_393' title='bbox 812 3753 845 3807; x_wconf 89' lang='lat' dir='ltr'><strong>de</strong></span> <span class='ocrx_word' id='word_1_394' title='bbox 858 3768 909 3806; x_wconf 88' lang='lat' dir='ltr'><strong>usu</strong></span> <span class='ocrx_word' id='word_1_395' title='bbox 922 3753 1049 3822; x_wconf 87' lang='lat' dir='ltr'><strong>partium.</strong></span> <span class='ocrx_word' id='word_1_396' title='bbox 1074 3753 1125 3808; x_wconf 84' lang='lat' dir='ltr'><strong>Ful</strong></span> <span class='ocrx_word' id='word_1_397' title='bbox 1142 3759 1170 3806; x_wconf 89' lang='lat' dir='ltr'><strong>et</strong></span> <span class='ocrx_word' id='word_1_398' title='bbox 1187 3750 1285 3806; x_wconf 89' lang='lat' dir='ltr'><strong>lienam</strong></span> <span class='ocrx_word' id='word_1_399' title='bbox 1299 3767 1354 3806; x_wconf 89' lang='lat' dir='ltr'><strong>uon</strong></span> <span class='ocrx_word' id='word_1_400' title='bbox 1367 3766 1429 3808; x_wconf 88' lang='grc'><strong>6666</strong></span> <span class='ocrx_word' id='word_1_401' title='bbox 1441 3767 1551 3814; x_wconf 84' lang='lat' dir='ltr'><strong>emunt·</strong></span> 
     </span>
     <span class='ocr_line' id='line_1_39' title="bbox 196 3839 1550 3910; baseline -0.001 -14"><span class='ocrx_word' id='word_1_402' title='bbox 196 3845 272 3910; x_wconf 90' lang='lat' dir='ltr'><strong>turia,</strong></span> <span class='ocrx_word' id='word_1_403' title='bbox 292 3844 340 3902; x_wconf 88' lang='grc'><strong>666</strong></span> <span class='ocrx_word' id='word_1_404' title='bbox 359 3844 484 3900; x_wconf 81' lang='lat' dir='ltr'><strong>officinas</strong></span> <span class='ocrx_word' id='word_1_405' title='bbox 504 3840 717 3899; x_wconf 87' lang='lat' dir='ltr'><strong>necessariorum</strong></span> <span class='ocrx_word' id='word_1_406' title='bbox 736 3843 881 3896; x_wconf 87' lang='lat' dir='ltr'><strong>humorum</strong></span> <span class='ocrx_word' id='word_1_407' title='bbox 900 3839 971 3895; x_wconf 89' lang='lat' dir='ltr'><strong>lellis</strong></span> <span class='ocrx_word' id='word_1_408' title='bbox 990 3845 1017 3895; x_wconf 90' lang='grc'><strong>61</strong></span> <span class='ocrx_word' id='word_1_409' title='bbox 1035 3839 1175 3908; x_wconf 87' lang='lat' dir='ltr'><strong>sanguinis</strong></span> <span class='ocrx_word' id='word_1_410' title='bbox 1188 3839 1322 3896; x_wconf 83' lang='grc'><strong>6616616116</strong></span> <span class='ocrx_word' id='word_1_411' title='bbox 1341 3841 1550 3896; x_wconf 87' lang='grc'><strong>66161066666</strong></span> 
     </span>
     <span class='ocr_line' id='line_1_40' title="bbox 196 3931 717 4002; baseline -0.004 -16"><span class='ocrx_word' id='word_1_412' title='bbox 196 3931 222 3986; x_wconf 90' lang='lat' dir='ltr'><strong>iu</strong></span> <span class='ocrx_word' id='word_1_413' title='bbox 238 3931 347 4002; x_wconf 87' lang='lat' dir='ltr'><strong>publica</strong></span> <span class='ocrx_word' id='word_1_414' title='bbox 365 3933 549 4002; x_wconf 83' lang='lat' dir='ltr'><strong>disputatione</strong></span> <span class='ocrx_word' id='word_1_415' title='bbox 567 3931 646 3986; x_wconf 91' lang='lat' dir='ltr'><strong>docui</strong></span> <span class='ocrx_word' id='word_1_416' title='bbox 664 3937 717 3985; x_wconf 88' lang='lat' dir='ltr'><strong>etc.</strong></span> 
     </span>
    </p>

    <p class='ocr_par' dir='ltr' id='par_1_6' title="bbox 197 4009 1555 4969">
     <span class='ocr_line' id='line_1_41' title="bbox 300 4009 1551 4090; baseline -0.008 -15"><span class='ocrx_word' id='word_1_417' title='bbox 300 4021 482 4090; x_wconf 71' lang='lat' dir='ltr'><strong>Florianus</strong></span> <span class='ocrx_word' id='word_1_418' title='bbox 502 4020 644 4076; x_wconf 87' lang='lat' dir='ltr'><strong>Crusius</strong></span> <span class='ocrx_word' id='word_1_419' title='bbox 665 4020 719 4086; x_wconf 85' lang='lat' dir='ltr'><strong>(ch.</strong></span> <span class='ocrx_word' id='word_1_420' title='bbox 740 4023 790 4074; x_wconf 79' lang='lat' dir='ltr'><strong>vni.</strong></span> <span class='ocrx_word' id='word_1_421' title='bbox 810 4022 830 4072; x_wconf 91' lang='lat'><strong>1.</strong></span> <span class='ocrx_word' id='word_1_422' title='bbox 849 4035 875 4085; x_wconf 89' lang='grc'><strong>6.</strong></span> <span class='ocrx_word' id='word_1_423' title='bbox 894 4019 956 4086; x_wconf 86' lang='grc'><strong>666)</strong></span> <span class='ocrx_word' id='word_1_424' title='bbox 981 4015 1082 4084; x_wconf 77' lang='lat' dir='ltr'><strong>gratim</strong></span> <span class='ocrx_word' id='word_1_425' title='bbox 1107 4015 1164 4084; x_wconf 89' lang='lat' dir='ltr'><strong>agit</strong></span> <span class='ocrx_word' id='word_1_426' title='bbox 1183 4014 1210 4069; x_wconf 93' lang='lat' dir='ltr'><strong>d.</strong></span> <span class='ocrx_word' id='word_1_427' title='bbox 1228 4016 1271 4074; x_wconf 86' lang='lat'><strong>29.</strong></span> <span class='ocrx_word' id='word_1_428' title='bbox 1291 4013 1358 4070; x_wconf 82' lang='lat' dir='ltr'><strong>iulii</strong></span> <span class='ocrx_word' id='word_1_429' title='bbox 1377 4024 1443 4083; x_wconf 84' lang='lat' dir='ltr'><strong>„pro</strong></span> <span class='ocrx_word' id='word_1_430' title='bbox 1461 4009 1551 4066; x_wconf 89' lang='lat' dir='ltr'><strong>missis</strong></span> 
     </span>
     <span class='ocr_line' id='line_1_42' title="bbox 197 4097 1553 4178; baseline -0.007 -16"><span class='ocrx_word' id='word_1_431' title='bbox 197 4108 298 4166; x_wconf 76' lang='lat' dir='ltr'><strong>literis·</strong></span> <span class='ocrx_word' id='word_1_432' title='bbox 318 4107 515 4178; x_wconf 70' lang='lat' dir='ltr'><strong>(datissltrris</strong></span> <span class='ocrx_word' id='word_1_433' title='bbox 534 4108 559 4163; x_wconf 90' lang='grc'><strong>6.</strong></span> <span class='ocrx_word' id='word_1_434' title='bbox 579 4108 621 4164; x_wconf 79' lang='lat'><strong>21.</strong></span> <span class='ocrx_word' id='word_1_435' title='bbox 640 4107 709 4162; x_wconf 89' lang='lat' dir='ltr'><strong>Nov.</strong></span> <span class='ocrx_word' id='word_1_436' title='bbox 729 4105 808 4173; x_wconf 80' lang='grc'><strong>1616,</strong></span> <span class='ocrx_word' id='word_1_437' title='bbox 827 4102 919 4158; x_wconf 90' lang='lat' dir='ltr'><strong>alteris</strong></span> <span class='ocrx_word' id='word_1_438' title='bbox 937 4103 963 4157; x_wconf 91' lang='grc'><strong>6.</strong></span> <span class='ocrx_word' id='word_1_439' title='bbox 980 4103 1022 4156; x_wconf 76' lang='grc'><strong>27.</strong></span> <span class='ocrx_word' id='word_1_440' title='bbox 1042 4099 1122 4155; x_wconf 84' lang='lat' dir='ltr'><strong>Febr.</strong></span> <span class='ocrx_word' id='word_1_441' title='bbox 1144 4103 1233 4171; x_wconf 88' lang='grc'><strong>1616).</strong></span> <span class='ocrx_word' id='word_1_442' title='bbox 1271 4099 1366 4158; x_wconf 79' lang='lat' dir='ltr'><strong>Refert</strong></span> <span class='ocrx_word' id='word_1_443' title='bbox 1384 4097 1503 4168; x_wconf 85' lang='lat' dir='ltr'><strong>lleplero</strong></span> <span class='ocrx_word' id='word_1_444' title='bbox 1521 4111 1553 4152; x_wconf 88' lang='lat' dir='ltr'><strong>se</strong></span> 
     </span>
     <span class='ocr_line' id='line_1_43' title="bbox 200 4181 1552 4267; baseline -0.01 -18"><span class='ocrx_word' id='word_1_445' title='bbox 200 4213 233 4251; x_wconf 84' lang='lat' dir='ltr'><strong>rx</strong></span> <span class='ocrx_word' id='word_1_446' title='bbox 252 4213 305 4266; x_wconf 90' lang='lat' dir='ltr'><strong>quo</strong></span> <span class='ocrx_word' id='word_1_447' title='bbox 323 4197 419 4262; x_wconf 86' lang='lat' dir='ltr'><strong>Linsio</strong></span> <span class='ocrx_word' id='word_1_448' title='bbox 438 4195 536 4251; x_wconf 82' lang='lat' dir='ltr'><strong>abierit</strong></span> <span class='ocrx_word' id='word_1_449' title='bbox 554 4195 668 4267; x_wconf 86' lang='lat' dir='ltr'><strong>(Pupius</strong></span> <span class='ocrx_word' id='word_1_450' title='bbox 688 4194 807 4264; x_wconf 86' lang='lat' dir='ltr'><strong>Keplero</strong></span> <span class='ocrx_word' id='word_1_451' title='bbox 825 4191 893 4246; x_wconf 89' lang='lat' dir='ltr'><strong>haec</strong></span> <span class='ocrx_word' id='word_1_452' title='bbox 911 4191 945 4246; x_wconf 91' lang='lat' dir='ltr'><strong>de</strong></span> <span class='ocrx_word' id='word_1_453' title='bbox 965 4189 1061 4245; x_wconf 83' lang='lat' dir='ltr'><strong>crusio</strong></span> <span class='ocrx_word' id='word_1_454' title='bbox 1079 4191 1224 4244; x_wconf 88' lang='lat' dir='ltr'><strong>retulerat:</strong></span> <span class='ocrx_word' id='word_1_455' title='bbox 1244 4205 1293 4259; x_wconf 90' lang='lat' dir='ltr'><strong>pro</strong></span> <span class='ocrx_word' id='word_1_456' title='bbox 1312 4181 1552 4241; x_wconf 77' lang='grc'><strong>6666666616-</strong></span> 
     </span>
     <span class='ocr_line' id='line_1_44' title="bbox 200 4269 1554 4354; baseline -0.01 -16"><span class='ocrx_word' id='word_1_457' title='bbox 200 4284 312 4353; x_wconf 88' lang='lat' dir='ltr'><strong>riannm,</strong></span> <span class='ocrx_word' id='word_1_458' title='bbox 332 4285 378 4354; x_wconf 91' lang='lat' dir='ltr'><strong>qui</strong></span> <span class='ocrx_word' id='word_1_459' title='bbox 395 4284 504 4339; x_wconf 87' lang='lat' dir='ltr'><strong>triennii</strong></span> <span class='ocrx_word' id='word_1_460' title='bbox 523 4284 611 4352; x_wconf 88' lang='lat' dir='ltr'><strong>spatio</strong></span> <span class='ocrx_word' id='word_1_461' title='bbox 631 4279 844 4340; x_wconf 85' lang='grc'><strong>6661666616</strong></span> <span class='ocrx_word' id='word_1_462' title='bbox 863 4287 905 4336; x_wconf 90' lang='lat' dir='ltr'><strong>est</strong></span> <span class='ocrx_word' id='word_1_463' title='bbox 923 4285 1100 4348; x_wconf 89' lang='grc'><strong>6666666166,</strong></span> <span class='ocrx_word' id='word_1_464' title='bbox 1126 4276 1199 4346; x_wconf 88' lang='grc'><strong>6666</strong></span> <span class='ocrx_word' id='word_1_465' title='bbox 1219 4270 1390 4331; x_wconf 80' lang='grc'><strong>1661661616</strong></span> <span class='ocrx_word' id='word_1_466' title='bbox 1408 4269 1554 4324; x_wconf 82' lang='grc'><strong>66616116</strong></span> 
     </span>
     <span class='ocr_line' id='line_1_45' title="bbox 201 4356 1553 4442; baseline -0.01 -16"><span class='ocrx_word' id='word_1_467' title='bbox 201 4387 250 4426; x_wconf 79' lang='lat' dir='ltr'><strong>sna</strong></span> <span class='ocrx_word' id='word_1_468' title='bbox 267 4373 371 4442; x_wconf 88' lang='lat' dir='ltr'><strong>absque</strong></span> <span class='ocrx_word' id='word_1_469' title='bbox 389 4387 451 4426; x_wconf 85' lang='lat' dir='ltr'><strong>mes</strong></span> <span class='ocrx_word' id='word_1_470' title='bbox 467 4371 638 4427; x_wconf 88' lang='lat' dir='ltr'><strong>institutione</strong></span> <span class='ocrx_word' id='word_1_471' title='bbox 656 4387 710 4426; x_wconf 90' lang='lat' dir='ltr'><strong>nou</strong></span> <span class='ocrx_word' id='word_1_472' title='bbox 729 4367 908 4436; x_wconf 83' lang='lat' dir='ltr'><strong>cognovisset</strong></span> <span class='ocrx_word' id='word_1_473' title='bbox 943 4365 1070 4436; x_wconf 87' lang='lat' dir='ltr'><strong>Improbe</strong></span> <span class='ocrx_word' id='word_1_474' title='bbox 1090 4362 1199 4434; x_wconf 88' lang='lat' dir='ltr'><strong>quidem</strong></span> <span class='ocrx_word' id='word_1_475' title='bbox 1222 4361 1282 4431; x_wconf 69' lang='grc'><strong>6166</strong></span> <span class='ocrx_word' id='word_1_476' title='bbox 1299 4357 1454 4424; x_wconf 85' lang='lat' dir='ltr'><strong>consiliunt,</strong></span> <span class='ocrx_word' id='word_1_477' title='bbox 1477 4356 1553 4426; x_wconf 88' lang='lat' dir='ltr'><strong>qnod</strong></span> 
     </span>
     <span class='ocr_line' id='line_1_46' title="bbox 204 4443 1554 4532; baseline -0.013 -16"><span class='ocrx_word' id='word_1_478' title='bbox 204 4476 255 4516; x_wconf 89' lang='grc'><strong>666</strong></span> <span class='ocrx_word' id='word_1_479' title='bbox 273 4459 377 4532; x_wconf 84' lang='grc'><strong>6116616</strong></span> <span class='ocrx_word' id='word_1_480' title='bbox 396 4459 472 4516; x_wconf 87' lang='lat' dir='ltr'><strong>dedit</strong></span> <span class='ocrx_word' id='word_1_481' title='bbox 488 4460 603 4529; x_wconf 84' lang='lat' dir='ltr'><strong>tempori</strong></span> <span class='ocrx_word' id='word_1_482' title='bbox 622 4465 650 4514; x_wconf 91' lang='lat' dir='ltr'><strong>et</strong></span> <span class='ocrx_word' id='word_1_483' title='bbox 668 4473 721 4512; x_wconf 91' lang='lat' dir='ltr'><strong>non</strong></span> <span class='ocrx_word' id='word_1_484' title='bbox 741 4455 842 4511; x_wconf 86' lang='lat' dir='ltr'><strong>diutius</strong></span> <span class='ocrx_word' id='word_1_485' title='bbox 861 4461 1042 4508; x_wconf 87' lang='lat' dir='ltr'><strong>commoratus</strong></span> <span class='ocrx_word' id='word_1_486' title='bbox 1060 4452 1113 4508; x_wconf 86' lang='grc'><strong>1611</strong></span> <span class='ocrx_word' id='word_1_487' title='bbox 1129 4447 1243 4518; x_wconf 65' lang='grc'><strong>1116611),</strong></span> <span class='ocrx_word' id='word_1_488' title='bbox 1261 4443 1445 4508; x_wconf 87' lang='lat' dir='ltr'><strong>Ratlsbouam,</strong></span> <span class='ocrx_word' id='word_1_489' title='bbox 1464 4443 1554 4512; x_wconf 86' lang='lat' dir='ltr'><strong>Ingol·</strong></span> 
     </span>
     <span class='ocr_line' id='line_1_47' title="bbox 203 4529 1553 4617; baseline -0.01 -19"><span class='ocrx_word' id='word_1_490' title='bbox 203 4547 326 4617; x_wconf 88' lang='lat' dir='ltr'><strong>stadium,</strong></span> <span class='ocrx_word' id='word_1_491' title='bbox 345 4547 408 4602; x_wconf 91' lang='lat' dir='ltr'><strong>inde</strong></span> <span class='ocrx_word' id='word_1_492' title='bbox 421 4545 604 4616; x_wconf 81' lang='lat' dir='ltr'><strong>Monachium,</strong></span> <span class='ocrx_word' id='word_1_493' title='bbox 622 4547 775 4615; x_wconf 82' lang='lat' dir='ltr'><strong>Angustam</strong></span> <span class='ocrx_word' id='word_1_494' title='bbox 788 4550 816 4598; x_wconf 85' lang='lat' dir='ltr'><strong>et</strong></span> <span class='ocrx_word' id='word_1_495' title='bbox 827 4543 932 4598; x_wconf 84' lang='lat' dir='ltr'><strong>Ulmum</strong></span> <span class='ocrx_word' id='word_1_496' title='bbox 946 4557 976 4596; x_wconf 91' lang='grc'><strong>66</strong></span> <span class='ocrx_word' id='word_1_497' title='bbox 988 4540 1146 4606; x_wconf 86' lang='lat' dir='ltr'><strong>contulisse,</strong></span> <span class='ocrx_word' id='word_1_498' title='bbox 1165 4541 1262 4606; x_wconf 87' lang='lat' dir='ltr'><strong>postea</strong></span> <span class='ocrx_word' id='word_1_499' title='bbox 1273 4531 1425 4599; x_wconf 85' lang='lat' dir='ltr'><strong>Tubingam</strong></span> <span class='ocrx_word' id='word_1_500' title='bbox 1437 4529 1553 4599; x_wconf 86' lang='grc'><strong>6611666,</strong></span> 
     </span>
     <span class='ocr_line' id='line_1_48' title="bbox 204 4615 1555 4704; baseline -0.013 -16"><span class='ocrx_word' id='word_1_501' title='bbox 204 4633 248 4688; x_wconf 88' lang='grc'><strong>661</strong></span> <span class='ocrx_word' id='word_1_502' title='bbox 264 4642 377 4704; x_wconf 88' lang='grc'><strong>6666166</strong></span> <span class='ocrx_word' id='word_1_503' title='bbox 394 4633 535 4688; x_wconf 89' lang='lat' dir='ltr'><strong>caritatem</strong></span> <span class='ocrx_word' id='word_1_504' title='bbox 554 4647 677 4687; x_wconf 87' lang='lat' dir='ltr'><strong>annonae</strong></span> <span class='ocrx_word' id='word_1_505' title='bbox 696 4637 729 4687; x_wconf 91' lang='grc'><strong>61·</strong></span> <span class='ocrx_word' id='word_1_506' title='bbox 741 4629 814 4699; x_wconf 90' lang='grc'><strong>6666</strong></span> <span class='ocrx_word' id='word_1_507' title='bbox 832 4627 933 4683; x_wconf 80' lang='lat' dir='ltr'><strong>unllam</strong></span> <span class='ocrx_word' id='word_1_508' title='bbox 957 4625 1139 4681; x_wconf 85' lang='lat' dir='ltr'><strong>conditionem</strong></span> <span class='ocrx_word' id='word_1_509' title='bbox 1157 4615 1470 4678; x_wconf 87' lang='grc'><strong>666666166666666</strong></span> <span class='ocrx_word' id='word_1_510' title='bbox 1488 4631 1555 4672; x_wconf 87' lang='grc'><strong>666-</strong></span> 
     </span>
     <span class='ocr_line' id='line_1_49' title="bbox 205 4703 1554 4794; baseline -0.012 -18"><span class='ocrx_word' id='word_1_511' title='bbox 205 4721 413 4794; x_wconf 78' lang='grc' dir='ltr'><strong>6166166166τί1,</strong></span> <span class='ocrx_word' id='word_1_512' title='bbox 432 4723 643 4790; x_wconf 79' lang='lat' dir='ltr'><strong>Argentoratum</strong></span> <span class='ocrx_word' id='word_1_513' title='bbox 663 4720 687 4774; x_wconf 94' lang='lat' dir='ltr'><strong>d.</strong></span> <span class='ocrx_word' id='word_1_514' title='bbox 704 4721 745 4776; x_wconf 83' lang='lat' dir='ltr'><strong>t&#39;i.</strong></span> <span class='ocrx_word' id='word_1_515' title='bbox 757 4717 824 4772; x_wconf 87' lang='lat' dir='ltr'><strong>Julii</strong></span> <span class='ocrx_word' id='word_1_516' title='bbox 843 4715 1008 4772; x_wconf 89' lang='lat' dir='ltr'><strong>discesserit.</strong></span> <span class='ocrx_word' id='word_1_517' title='bbox 1035 4715 1102 4780; x_wconf 86' lang='lat' dir='ltr'><strong>,Hie</strong></span> <span class='ocrx_word' id='word_1_518' title='bbox 1117 4713 1173 4781; x_wconf 88' lang='lat' dir='ltr'><strong>jam</strong></span> <span class='ocrx_word' id='word_1_519' title='bbox 1186 4709 1246 4764; x_wconf 91' lang='lat' dir='ltr'><strong>vivo</strong></span> <span class='ocrx_word' id='word_1_520' title='bbox 1259 4713 1290 4761; x_wconf 90' lang='grc'><strong>61</strong></span> <span class='ocrx_word' id='word_1_521' title='bbox 1302 4704 1392 4760; x_wconf 90' lang='grc'><strong>661661</strong></span> <span class='ocrx_word' id='word_1_522' title='bbox 1403 4703 1445 4759; x_wconf 91' lang='grc'><strong>1111</strong></span> <span class='ocrx_word' id='word_1_523' title='bbox 1455 4705 1554 4774; x_wconf 87' lang='lat' dir='ltr'><strong>rivers,</strong></span> 
     </span>
     <span class='ocr_line' id='line_1_50' title="bbox 206 4791 1555 4880; baseline -0.013 -15"><span class='ocrx_word' id='word_1_524' title='bbox 206 4811 293 4880; x_wconf 89' lang='lat' dir='ltr'><strong>quiin</strong></span> <span class='ocrx_word' id='word_1_525' title='bbox 310 4811 387 4878; x_wconf 88' lang='lat' dir='ltr'><strong>locis,</strong></span> <span class='ocrx_word' id='word_1_526' title='bbox 405 4809 452 4864; x_wconf 89' lang='lat' dir='ltr'><strong>ubi</strong></span> <span class='ocrx_word' id='word_1_527' title='bbox 470 4823 595 4865; x_wconf 88' lang='lat' dir='ltr'><strong>annonae</strong></span> <span class='ocrx_word' id='word_1_528' title='bbox 613 4808 712 4865; x_wconf 85' lang='grc'><strong>6661166</strong></span> <span class='ocrx_word' id='word_1_529' title='bbox 730 4806 811 4876; x_wconf 82' lang='lat' dir='ltr'><strong>viget,</strong></span> <span class='ocrx_word' id='word_1_530' title='bbox 829 4819 925 4874; x_wconf 85' lang='lat' dir='ltr'><strong>pamm</strong></span> <span class='ocrx_word' id='word_1_531' title='bbox 942 4801 1074 4872; x_wconf 87' lang='lat' dir='ltr'><strong>pecuniae</strong></span> <span class='ocrx_word' id='word_1_532' title='bbox 1092 4797 1202 4854; x_wconf 86' lang='lat' dir='ltr'><strong>hebent.</strong></span> <span class='ocrx_word' id='word_1_533' title='bbox 1237 4791 1329 4849; x_wconf 82' lang='lat' dir='ltr'><strong>Nihilo</strong></span> <span class='ocrx_word' id='word_1_534' title='bbox 1348 4791 1436 4848; x_wconf 90' lang='lat' dir='ltr'><strong>minus</strong></span> <span class='ocrx_word' id='word_1_535' title='bbox 1454 4799 1555 4864; x_wconf 88' lang='lat' dir='ltr'><strong>tamen,</strong></span> 
     </span>
     <span class='ocr_line' id='line_1_51' title="bbox 207 4885 1555 4969; baseline -0.013 -15"><span class='ocrx_word' id='word_1_536' title='bbox 207 4905 356 4969; x_wconf 85' lang='grc'><strong>6166666,</strong></span> <span class='ocrx_word' id='word_1_537' title='bbox 380 4901 634 4966; x_wconf 77' lang='grc'><strong>6666666666166</strong></span> <span class='ocrx_word' id='word_1_538' title='bbox 652 4893 771 4954; x_wconf 83' lang='grc'><strong>61661616</strong></span> <span class='ocrx_word' id='word_1_539' title='bbox 789 4892 909 4964; x_wconf 84' lang='lat' dir='ltr'><strong>urgebo,</strong></span> <span class='ocrx_word' id='word_1_540' title='bbox 927 4905 978 4946; x_wconf 92' lang='grc'><strong>666</strong></span> <span class='ocrx_word' id='word_1_541' title='bbox 995 4893 1059 4944; x_wconf 89' lang='grc'><strong>6616</strong></span> <span class='ocrx_word' id='word_1_542' title='bbox 1076 4885 1219 4954; x_wconf 72' lang='lat' dir='ltr'><strong>desistam,</strong></span> <span class='ocrx_word' id='word_1_543' title='bbox 1244 4895 1324 4954; x_wconf 84' lang='grc'><strong>66616</strong></span> <span class='ocrx_word' id='word_1_544' title='bbox 1343 4895 1455 4956; x_wconf 82' lang='lat' dir='ltr'><strong>scopum</strong></span> <span class='ocrx_word' id='word_1_545' title='bbox 1473 4895 1555 4952; x_wconf 73' lang='lat' dir='ltr'><strong>quem</strong></span> 
     </span>
    </p>
   </div>
   <div class='ocr_carea' id='block_1_5' title="bbox 0 0 1850 5544">
    <p class='ocr_par' dir='ltr' id='par_1_7' title="bbox 0 0 1850 5544">
     <span class='ocr_line' id='line_1_52' title="bbox 0 0 1850 5544; baseline 0 0"><span class='ocrx_word' id='word_1_546' title='bbox 0 0 1850 5544; x_wconf 95' lang='lat' dir='ltr'><strong> </strong></span> 
     </span>
    </p>
   </div>
  </div>
 </body>
</html>
