3624 5554
459 419 638 478 mura
655 419 794 481 merome
811 422 1003 486 monendae
1020 424 1114 484 amolo
1132 425 1206 484 xvi.
1450 431 1515 502 659

254 596 460 662 Ptolemaeus
475 600 651 680 Aehelogne
673 603 800 680 reiectus
822 621 889 666 eum
910 623 965 666 sue
980 605 1092 683 Magno
1107 605 1204 685 Opere
1219 625 1238 668 a
1253 611 1355 686 prisels
1371 609 1515 674 chrima-

148 685 209 757 nia,
232 695 401 765 susceptus
424 697 471 750 est
491 691 521 748 in
543 688 756 752 saraaeuerum
778 692 922 769 linguam,
947 695 997 769 qui
1020 697 1242 771 superstitiones
1269 715 1327 758 non
1349 697 1515 776 horrebant,

149 770 270 834 taudem
295 774 458 854 Alphense
480 776 693 839 Sarucnocum
722 779 819 840 rleirre
843 782 977 842 innotuit
1023 781 1070 842 Ab
1093 782 1144 842 illo
1167 791 1312 862 tempere,
1342 784 1514 849 Ptolemaeo

151 861 180 920 ia
201 858 335 924 hhnnnr
357 881 456 938 verae,
479 869 659 928 astronomia
680 866 719 928 ad
742 867 924 930 Christianos
946 871 1036 930 veuit.
1059 877 1111 937 (titt
1128 879 1258 941 requitur.)

257 963 392 1034 Longum
409 971 454 1020 est
471 979 630 1022 enumerare
648 981 758 1038 omnes,
781 969 828 1038 qni
851 969 916 1025 hnic
940 968 1132 1040 disceptationi
1153 969 1188 1025 de
1211 987 1281 1026 nore
1301 971 1461 1028 calendario
1485 987 1516 1030 se

155 1049 370 1108 immiscuerunt.
396 1051 506 1122 Omnes,
524 1053 581 1108 aire
592 1069 609 1108 a
621 1056 747 1124 partibus
759 1055 913 1112 catholicae
936 1055 1000 1112 fidei
1019 1057 1076 1112 aire
1095 1047 1256 1114 lutheranae
1274 1065 1417 1131 steterunt,
1436 1061 1517 1117 simili

155 1139 261 1194 radone
280 1155 342 1209 qna
356 1139 519 1198 Maecilium
537 1149 565 1198 et
584 1143 699 1200 Olenius·
710 1146 798 1212 magia
816 1159 873 1200 rem
892 1145 927 1201 acl
946 1145 1098 1202 doctrinam
1116 1161 1222 1202 sacram
1239 1147 1419 1220 pertinentem
1438 1165 1515 1218 spee-

159 1227 267 1294 tabant,
294 1243 379 1296 qnam
397 1245 478 1285 muna
495 1229 642 1286 calendarii
661 1231 697 1286 ad
715 1232 930 1288 eonsuetudines
948 1232 1021 1288 ritae
1040 1241 1068 1288 et
1085 1233 1119 1288 ad
1138 1237 1340 1293 astronomiam.
1377 1235 1429 1291 Hie
1446 1252 1515 1306 qno·

158 1329 209 1382 que
227 1313 368 1372 liberioris
383 1316 479 1384 judieii
496 1318 583 1372 virum
601 1333 631 1374 se
649 1318 776 1387 praebuit
793 1319 937 1389 Keplerue,
955 1321 1074 1377 suadens
1092 1319 1156 1376 fidei
1175 1336 1242 1376 suae
1259 1323 1354 1392 seniis,
1373 1328 1405 1377 nt
1421 1324 1514 1379 calen-

158 1399 225 1454 darii
242 1401 468 1458 reformationem
480 1402 635 1473 acciperent
647 1407 703 1474 (etr.
716 1407 769 1461 sel.
781 1409 826 1462 lv.
839 1423 865 1474 p.
879 1411 895 1459 e
908 1407 953 1475 aa.)
970 1413 999 1462 et
1017 1408 1173 1477 imperatori
1191 1410 1262 1467 mam
1278 1419 1442 1482 monstrans,
1461 1428 1516 1483 qua

158 1488 307 1545 mneerdia
325 1490 538 1547 constitueretur
555 1491 626 1548 inter
642 1499 736 1562 parter
754 1494 897 1563 oppositae
914 1499 960 1556 (ib.
978 1513 1006 1563 p.
1020 1503 1053 1552 11
1067 1504 1120 1560 eet.

263 1575 306 1630 De
326 1576 464 1644 Clario,
488 1594 568 1648 quem
590 1595 663 1649 papa
681 1580 776 1636 Sixtue
795 1580 829 1637 V.
847 1581 1052 1638 celeberrimum
1072 1585 1141 1641 dixit
1163 1587 1387 1654 mathematicum
1405 1587 1460 1657 (IV.
1480 1591 1515 1658 i.)

162 1661 381 1720 Franciscne
403 1665 509 1722 Victa
527 1672 581 1730 (etr.
599 1673 651 1724 ret.
670 1673 714 1722 111.
733 1673 806 1731 478.)
830 1669 859 1723 in
883 1669 1007 1726 momine
1030 1670 1177 1728 calendarii
1200 1674 1361 1741 Gregoriani
1385 1673 1439 1730 heo
1461 1674 1515 1730 lert

157 1748 305 1816 judicium:
338 1751 469 1820 eptimam
495 1768 557 1808 cunr
580 1769 643 1811 esse
665 1755 921 1814 mathematicorum
946 1757 1142 1816 elementorum
1166 1761 1342 1831 interpretem
1366 1771 1394 1818 et
1417 1763 1517 1818 eximia

158 1837 293 1896 docilitate
312 1855 354 1908 ea,
373 1857 444 1910 qnae
458 1842 493 1897 ab
506 1843 694 1901 inventoribus
712 1843 856 1902 obscurius
873 1845 975 1902 tradita
987 1847 1049 1916 aiut,
1069 1847 1221 1920 explicare;
1240 1855 1370 1917 qnantum
1382 1850 1418 1905 ad
1430 1851 1516 1907 scien·

160 1925 234 1996 tiam,
254 1927 381 1983 Clarium
397 1929 437 1986 ita
454 1931 583 2000 scribere,
602 1937 633 1987 nt
651 1931 796 2008 scribendo
815 1937 886 2001 qnae
904 1935 1007 1991 scribat
1025 1934 1130 1992 discere
1147 1935 1273 1992 rideatur
1289 1936 1412 2006 nihilque
1430 1938 1465 1994 de
1476 1939 1516 1994 in·

162 2015 241 2082 genie
260 2031 314 2071 auo
333 2017 426 2084 addat,
445 2019 493 2074 sed
511 2018 650 2076 crambes
668 2020 765 2090 omnia,
784 2020 862 2076 nulle
875 2037 976 2091 operae
988 2024 1086 2093 pretio,
1105 2024 1157 2080 nisi
1176 2025 1249 2094 quod
1268 2015 1384 2094 sparsim
1402 2025 1516 2083 cenitrse

160 2111 188 2156 et
204 2103 298 2158 minna
316 2103 436 2160 diheide
455 2105 489 2162 ab
507 2105 567 2162 aliis
585 2107 690 2176 scripta
707 2107 815 2162 ordinet
833 2116 862 2165 et
878 2110 918 2165 ita
934 2111 1079 2180 perepicuo
1092 2119 1237 2190 proponat,
1255 2121 1286 2168 ut
1298 2129 1333 2168 ex
1346 2114 1442 2169 alienis
1454 2131 1516 2184 pre·

159 2190 217 2258 psa
239 2175 359 2247 aeratae¹
388 2191 473 2247 orave
492 2195 707 2251 commosse
730 2196 757 2250 tn
777 2196 961 2264 „sphaeram
980 2199 1096 2254 rosum
1120 2199 1154 2256 ee
1173 2200 1257 2256 seeo
1274 2201 1364 2257 aeae
1391 2200 1515 2260 amaseae

161 2293 226 2333 anae
244 2279 359 2349 semna,
385 2281 433 2348 qni
456 2280 531 2336 hand
548 2283 628 2352 pauci
647 2290 739 2352 erant,
765 2285 1023 2342 commentatoribus
1047 2286 1128 2355 longe
1151 2293 1320 2356 praestatet
1338 2288 1516 2358 perlongum

160 2380 293 2422 annerum
311 2366 431 2438 epatium
449 2374 483 2428 ab
502 2371 685 2428 astronomiae
703 2371 834 2428 studiosis
852 2373 1041 2430 adhibebatur.
1067 2376 1118 2443 (ab
1135 2391 1201 2426 anne
1220 2378 1420 2430 1bt0sd1618
1438 2380 1516 2430 unde·

163 2461 209 2508 dm
226 2461 378 2524 prodierunt
396 2461 539 2528 adluente.)
571 2459 684 2516 Orditnr
700 2461 736 2516 ab
748 2461 892 2517 elementis
910 2477 1060 2531 eernrnqne
1076 2475 1219 2518 numerum
1238 2462 1355 2517 eundem
1372 2477 1434 2520 esse
1452 2479 1515 2518 cen-

161 2545 256 2614 tendit,
276 2551 346 2614 quet
363 2545 418 2602 rint
434 2547 648 2604 combinationes
667 2549 830 2618 qualitatum
849 2550 1004 2618 caliditatis,
1022 2549 1190 2622 frigiditatis,
1211 2549 1342 2606 siccitatis
1360 2558 1389 2605 et
1401 2551 1517 2606 humidi·

160 2633 234 2688 tatia.
271 2633 323 2688 (ini
346 2633 528 2704 disquisitioni
546 2637 641 2706 adjicit
664 2639 851 2706 quaestionem
873 2638 908 2692 de
933 2635 1180 2693 combinatienibus
1208 2627 1408 2693 mathematicis
1433 2643 1516 2707 atque

160 2721 270 2777 omnino
288 2723 372 2779 rebus
391 2722 582 2781 diuersissimis
601 2725 723 2781 annectit
741 2726 915 2794 quaestiones
933 2724 1140 2781 mathematicas
1158 2730 1186 2779 et
1203 2723 1362 2795 historicam
1380 2743 1404 2780 r.
1419 2742 1443 2782 c.
1462 2725 1517 2782 die·

158 2823 251 2865 mena
277 2809 313 2865 de
330 2808 421 2880 ilgnra
443 2811 513 2867 coeli
533 2811 653 2870 rotunda
675 2813 790 2882 inquirit
814 2812 917 2881 ligurus
938 2812 1155 2882 iseperimetraa,
1180 2811 1320 2866 Thoonem
1344 2818 1372 2866 et
1391 2812 1515 2882 Pappum

159 2905 271 2953 mutua
288 2903 342 2952 ete
380 2896 541 2966 eatalopnn
559 2897 675 2956 lixarum
694 2915 710 2956 e
729 2899 880 2970 (tepet-nico
899 2899 1033 2956 deanmsit
1051 2900 1169 2970 (ilarius,
1187 2900 1320 2956 rationem
1337 2915 1402 2955 roro
1415 2902 1515 2970 Ceper-

158 2983 210 3040 nici
227 2984 265 3038 de
283 2983 386 3040 munde
404 2983 488 3053 plane
505 2985 603 3060 rejicit,
625 3005 702 3054 „eum
720 2988 814 3044 multia
826 2987 1020 3057 experimentis
1033 2987 1187 3056 refragetur
1202 2993 1231 3042 et
1242 2987 1378 3042 communi
1395 2988 1515 3042 emnium

157 3071 386 3142 philosopherum
403 3071 660 3148 astrelopernmqne
678 3076 831 3134 renuntias
844 3119 851 3132 .
865 3115 872 3130 .
887 3117 915 3132 ..
952 3077 1070 3132 Tantum
1088 3074 1167 3131 abest
1185 3081 1216 3130 ut
1231 3079 1346 3144 prepter
1364 3073 1514 3128 doctrinam

158 3161 302 3232 Gopernici
318 3161 453 3218 tollantur
469 3166 612 3220 eceentrici
630 3171 658 3222 et
670 3165 792 3236 epieyeli
811 3172 842 3218 nt
860 3163 946 3220 multe
964 3163 1052 3232 magis
1069 3167 1215 3232 prepterea
1234 3159 1352 3231 ponendi
1371 3160 1435 3217 sint.
1471 3159 1514 3214 ld·

158 3250 228 3308 enee
247 3253 402 3309 astronomi
419 3254 473 3310 hoa
490 3255 571 3311 orbes
589 3256 788 3324 excogitarunt,
806 3253 871 3324 quia
883 3251 1131 3322 deprehenderunt,
1149 3249 1277 3319 planetas
1289 3265 1344 3304 neu
1361 3249 1427 3304 ferri
1445 3263 1514 3304 eenr-

157 3355 205 3408 per
222 3339 333 3410 amasii
346 3341 477 3397 distantia
489 3357 506 3398 a
518 3342 612 3412 Terra,
631 3342 705 3411 qued
722 3341 841 3398 libenter
853 3340 1019 3409 Gopernicne
1032 3339 1158 3394 admittit.
1185 3337 1289 3407 Quodsi
1301 3337 1401 3406 pesita'e
1415 3337 1514 3406 (toper-

156 3429 208 3484 nici
225 3429 297 3484 nihss
314 3429 379 3486 ialsi
396 3435 426 3484 et
444 3429 554 3486 absurdi
571 3429 731 3499 involveret,
750 3427 863 3486 dubium
881 3441 949 3483 eane
965 3431 1039 3482 esset
1056 3425 1111 3482 ntri
1132 3425 1262 3495 opinioni,
1281 3423 1467 3480 Ptolemaeine
1478 3441 1514 3480 an

157 3514 310 3585 Geperniei,
329 3517 422 3585 potina
440 3517 643 3575 adhaerendum
656 3524 743 3586 eseetp
762 3516 812 3571 sed
830 3516 959 3586 queniam
970 3514 1058 3569 multa
1075 3512 1194 3570 absurda
1206 3519 1235 3568 et
1246 3527 1361 3568 erronea
1372 3511 1400 3566 iu
1413 3513 1514 3581 Ceper-

158 3601 211 3660 aici
229 3603 368 3674 positione
387 3603 575 3674 eontinentur,
601 3611 633 3660 ut
651 3605 724 3674 qnod
742 3603 828 3660 'l'erra
844 3619 900 3658 non
920 3603 957 3658 ait
974 3603 1003 3657 in
1020 3601 1109 3658 medie
1128 3603 1299 3658 firmamento
1317 3607 1514 3668 mereaturque

160 3689 264 3760 tripiici
279 3695 367 3760 metu,
384 3689 459 3759 quod
477 3705 532 3758 qna
548 3695 654 3749 radone
672 3691 730 3748 lieri
749 3693 838 3762 possit
854 3692 900 3747 rix
917 3690 1050 3760 intellige,
1069 3696 1098 3744 et
1112 3689 1189 3759 quod
1202 3688 1250 3744 Sel
1268 3687 1296 3746 in
1314 3695 1409 3744 centro
1421 3686 1515 3744 mnndi

156 3781 412 3850 armaturaeque
436 3783 522 3838 emnia
545 3788 635 3838 metus
657 3795 769 3850 expers,
795 3795 866 3848 quae
891 3779 982 3834 emnia
1006 3778 1131 3834 ridentur
1152 3776 1186 3832 iia
1213 3791 1283 3846 quae
1307 3791 1401 3832 rueme
1418 3775 1514 3832 literae

158 3869 257 3925 docent
280 3868 481 3938 eennadicere,
509 3868 611 3924 idcirce
643 3867 835 3938 anteponenda
858 3867 966 3923 ridetur
991 3866 1082 3936 epinie
1104 3865 1256 3921 Ptolemaei
1282 3865 1347 3920 huie
1371 3861 1517 3934 (leperuiei

158 3957 305 4028 cantent*
343 3955 408 4011 atie
426 3955 487 4012 loeo
505 3954 571 4012 dicit
589 3955 712 4012 Ghmna:
732 3957 756 4011 ai
774 3955 889 4026 dicatur,
907 3953 1020 4010 'l'erram
1037 3953 1149 4020 mereri,
1168 3950 1395 4022 quemadmodum
1414 3953 1513 4019 Ceper-

156 4046 231 4102 nieua
249 4043 325 4114 dicit,
343 4027 535 4114 praeterquam
554 4043 628 4112 qued
645 4044 673 4098 in
692 4043 787 4101 eadem
799 4043 970 4100 incommoda
981 4044 1175 4110 relabsremur,
1194 4041 1325 4110 sequitur,
1344 4039 1466 4108 qnotidie
1484 4039 1513 4092 in

156 4148 209 4192 una
224 4131 378 4202 “demque
396 4131 507 4187 civitate
525 4129 697 4187 altitudinem
715 4130 772 4202 peli
789 4131 892 4188 radam
909 4131 1042 4200 existere,
1066 4127 1257 4199 quodfalsum
1276 4136 1326 4184 eat
1362 4125 1513 4184 Concluda-

156 4233 215 4276 mna
230 4219 317 4290 igitar
334 4235 399 4274 cnm
416 4218 553 4274 communi
571 4225 790 4274 astronomorum
808 4224 837 4274 st
847 4217 1074 4288 philosopherum
1088 4217 1233 4287 sententia,
1252 4217 1364 4272 Terram
1377 4229 1438 4270 asse
1454 4228 1511 4267 enr-

156 4307 197 4362 nis
214 4313 305 4364 notua
323 4304 424 4362 localis
442 4313 591 4375 expertam,
609 4303 701 4362 coelos
713 4313 805 4364 eutem
824 4306 992 4377 ipsasciret
1011 4298 1099 4374 ipsam
1117 4305 1246 4360 continue
1263 4301 1418 4370 mennaei,
1435 4315 1512 4370 praa·

157 4395 247 4450 sertim
265 4395 334 4466 qnia
352 4393 410 4450 bec
427 4409 559 4450 macerae
582 4393 669 4449 multe
687 4393 795 4450 mellina
817 4393 909 4452 omnia
929 4393 1119 4462 phaenomena
1143 4391 1328 4447 defenduntur
1351 4387 1510 4457 nullumque

152 4479 347 4540 inconveniens
365 4479 431 4536 inde
443 4479 627 4549 consequitur.
642 4511 675 4524 -
687 4482 863 4538 Eeceutrieee
882 4487 910 4536 et
922 4479 1059 4552 splcyeloa
1071 4479 1240 4535 necessarios
1253 4493 1314 4534 esee
1326 4475 1391 4531 dicit
1403 4474 1511 4532 clavim

152 4569 186 4626 ad
202 4569 386 4644 explicandae
410 4567 600 4638 apparitiones
621 4569 651 4624 in
669 4570 759 4639 coele,
785 4569 834 4626 sed
858 4585 919 4627 asae
937 4569 1047 4624 omnino
1064 4565 1176 4622 fictitios
1202 4571 1247 4630 „et
1262 4569 1379 4631 pessunt
1394 4561 1512 4618 semesae

150 4673 239 4720 omues
255 4659 325 4718 illae
346 4655 532 4727 apparentiae
547 4653 731 4713 commodiore
748 4656 792 4710 ria
815 4653 937 4727 defendi,
964 4654 1030 4711 lieet
1046 4669 1080 4710 ea
1097 4653 1175 4709 nebia
1194 4651 1283 4707 adhue
1301 4650 1337 4706 sit
1353 4650 1462 4720 lgneta;
1486 4650 1511 4706 si

149 4751 363 4810 commodiorem
380 4744 488 4802 habent
504 4743 575 4800 riam
587 4742 737 4800 aduersarii
748 4742 831 4814 huius
843 4743 967 4810 rationis,
985 4739 1133 4798 exhibeant
1150 4739 1225 4794 illam
1243 4737 1324 4793 nebia
1336 4739 1510 4809 contentique

145 4843 244 4900 mnus
262 4847 294 4898 ct
312 4837 374 4896 illia
392 4845 510 4903 masma
527 4845 639 4902 agamur
657 4829 768 4902 madea-
794 4830 843 4888 Sin
859 4837 953 4888 antem
970 4829 1024 4886 hee
1040 4843 1096 4885 nen
1108 4831 1233 4898 pereunt,
1244 4831 1325 4970 4cate
1338 4825 1511 4896 acquiescere
