<?xml version="1.0" encoding="UTF-8"?>
<!DOCTYPE html PUBLIC "-//W3C//DTD XHTML 1.0 Transitional//EN"
    "http://www.w3.org/TR/xhtml1/DTD/xhtml1-transitional.dtd">
<html xmlns="http://www.w3.org/1999/xhtml" xml:lang="en" lang="en">
 <head>
  <title>
</title>
<meta http-equiv="Content-Type" content="text/html;charset=utf-8" />
  <meta name='ocr-system' content='tesseract 3.04.00' />
  <meta name='ocr-capabilities' content='ocr_page ocr_carea ocr_par ocr_line ocrx_word'/>
</head>
<body>
  <div class='ocr_page' id='page_1' title='image "./joanniskepleria25frisgoog_0022.png"; bbox 0 0 3516 5540; ppageno 0'>
   <div class='ocr_carea' id='block_1_1' title="bbox 419 324 1468 405">
    <p class='ocr_par' dir='ltr' id='par_1_1' title="bbox 419 324 1468 405">
     <span class='ocr_line' id='line_1_1' title="bbox 419 324 1468 405; baseline 0.011 -22"><span class='ocrx_word' id='word_1_1' title='bbox 419 325 594 392; x_wconf 84' lang='lat' dir='ltr'><strong>Snmmariem</strong></span> <span class='ocrx_word' id='word_1_2' title='bbox 612 326 747 386; x_wconf 78' lang='lat' dir='ltr'><strong>Historiae</strong></span> <span class='ocrx_word' id='word_1_3' title='bbox 764 324 955 387; x_wconf 72' lang='lat' dir='ltr'><strong>aeconomiae</strong></span> <span class='ocrx_word' id='word_1_4' title='bbox 972 330 1064 390; x_wconf 87' lang='lat' dir='ltr'><strong>seculo</strong></span> <span class='ocrx_word' id='word_1_5' title='bbox 1083 329 1153 390; x_wconf 82' lang='lat' dir='ltr'><strong>XVI.</strong></span> <span class='ocrx_word' id='word_1_6' title='bbox 1404 331 1468 405; x_wconf 79' lang='lat'><strong>569</strong></span> 
     </span>
    </p>
   </div>
   <div class='ocr_carea' id='block_1_2' title="bbox 34 499 1477 4432">
    <p class='ocr_par' dir='ltr' id='par_1_2' title="bbox 34 499 1477 4432">
     <span class='ocr_line' id='line_1_2' title="bbox 126 499 1470 576; baseline 0.003 -18"><span class='ocrx_word' id='word_1_7' title='bbox 126 499 177 558; x_wconf 84' lang='lat' dir='ltr'><strong>drea</strong></span> <span class='ocrx_word' id='word_1_8' title='bbox 192 499 267 560; x_wconf 79' lang='lat' dir='ltr'><strong>eone</strong></span> <span class='ocrx_word' id='word_1_9' title='bbox 286 509 429 562; x_wconf 87' lang='lat' dir='ltr'><strong>centrum.</strong></span> <span class='ocrx_word' id='word_1_10' title='bbox 467 503 561 575; x_wconf 80' lang='lat' dir='ltr'><strong>Capite</strong></span> <span class='ocrx_word' id='word_1_11' title='bbox 573 505 617 564; x_wconf 81' lang='lat'><strong>16.</strong></span> <span class='ocrx_word' id='word_1_12' title='bbox 635 504 749 575; x_wconf 83' lang='lat' dir='ltr'><strong>inquirit</strong></span> <span class='ocrx_word' id='word_1_13' title='bbox 760 505 936 576; x_wconf 73' lang='lat' dir='ltr'><strong>(iapernicua</strong></span> <span class='ocrx_word' id='word_1_14' title='bbox 955 513 1067 564; x_wconf 87' lang='lat' dir='ltr'><strong>secutus</strong></span> <span class='ocrx_word' id='word_1_15' title='bbox 1079 507 1270 574; x_wconf 75' lang='lat' dir='ltr'>Ptolemaeum,</span> <span class='ocrx_word' id='word_1_16' title='bbox 1290 507 1362 565; x_wconf 81' lang='lat' dir='ltr'><strong>Solis</strong></span> <span class='ocrx_word' id='word_1_17' title='bbox 1374 523 1470 566; x_wconf 88' lang='lat' dir='ltr'><strong>eccen-</strong></span> 
     </span>
     <span class='ocr_line' id='line_1_3' title="bbox 130 591 1468 667; baseline 0.007 -24"><span class='ocrx_word' id='word_1_18' title='bbox 130 591 254 646; x_wconf 86' lang='lat' dir='ltr'><strong>trioitatem</strong></span> <span class='ocrx_word' id='word_1_19' title='bbox 270 592 438 665; x_wconf 78' lang='lat' dir='ltr'><strong>invenitque</strong></span> <span class='ocrx_word' id='word_1_20' title='bbox 457 595 516 663; x_wconf 86' lang='lat' dir='ltr'><strong>ejus</strong></span> <span class='ocrx_word' id='word_1_21' title='bbox 533 593 666 649; x_wconf 90' lang='lat' dir='ltr'><strong>rationem</strong></span> <span class='ocrx_word' id='word_1_22' title='bbox 684 594 719 652; x_wconf 89' lang='lat' dir='ltr'><strong>ad</strong></span> <span class='ocrx_word' id='word_1_23' title='bbox 736 592 894 652; x_wconf 73' lang='lat' dir='ltr'><strong>distantiam</strong></span> <span class='ocrx_word' id='word_1_24' title='bbox 907 611 924 650; x_wconf 89' lang='lat' dir='ltr'><strong>a</strong></span> <span class='ocrx_word' id='word_1_25' title='bbox 936 594 1021 650; x_wconf 85' lang='lat' dir='ltr'><strong>Terra</strong></span> <span class='ocrx_word' id='word_1_26' title='bbox 1038 600 1069 650; x_wconf 90' lang='lat' dir='ltr'><strong>nt</strong></span> <span class='ocrx_word' id='word_1_27' title='bbox 1079 597 1175 663; x_wconf 82' lang='grc'><strong>0,0323</strong></span> <span class='ocrx_word' id='word_1_28' title='bbox 1193 595 1228 652; x_wconf 88' lang='lat' dir='ltr'><strong>ad</strong></span> <span class='ocrx_word' id='word_1_29' title='bbox 1246 598 1277 666; x_wconf 83' lang='lat'><strong>13</strong></span> <span class='ocrx_word' id='word_1_30' title='bbox 1295 597 1386 653; x_wconf 88' lang='lat' dir='ltr'><strong>lecum</strong></span> <span class='ocrx_word' id='word_1_31' title='bbox 1404 612 1468 667; x_wconf 85' lang='lat' dir='ltr'><strong>ape·</strong></span> 
     </span>
     <span class='ocr_line' id='line_1_4' title="bbox 47 679 1468 754; baseline 0.004 -20"><span class='ocrx_word' id='word_1_32' title='bbox 47 712 49 721; x_wconf 68' lang='lat'>=</span> <span class='ocrx_word' id='word_1_33' title='bbox 135 679 179 750; x_wconf 73' lang='lat' dir='ltr'><strong>pei</strong></span> <span class='ocrx_word' id='word_1_34' title='bbox 192 680 268 748; x_wconf 89' lang='lat' dir='ltr'><strong>ponit</strong></span> <span class='ocrx_word' id='word_1_35' title='bbox 285 682 317 736; x_wconf 90' lang='lat' dir='ltr'><strong>in</strong></span> <span class='ocrx_word' id='word_1_36' title='bbox 337 681 369 736; x_wconf 78' lang='grc' dir='ltr'><strong>6ο</strong></span> <span class='ocrx_word' id='word_1_37' title='bbox 386 680 431 739; x_wconf 71' lang='lat'><strong>40⁴</strong></span> <span class='ocrx_word' id='word_1_38' title='bbox 443 687 487 746; x_wconf 62' lang='grc' dir='ltr'><strong>Ξ.</strong></span> <span class='ocrx_word' id='word_1_39' title='bbox 524 682 619 752; x_wconf 84' lang='lat' dir='ltr'><strong>Capite</strong></span> <span class='ocrx_word' id='word_1_40' title='bbox 636 681 682 738; x_wconf 85' lang='lat'><strong>20.</strong></span> <span class='ocrx_word' id='word_1_41' title='bbox 702 682 830 752; x_wconf 80' lang='lat' dir='ltr'><strong>legimus:</strong></span> <span class='ocrx_word' id='word_1_42' title='bbox 859 679 1010 752; x_wconf 83' lang='lat' dir='ltr'><strong>„Equidem</strong></span> <span class='ocrx_word' id='word_1_43' title='bbox 1031 681 1133 751; x_wconf 76' lang='lat' dir='ltr'><strong>fateor,</strong></span> <span class='ocrx_word' id='word_1_44' title='bbox 1159 683 1187 738; x_wconf 92' lang='lat' dir='ltr'><strong>in</strong></span> <span class='ocrx_word' id='word_1_45' title='bbox 1210 683 1288 740; x_wconf 88' lang='lat' dir='ltr'><strong>nulla</strong></span> <span class='ocrx_word' id='word_1_46' title='bbox 1309 689 1388 754; x_wconf 89' lang='lat' dir='ltr'><strong>parte</strong></span> <span class='ocrx_word' id='word_1_47' title='bbox 1406 699 1468 741; x_wconf 86' lang='lat' dir='ltr'><strong>esee</strong></span> 
     </span>
     <span class='ocr_line' id='line_1_5' title="bbox 48 734 1471 867; baseline 0.002 -43"><span class='ocrx_word' id='word_1_48' title='bbox 48 734 54 867; x_wconf 49' lang='lat' dir='ltr'><strong>i</strong></span> <span class='ocrx_word' id='word_1_49' title='bbox 138 771 242 840; x_wconf 77' lang='lat' dir='ltr'><strong>naiman</strong></span> <span class='ocrx_word' id='word_1_50' title='bbox 260 771 468 842; x_wconf 82' lang='lat' dir='ltr'><strong>difficultatem,</strong></span> <span class='ocrx_word' id='word_1_51' title='bbox 487 787 568 842; x_wconf 89' lang='lat' dir='ltr'><strong>qnam</strong></span> <span class='ocrx_word' id='word_1_52' title='bbox 585 769 613 824; x_wconf 91' lang='lat' dir='ltr'><strong>in</strong></span> <span class='ocrx_word' id='word_1_53' title='bbox 630 769 860 840; x_wconf 83' lang='lat' dir='ltr'><strong>apprehendendo</strong></span> <span class='ocrx_word' id='word_1_54' title='bbox 880 769 950 826; x_wconf 83' lang='lat' dir='ltr'><strong>Solis</strong></span> <span class='ocrx_word' id='word_1_55' title='bbox 967 785 1104 841; x_wconf 73' lang='lat' dir='ltr'><strong>upupam,</strong></span> <span class='ocrx_word' id='word_1_56' title='bbox 1129 772 1178 827; x_wconf 89' lang='lat' dir='ltr'><strong>ubi</strong></span> <span class='ocrx_word' id='word_1_57' title='bbox 1193 786 1243 840; x_wconf 87' lang='lat' dir='ltr'><strong>per</strong></span> <span class='ocrx_word' id='word_1_58' title='bbox 1260 771 1370 827; x_wconf 87' lang='lat' dir='ltr'><strong>minima</strong></span> <span class='ocrx_word' id='word_1_59' title='bbox 1389 785 1471 841; x_wconf 87' lang='lat' dir='ltr'><strong>quae·</strong></span> 
     </span>
     <span class='ocr_line' id='line_1_6' title="bbox 49 856 1470 930; baseline 0.002 -17"><span class='ocrx_word' id='word_1_60' title='bbox 49 876 50 883; x_wconf 52' lang='lat'>¹</span> <span class='ocrx_word' id='word_1_61' title='bbox 141 857 186 912; x_wconf 87' lang='lat' dir='ltr'><strong>dan</strong></span> <span class='ocrx_word' id='word_1_62' title='bbox 199 864 226 914; x_wconf 88' lang='lat' dir='ltr'><strong>et</strong></span> <span class='ocrx_word' id='word_1_63' title='bbox 240 857 285 914; x_wconf 80' lang='lat' dir='ltr'><strong>rix</strong></span> <span class='ocrx_word' id='word_1_64' title='bbox 303 858 646 928; x_wconf 76' lang='lat' dir='ltr'><strong>apprehensibiliamagna</strong></span> <span class='ocrx_word' id='word_1_65' title='bbox 663 856 864 926; x_wconf 74' lang='lat' dir='ltr'><strong>ratiocinamur,</strong></span> <span class='ocrx_word' id='word_1_66' title='bbox 882 856 1011 927; x_wconf 87' lang='lat' dir='ltr'><strong>quoniam</strong></span> <span class='ocrx_word' id='word_1_67' title='bbox 1029 858 1102 916; x_wconf 86' lang='lat' dir='ltr'><strong>circe</strong></span> <span class='ocrx_word' id='word_1_68' title='bbox 1112 860 1268 930; x_wconf 80' lang='lat' dir='ltr'><strong>periqaenm</strong></span> <span class='ocrx_word' id='word_1_69' title='bbox 1281 865 1309 914; x_wconf 91' lang='lat' dir='ltr'><strong>et</strong></span> <span class='ocrx_word' id='word_1_70' title='bbox 1321 867 1470 929; x_wconf 73' lang='lat' dir='ltr'><strong>apogaeum</strong></span> 
     </span>
     <span class='ocr_line' id='line_1_7' title="bbox 143 943 1470 1016; baseline 0.002 -18"><span class='ocrx_word' id='word_1_71' title='bbox 143 951 201 1000; x_wconf 84' lang='lat' dir='ltr'><strong>totus</strong></span> <span class='ocrx_word' id='word_1_72' title='bbox 215 943 313 1014; x_wconf 69' lang='lat' dir='ltr'><strong>padua</strong></span> <span class='ocrx_word' id='word_1_73' title='bbox 331 945 387 1001; x_wconf 89' lang='lat' dir='ltr'><strong>dno</strong></span> <span class='ocrx_word' id='word_1_74' title='bbox 406 945 575 1004; x_wconf 86' lang='lat' dir='ltr'><strong>solummodo</strong></span> <span class='ocrx_word' id='word_1_75' title='bbox 593 943 723 1016; x_wconf 75' lang='lat' dir='ltr'><strong>scrupula</strong></span> <span class='ocrx_word' id='word_1_76' title='bbox 740 950 879 1015; x_wconf 87' lang='lat' dir='ltr'><strong>permutat</strong></span> <span class='ocrx_word' id='word_1_77' title='bbox 894 945 922 998; x_wconf 92' lang='lat' dir='ltr'><strong>in</strong></span> <span class='ocrx_word' id='word_1_78' title='bbox 940 944 1188 1015; x_wconf 87' lang='lat' dir='ltr'><strong>proethapiraereei‚</strong></span> <span class='ocrx_word' id='word_1_79' title='bbox 1208 947 1279 1002; x_wconf 87' lang='lat' dir='ltr'><strong>circa</strong></span> <span class='ocrx_word' id='word_1_80' title='bbox 1291 945 1470 1002; x_wconf 72' lang='lat' dir='ltr'><strong>meditarere</strong></span> 
     </span>
     <span class='ocr_line' id='line_1_8' title="bbox 145 1031 1470 1103; baseline -0.001 -16"><span class='ocrx_word' id='word_1_81' title='bbox 145 1031 230 1102; x_wconf 82' lang='lat' dir='ltr'><strong>apsidne</strong></span> <span class='ocrx_word' id='word_1_82' title='bbox 246 1031 295 1088; x_wconf 86' lang='lat' dir='ltr'><strong>aab</strong></span> <span class='ocrx_word' id='word_1_83' title='bbox 314 1049 370 1088; x_wconf 92' lang='lat' dir='ltr'><strong>nno</strong></span> <span class='ocrx_word' id='word_1_84' title='bbox 389 1031 519 1103; x_wconf 84' lang='lat' dir='ltr'><strong>scrupulo</strong></span> <span class='ocrx_word' id='word_1_85' title='bbox 536 1036 552 1090; x_wconf 86' lang='lat'><strong>5</strong></span> <span class='ocrx_word' id='word_1_86' title='bbox 572 1034 615 1090; x_wconf 82' lang='lat' dir='ltr'><strong>vel</strong></span> <span class='ocrx_word' id='word_1_87' title='bbox 633 1035 650 1090; x_wconf 82' lang='grc'><strong>6</strong></span> <span class='ocrx_word' id='word_1_88' title='bbox 668 1033 768 1103; x_wconf 64' lang='lat' dir='ltr'><strong>medua</strong></span> <span class='ocrx_word' id='word_1_89' title='bbox 786 1038 975 1102; x_wconf 87' lang='lat' dir='ltr'><strong>praetereunt,</strong></span> <span class='ocrx_word' id='word_1_90' title='bbox 998 1031 1122 1103; x_wconf 87' lang='lat' dir='ltr'><strong>adeoque</strong></span> <span class='ocrx_word' id='word_1_91' title='bbox 1146 1032 1267 1090; x_wconf 84' lang='lat' dir='ltr'><strong>modicae</strong></span> <span class='ocrx_word' id='word_1_92' title='bbox 1285 1047 1361 1088; x_wconf 88' lang='lat' dir='ltr'><strong>error</strong></span> <span class='ocrx_word' id='word_1_93' title='bbox 1378 1037 1470 1102; x_wconf 88' lang='lat' dir='ltr'><strong>potest</strong></span> 
     </span>
     <span class='ocr_line' id='line_1_9' title="bbox 146 1118 1471 1189; baseline 0.001 -17"><span class='ocrx_word' id='word_1_94' title='bbox 146 1133 191 1174; x_wconf 80' lang='lat' dir='ltr'><strong>aeae</strong></span> <span class='ocrx_word' id='word_1_95' title='bbox 204 1119 229 1174; x_wconf 89' lang='lat' dir='ltr'><strong>in</strong></span> <span class='ocrx_word' id='word_1_96' title='bbox 243 1119 401 1174; x_wconf 88' lang='lat' dir='ltr'><strong>immensum</strong></span> <span class='ocrx_word' id='word_1_97' title='bbox 419 1125 598 1189; x_wconf 75' lang='lat' dir='ltr'><strong>propagare.“</strong></span> <span class='ocrx_word' id='word_1_98' title='bbox 636 1121 724 1189; x_wconf 76' lang='lat' dir='ltr'><strong>Quam</strong></span> <span class='ocrx_word' id='word_1_99' title='bbox 743 1120 778 1176; x_wconf 91' lang='lat' dir='ltr'><strong>eb</strong></span> <span class='ocrx_word' id='word_1_100' title='bbox 796 1134 853 1174; x_wconf 87' lang='lat' dir='ltr'><strong>rem</strong></span> <span class='ocrx_word' id='word_1_101' title='bbox 872 1119 1038 1188; x_wconf 82' lang='lat' dir='ltr'><strong>(iopernicue</strong></span> <span class='ocrx_word' id='word_1_102' title='bbox 1056 1120 1123 1176; x_wconf 88' lang='lat' dir='ltr'><strong>satie</strong></span> <span class='ocrx_word' id='word_1_103' title='bbox 1135 1126 1261 1176; x_wconf 74' lang='lat' dir='ltr'><strong>amurate</strong></span> <span class='ocrx_word' id='word_1_104' title='bbox 1276 1135 1334 1176; x_wconf 88' lang='lat' dir='ltr'><strong>rem</strong></span> <span class='ocrx_word' id='word_1_105' title='bbox 1350 1118 1471 1189; x_wconf 83' lang='lat' dir='ltr'><strong>inquirit,</strong></span> 
     </span>
     <span class='ocr_line' id='line_1_10' title="bbox 148 1205 1472 1278; baseline 0.005 -18"><span class='ocrx_word' id='word_1_106' title='bbox 148 1222 216 1276; x_wconf 84' lang='lat' dir='ltr'><strong>reque</strong></span> <span class='ocrx_word' id='word_1_107' title='bbox 229 1206 311 1262; x_wconf 84' lang='lat' dir='ltr'><strong>solnm</strong></span> <span class='ocrx_word' id='word_1_108' title='bbox 331 1207 535 1274; x_wconf 84' lang='lat' dir='ltr'><strong>,instrumentis</strong></span> <span class='ocrx_word' id='word_1_109' title='bbox 553 1207 728 1278; x_wconf 79' lang='lat' dir='ltr'><strong>horoscopie¹⁴</strong></span> <span class='ocrx_word' id='word_1_110' title='bbox 750 1205 878 1276; x_wconf 74' lang='lat' dir='ltr'><strong>condam,</strong></span> <span class='ocrx_word' id='word_1_111' title='bbox 896 1206 946 1263; x_wconf 86' lang='lat' dir='ltr'><strong>sed</strong></span> <span class='ocrx_word' id='word_1_112' title='bbox 964 1207 1035 1263; x_wconf 84' lang='lat' dir='ltr'><strong>Solis</strong></span> <span class='ocrx_word' id='word_1_113' title='bbox 1054 1207 1135 1262; x_wconf 88' lang='lat' dir='ltr'><strong>etiam</strong></span> <span class='ocrx_word' id='word_1_114' title='bbox 1154 1215 1182 1264; x_wconf 91' lang='lat' dir='ltr'><strong>et</strong></span> <span class='ocrx_word' id='word_1_115' title='bbox 1191 1209 1289 1264; x_wconf 85' lang='lat' dir='ltr'><strong>Lunae</strong></span> <span class='ocrx_word' id='word_1_116' title='bbox 1302 1205 1426 1262; x_wconf 85' lang='lat' dir='ltr'><strong>defectus</strong></span> <span class='ocrx_word' id='word_1_117' title='bbox 1444 1207 1472 1266; x_wconf 88' lang='lat' dir='ltr'><strong>in</strong></span> 
     </span>
     <span class='ocr_line' id='line_1_11' title="bbox 150 1292 1471 1366; baseline 0.002 -19"><span class='ocrx_word' id='word_1_118' title='bbox 150 1292 272 1348; x_wconf 72' lang='lat' dir='ltr'><strong>tabudium</strong></span> <span class='ocrx_word' id='word_1_119' title='bbox 287 1307 390 1348; x_wconf 82' lang='lat' dir='ltr'><strong>vocans</strong></span> <span class='ocrx_word' id='word_1_120' title='bbox 408 1301 437 1350; x_wconf 86' lang='lat' dir='ltr'><strong>et</strong></span> <span class='ocrx_word' id='word_1_121' title='bbox 454 1295 658 1352; x_wconf 86' lang='lat' dir='ltr'><strong>obserraticnee</strong></span> <span class='ocrx_word' id='word_1_122' title='bbox 676 1309 741 1351; x_wconf 88' lang='lat' dir='ltr'><strong>suas</strong></span> <span class='ocrx_word' id='word_1_123' title='bbox 760 1309 821 1348; x_wconf 89' lang='lat' dir='ltr'><strong>cnm</strong></span> <span class='ocrx_word' id='word_1_124' title='bbox 839 1293 1044 1364; x_wconf 86' lang='lat' dir='ltr'><strong>Hipparchieie,</strong></span> <span class='ocrx_word' id='word_1_125' title='bbox 1069 1295 1242 1352; x_wconf 89' lang='lat' dir='ltr'><strong>Ptolemeieis</strong></span> <span class='ocrx_word' id='word_1_126' title='bbox 1266 1295 1380 1366; x_wconf 87' lang='lat' dir='ltr'><strong>aliisque</strong></span> <span class='ocrx_word' id='word_1_127' title='bbox 1399 1310 1471 1350; x_wconf 91' lang='lat' dir='ltr'><strong>com·</strong></span> 
     </span>
     <span class='ocr_line' id='line_1_12' title="bbox 150 1380 1473 1453; baseline 0.001 -17"><span class='ocrx_word' id='word_1_128' title='bbox 150 1395 234 1450; x_wconf 79' lang='lat' dir='ltr'><strong>peronu</strong></span> <span class='ocrx_word' id='word_1_129' title='bbox 261 1381 295 1436; x_wconf 86' lang='lat' dir='ltr'><strong>Ut</strong></span> <span class='ocrx_word' id='word_1_130' title='bbox 312 1380 481 1438; x_wconf 85' lang='lat' dir='ltr'><strong>demonstret</strong></span> <span class='ocrx_word' id='word_1_131' title='bbox 500 1381 663 1449; x_wconf 77' lang='lat' dir='ltr'><strong>„secundam</strong></span> <span class='ocrx_word' id='word_1_132' title='bbox 682 1388 710 1438; x_wconf 90' lang='lat' dir='ltr'><strong>et</strong></span> <span class='ocrx_word' id='word_1_133' title='bbox 722 1381 858 1451; x_wconf 88' lang='lat' dir='ltr'><strong>duplicem</strong></span> <span class='ocrx_word' id='word_1_134' title='bbox 871 1380 1059 1451; x_wconf 80' lang='lat' dir='ltr'><strong>differentiam,</strong></span> <span class='ocrx_word' id='word_1_135' title='bbox 1080 1397 1150 1453; x_wconf 89' lang='lat' dir='ltr'><strong>quae</strong></span> <span class='ocrx_word' id='word_1_136' title='bbox 1168 1383 1241 1440; x_wconf 87' lang='lat' dir='ltr'><strong>eirca</strong></span> <span class='ocrx_word' id='word_1_137' title='bbox 1252 1383 1342 1440; x_wconf 75' lang='lat' dir='ltr'><strong>Solem</strong></span> <span class='ocrx_word' id='word_1_138' title='bbox 1360 1387 1473 1453; x_wconf 86' lang='lat' dir='ltr'><strong>propter</strong></span> 
     </span>
     <span class='ocr_line' id='line_1_13' title="bbox 151 1467 1473 1540; baseline -0.002 -16"><span class='ocrx_word' id='word_1_139' title='bbox 151 1469 249 1538; x_wconf 80' lang='lat' dir='ltr'><strong>aquidum</strong></span> <span class='ocrx_word' id='word_1_140' title='bbox 268 1470 444 1528; x_wconf 88' lang='lat' dir='ltr'><strong>mutationem</strong></span> <span class='ocrx_word' id='word_1_141' title='bbox 469 1470 633 1540; x_wconf 74' lang='lat' dir='ltr'><strong>contingit‘,</strong></span> <span class='ocrx_word' id='word_1_142' title='bbox 657 1469 755 1528; x_wconf 91' lang='lat' dir='ltr'><strong>iterum</strong></span> <span class='ocrx_word' id='word_1_143' title='bbox 777 1469 847 1525; x_wconf 82' lang='lat' dir='ltr'><strong>redit</strong></span> <span class='ocrx_word' id='word_1_144' title='bbox 871 1468 1037 1540; x_wconf 83' lang='lat' dir='ltr'><strong>Oopernieue</strong></span> <span class='ocrx_word' id='word_1_145' title='bbox 1060 1470 1095 1525; x_wconf 89' lang='lat' dir='ltr'><strong>ad</strong></span> <span class='ocrx_word' id='word_1_146' title='bbox 1120 1467 1237 1526; x_wconf 74' lang='lat' dir='ltr'><strong>cuculos</strong></span> <span class='ocrx_word' id='word_1_147' title='bbox 1261 1469 1427 1526; x_wconf 80' lang='lat' dir='ltr'><strong>euocauioos</strong></span> <span class='ocrx_word' id='word_1_148' title='bbox 1444 1473 1473 1522; x_wconf 90' lang='lat' dir='ltr'><strong>et</strong></span> 
     </span>
     <span class='ocr_line' id='line_1_14' title="bbox 151 1557 1472 1628; baseline 0.001 -19"><span class='ocrx_word' id='word_1_149' title='bbox 151 1557 259 1628; x_wconf 75' lang='lat' dir='ltr'><strong>apioqclos</strong></span> <span class='ocrx_word' id='word_1_150' title='bbox 275 1557 431 1615; x_wconf 82' lang='lat' dir='ltr'><strong>Ptolemaei</strong></span> <span class='ocrx_word' id='word_1_151' title='bbox 468 1559 545 1615; x_wconf 84' lang='lat' dir='ltr'><strong>Circa</strong></span> <span class='ocrx_word' id='word_1_152' title='bbox 563 1565 683 1614; x_wconf 90' lang='lat' dir='ltr'><strong>centrum</strong></span> <span class='ocrx_word' id='word_1_153' title='bbox 700 1557 845 1614; x_wconf 86' lang='lat' dir='ltr'><strong>eccentriei</strong></span> <span class='ocrx_word' id='word_1_154' title='bbox 864 1557 1035 1614; x_wconf 74' lang='lat' dir='ltr'><strong>dormitator</strong></span> <span class='ocrx_word' id='word_1_155' title='bbox 1053 1557 1195 1627; x_wconf 88' lang='lat' dir='ltr'><strong>circellue,</strong></span> <span class='ocrx_word' id='word_1_156' title='bbox 1214 1558 1261 1628; x_wconf 89' lang='lat' dir='ltr'><strong>qai</strong></span> <span class='ocrx_word' id='word_1_157' title='bbox 1279 1573 1334 1614; x_wconf 90' lang='lat' dir='ltr'><strong>non</strong></span> <span class='ocrx_word' id='word_1_158' title='bbox 1352 1569 1472 1626; x_wconf 87' lang='lat' dir='ltr'><strong>compre·</strong></span> 
     </span>
     <span class='ocr_line' id='line_1_15' title="bbox 153 1643 1473 1716; baseline -0.003 -16"><span class='ocrx_word' id='word_1_159' title='bbox 153 1643 233 1700; x_wconf 83' lang='lat' dir='ltr'><strong>imdnt</strong></span> <span class='ocrx_word' id='word_1_160' title='bbox 247 1646 345 1716; x_wconf 88' lang='lat' dir='ltr'><strong>Solem;</strong></span> <span class='ocrx_word' id='word_1_161' title='bbox 364 1647 394 1704; x_wconf 91' lang='lat' dir='ltr'><strong>in</strong></span> <span class='ocrx_word' id='word_1_162' title='bbox 412 1646 631 1704; x_wconf 73' lang='lat' dir='ltr'><strong>emeumierentin</strong></span> <span class='ocrx_word' id='word_1_163' title='bbox 648 1645 730 1714; x_wconf 86' lang='lat' dir='ltr'><strong>hujus</strong></span> <span class='ocrx_word' id='word_1_164' title='bbox 749 1643 851 1702; x_wconf 88' lang='lat' dir='ltr'><strong>circeili</strong></span> <span class='ocrx_word' id='word_1_165' title='bbox 868 1650 1010 1700; x_wconf 78' lang='lat' dir='ltr'><strong>moveatur</strong></span> <span class='ocrx_word' id='word_1_166' title='bbox 1027 1652 1149 1700; x_wconf 88' lang='lat' dir='ltr'><strong>centrum</strong></span> <span class='ocrx_word' id='word_1_167' title='bbox 1171 1643 1348 1700; x_wconf 80' lang='lat' dir='ltr'><strong>revolutionis</strong></span> <span class='ocrx_word' id='word_1_168' title='bbox 1366 1659 1473 1699; x_wconf 85' lang='lat' dir='ltr'><strong>annuae</strong></span> 
     </span>
     <span class='ocr_line' id='line_1_16' title="bbox 153 1720 1472 1806; baseline 0.002 -22"><span class='ocrx_word' id='word_1_169' title='bbox 153 1730 217 1786; x_wconf 77' lang='lat' dir='ltr'><strong>unni</strong></span> <span class='ocrx_word' id='word_1_170' title='bbox 232 1733 324 1789; x_wconf 80' lang='lat' dir='ltr'><strong>Terrae</strong></span> <span class='ocrx_word' id='word_1_171' title='bbox 342 1734 370 1788; x_wconf 92' lang='lat' dir='ltr'><strong>in</strong></span> <span class='ocrx_word' id='word_1_172' title='bbox 388 1720 589 1805; x_wconf 84' lang='lat' dir='ltr'><strong>praecedentia,</strong></span> <span class='ocrx_word' id='word_1_173' title='bbox 608 1736 732 1793; x_wconf 88' lang='lat' dir='ltr'><strong>circellue</strong></span> <span class='ocrx_word' id='word_1_174' title='bbox 744 1737 842 1806; x_wconf 88' lang='lat' dir='ltr'><strong>ipsein</strong></span> <span class='ocrx_word' id='word_1_175' title='bbox 855 1735 1060 1804; x_wconf 75' lang='lat' dir='ltr'><strong>consequentia,</strong></span> <span class='ocrx_word' id='word_1_176' title='bbox 1077 1741 1222 1806; x_wconf 84' lang='lat' dir='ltr'><strong>utrumque</strong></span> <span class='ocrx_word' id='word_1_177' title='bbox 1239 1741 1315 1790; x_wconf 92' lang='lat' dir='ltr'><strong>motu</strong></span> <span class='ocrx_word' id='word_1_178' title='bbox 1327 1733 1472 1790; x_wconf 88' lang='lat' dir='ltr'><strong>admodum</strong></span> 
     </span>
     <span class='ocr_line' id='line_1_17' title="bbox 150 1819 1472 1896; baseline 0.002 -23"><span class='ocrx_word' id='word_1_179' title='bbox 150 1819 218 1874; x_wconf 83' lang='lat' dir='ltr'><strong>urdo.</strong></span> <span class='ocrx_word' id='word_1_180' title='bbox 245 1821 413 1885; x_wconf 78' lang='lat' dir='ltr'><strong>,Invenietur</strong></span> <span class='ocrx_word' id='word_1_181' title='bbox 429 1820 578 1891; x_wconf 85' lang='lat' dir='ltr'><strong>aliquando</strong></span> <span class='ocrx_word' id='word_1_182' title='bbox 595 1823 685 1893; x_wconf 90' lang='lat' dir='ltr'><strong>ipsum</strong></span> <span class='ocrx_word' id='word_1_183' title='bbox 702 1829 825 1896; x_wconf 84' lang='lat' dir='ltr'><strong>centrum</strong></span> <span class='ocrx_word' id='word_1_184' title='bbox 844 1823 918 1881; x_wconf 84' lang='lat' dir='ltr'><strong>orbis</strong></span> <span class='ocrx_word' id='word_1_185' title='bbox 936 1824 1019 1880; x_wconf 76' lang='lat' dir='ltr'><strong>annm</strong></span> <span class='ocrx_word' id='word_1_186' title='bbox 1036 1824 1065 1879; x_wconf 90' lang='lat' dir='ltr'><strong>in</strong></span> <span class='ocrx_word' id='word_1_187' title='bbox 1082 1823 1199 1879; x_wconf 87' lang='lat' dir='ltr'><strong>maxima</strong></span> <span class='ocrx_word' id='word_1_188' title='bbox 1217 1822 1347 1878; x_wconf 88' lang='lat' dir='ltr'><strong>distentia</strong></span> <span class='ocrx_word' id='word_1_189' title='bbox 1365 1837 1381 1876; x_wconf 88' lang='lat' dir='ltr'><strong>a</strong></span> <span class='ocrx_word' id='word_1_190' title='bbox 1400 1820 1472 1890; x_wconf 81' lang='lat' dir='ltr'><strong>Sole,</strong></span> 
     </span>
     <span class='ocr_line' id='line_1_18' title="bbox 152 1904 1472 1980; baseline 0.001 -20"><span class='ocrx_word' id='word_1_191' title='bbox 152 1904 269 1976; x_wconf 84' lang='lat' dir='ltr'><strong>aliqnando</strong></span> <span class='ocrx_word' id='word_1_192' title='bbox 286 1911 314 1964; x_wconf 92' lang='lat' dir='ltr'><strong>in</strong></span> <span class='ocrx_word' id='word_1_193' title='bbox 330 1909 452 1979; x_wconf 87' lang='lat' dir='ltr'><strong>minima,</strong></span> <span class='ocrx_word' id='word_1_194' title='bbox 469 1918 496 1966; x_wconf 91' lang='lat' dir='ltr'><strong>et</strong></span> <span class='ocrx_word' id='word_1_195' title='bbox 514 1909 571 1968; x_wconf 85' lang='lat' dir='ltr'><strong>illic</strong></span> <span class='ocrx_word' id='word_1_196' title='bbox 587 1911 616 1968; x_wconf 85' lang='lat' dir='ltr'><strong>in</strong></span> <span class='ocrx_word' id='word_1_197' title='bbox 634 1910 755 1968; x_wconf 87' lang='lat' dir='ltr'><strong>tardiore</strong></span> <span class='ocrx_word' id='word_1_198' title='bbox 772 1915 856 1978; x_wconf 83' lang='lat' dir='ltr'><strong>moin,</strong></span> <span class='ocrx_word' id='word_1_199' title='bbox 875 1911 920 1968; x_wconf 88' lang='lat' dir='ltr'><strong>hio</strong></span> <span class='ocrx_word' id='word_1_200' title='bbox 937 1912 966 1968; x_wconf 92' lang='lat' dir='ltr'><strong>in</strong></span> <span class='ocrx_word' id='word_1_201' title='bbox 984 1913 1129 1980; x_wconf 83' lang='lat' dir='ltr'><strong>velociore,</strong></span> <span class='ocrx_word' id='word_1_202' title='bbox 1148 1929 1180 1968; x_wconf 89' lang='lat' dir='ltr'><strong>ac</strong></span> <span class='ocrx_word' id='word_1_203' title='bbox 1198 1913 1227 1966; x_wconf 90' lang='lat' dir='ltr'><strong>in</strong></span> <span class='ocrx_word' id='word_1_204' title='bbox 1244 1910 1339 1966; x_wconf 89' lang='lat' dir='ltr'><strong>mediis</strong></span> <span class='ocrx_word' id='word_1_205' title='bbox 1358 1908 1472 1966; x_wconf 87' lang='lat' dir='ltr'><strong>orbiculi</strong></span> 
     </span>
     <span class='ocr_line' id='line_1_19' title="bbox 151 1995 1473 2068; baseline 0.001 -19"><span class='ocrx_word' id='word_1_206' title='bbox 151 1995 272 2051; x_wconf 74' lang='lat' dir='ltr'><strong>uminis</strong></span> <span class='ocrx_word' id='word_1_207' title='bbox 288 2011 444 2054; x_wconf 80' lang='lat' dir='ltr'><strong>accrescere</strong></span> <span class='ocrx_word' id='word_1_208' title='bbox 461 2005 489 2055; x_wconf 89' lang='lat' dir='ltr'><strong>et</strong></span> <span class='ocrx_word' id='word_1_209' title='bbox 507 1999 665 2056; x_wconf 79' lang='lat' dir='ltr'><strong>dementare</strong></span> <span class='ocrx_word' id='word_1_210' title='bbox 681 1998 747 2054; x_wconf 83' lang='lat' dir='ltr'><strong>tacit</strong></span> <span class='ocrx_word' id='word_1_211' title='bbox 763 1997 838 2054; x_wconf 88' lang='lat' dir='ltr'><strong>illem</strong></span> <span class='ocrx_word' id='word_1_212' title='bbox 857 1999 1012 2056; x_wconf 86' lang='lat' dir='ltr'><strong>distantiam</strong></span> <span class='ocrx_word' id='word_1_213' title='bbox 1026 2005 1181 2056; x_wconf 83' lang='lat' dir='ltr'><strong>ceutronum</strong></span> <span class='ocrx_word' id='word_1_214' title='bbox 1194 2013 1254 2054; x_wconf 90' lang='lat' dir='ltr'><strong>cum</strong></span> <span class='ocrx_word' id='word_1_215' title='bbox 1266 2005 1389 2068; x_wconf 90' lang='lat' dir='ltr'><strong>tempore</strong></span> <span class='ocrx_word' id='word_1_216' title='bbox 1402 2012 1473 2052; x_wconf 85' lang='lat' dir='ltr'><strong>sum·</strong></span> 
     </span>
     <span class='ocr_line' id='line_1_20' title="bbox 152 2082 1473 2158; baseline 0.002 -23"><span class='ocrx_word' id='word_1_217' title='bbox 152 2094 249 2152; x_wconf 83' lang='lat' dir='ltr'><strong>nmque</strong></span> <span class='ocrx_word' id='word_1_218' title='bbox 264 2082 382 2153; x_wconf 87' lang='lat' dir='ltr'><strong>apsidem</strong></span> <span class='ocrx_word' id='word_1_219' title='bbox 404 2086 570 2155; x_wconf 86' lang='lat' dir='ltr'><strong>praeoedere</strong></span> <span class='ocrx_word' id='word_1_220' title='bbox 588 2101 621 2144; x_wconf 88' lang='lat' dir='ltr'><strong>ac</strong></span> <span class='ocrx_word' id='word_1_221' title='bbox 639 2086 792 2144; x_wconf 80' lang='lat' dir='ltr'><strong>alternatim</strong></span> <span class='ocrx_word' id='word_1_222' title='bbox 810 2087 888 2158; x_wconf 88' lang='lat' dir='ltr'><strong>aequi</strong></span> <span class='ocrx_word' id='word_1_223' title='bbox 906 2102 966 2144; x_wconf 89' lang='lat' dir='ltr'><strong>eam</strong></span> <span class='ocrx_word' id='word_1_224' title='bbox 984 2086 1121 2158; x_wconf 84' lang='lat' dir='ltr'><strong>apsidem,</strong></span> <span class='ocrx_word' id='word_1_225' title='bbox 1140 2088 1197 2143; x_wconf 82' lang='lat' dir='ltr'><strong>sive</strong></span> <span class='ocrx_word' id='word_1_226' title='bbox 1214 2100 1380 2158; x_wconf 74' lang='lat' dir='ltr'><strong>apogaeum,</strong></span> <span class='ocrx_word' id='word_1_227' title='bbox 1400 2082 1473 2154; x_wconf 92' lang='lat' dir='ltr'><strong>quod</strong></span> 
     </span>
     <span class='ocr_line' id='line_1_21' title="bbox 151 2169 484 2244; baseline 0.012 -22"><span class='ocrx_word' id='word_1_228' title='bbox 151 2173 183 2222; x_wconf 83' lang='lat' dir='ltr'><strong>eet</strong></span> <span class='ocrx_word' id='word_1_229' title='bbox 198 2169 241 2225; x_wconf 85' lang='lat' dir='ltr'><strong>aui</strong></span> <span class='ocrx_word' id='word_1_230' title='bbox 258 2170 327 2226; x_wconf 88' lang='lat' dir='ltr'><strong>linea</strong></span> <span class='ocrx_word' id='word_1_231' title='bbox 349 2172 484 2244; x_wconf 79' lang='lat' dir='ltr'><strong>apsidum,</strong></span> 
     </span>
     <span class='ocr_line' id='line_1_22' title="bbox 151 2258 483 2324; baseline 0.018 -14"><span class='ocrx_word' id='word_1_232' title='bbox 151 2258 372 2324; x_wconf 79' lang='lat' dir='ltr'><strong>tarquammediom</strong></span> <span class='ocrx_word' id='word_1_233' title='bbox 379 2259 483 2316; x_wconf 73' lang='lat' dir='ltr'><strong>madn-</strong></span> 
     </span>
     <span class='ocr_line' id='line_1_23' title="bbox 151 2343 482 2417; baseline 0.015 -19"><span class='ocrx_word' id='word_1_234' title='bbox 151 2343 200 2408; x_wconf 66' lang='lat' dir='ltr'><strong>riti</strong></span> <span class='ocrx_word' id='word_1_235' title='bbox 228 2344 274 2400; x_wconf 85' lang='lat' dir='ltr'><strong>Per</strong></span> <span class='ocrx_word' id='word_1_236' title='bbox 295 2346 410 2416; x_wconf 83' lang='lat' dir='ltr'><strong>epinycii</strong></span> <span class='ocrx_word' id='word_1_237' title='bbox 427 2347 482 2417; x_wconf 91' lang='lat' dir='ltr'><strong>epi·</strong></span> 
     </span>
     <span class='ocr_line' id='line_1_24' title="bbox 151 2430 484 2498; baseline 0.021 -14"><span class='ocrx_word' id='word_1_238' title='bbox 151 2430 232 2498; x_wconf 74' lang='lat' dir='ltr'><strong>rqclnm</strong></span> <span class='ocrx_word' id='word_1_239' title='bbox 251 2432 288 2488; x_wconf 85' lang='lat' dir='ltr'><strong>aie</strong></span> <span class='ocrx_word' id='word_1_240' title='bbox 313 2433 484 2490; x_wconf 80' lang='lat' dir='ltr'><strong>demonstrat</strong></span> 
     </span>
     <span class='ocr_line' id='line_1_25' title="bbox 150 2517 482 2590; baseline 0.015 -19"><span class='ocrx_word' id='word_1_241' title='bbox 150 2517 284 2588; x_wconf 81' lang='lat' dir='ltr'><strong>topernicne</strong></span> <span class='ocrx_word' id='word_1_242' title='bbox 295 2521 409 2590; x_wconf 76' lang='lat' dir='ltr'><strong>apogaei</strong></span> <span class='ocrx_word' id='word_1_243' title='bbox 425 2537 482 2576; x_wconf 89' lang='lat' dir='ltr'><strong>mo-</strong></span> 
     </span>
     <span class='ocr_line' id='line_1_26' title="bbox 150 2606 482 2673; baseline 0.015 -14"><span class='ocrx_word' id='word_1_244' title='bbox 150 2611 205 2660; x_wconf 85' lang='lat' dir='ltr'><strong>tum:</strong></span> <span class='ocrx_word' id='word_1_245' title='bbox 217 2606 266 2673; x_wconf 80' lang='lat' dir='ltr'><strong>,tit</strong></span> <span class='ocrx_word' id='word_1_246' title='bbox 274 2607 482 2666; x_wconf 83' lang='lat' dir='ltr'><strong>mnndcanSoli</strong></span> 
     </span>
     <span class='ocr_line' id='line_1_27' title="bbox 150 2691 482 2764; baseline 0.021 -19"><span class='ocrx_word' id='word_1_247' title='bbox 150 2691 310 2752; x_wconf 81' lang='lat' dir='ltr'><strong>homooentroe</strong></span> <span class='ocrx_word' id='word_1_248' title='bbox 333 2696 394 2764; x_wconf 85' lang='grc' dir='ltr'><strong>ΔΒ,</strong></span> <span class='ocrx_word' id='word_1_249' title='bbox 419 2710 482 2752; x_wconf 85' lang='lat' dir='ltr'><strong>oen·</strong></span> 
     </span>
     <span class='ocr_line' id='line_1_28' title="bbox 149 2782 481 2851; baseline 0.015 -17"><span class='ocrx_word' id='word_1_250' title='bbox 149 2783 204 2834; x_wconf 73' lang='lat' dir='ltr'><strong>tun</strong></span> <span class='ocrx_word' id='word_1_251' title='bbox 218 2782 243 2851; x_wconf 84' lang='lat' dir='ltr'><strong>c,</strong></span> <span class='ocrx_word' id='word_1_252' title='bbox 264 2791 291 2840; x_wconf 87' lang='lat' dir='ltr'><strong>et</strong></span> <span class='ocrx_word' id='word_1_253' title='bbox 311 2782 384 2840; x_wconf 83' lang='lat' dir='ltr'><strong>iacto</strong></span> <span class='ocrx_word' id='word_1_254' title='bbox 409 2783 481 2840; x_wconf 78' lang='lat' dir='ltr'><strong>ind</strong></span> 
     </span>
     <span class='ocr_line' id='line_1_29' title="bbox 150 2865 484 2942; baseline 0.021 -20"><span class='ocrx_word' id='word_1_255' title='bbox 150 2873 222 2922; x_wconf 79' lang='lat' dir='ltr'><strong>centro</strong></span> <span class='ocrx_word' id='word_1_256' title='bbox 235 2870 365 2942; x_wconf 74' lang='lat' dir='ltr'><strong>epicyelua</strong></span> <span class='ocrx_word' id='word_1_257' title='bbox 384 2865 484 2928; x_wconf 83' lang='lat' dir='ltr'><strong>deseri·</strong></span> 
     </span>
     <span class='ocr_line' id='line_1_30' title="bbox 151 2951 483 3024; baseline 0.009 -13"><span class='ocrx_word' id='word_1_258' title='bbox 151 2951 270 3024; x_wconf 66' lang='lat' dir='ltr'><strong>temne</strong></span> <span class='ocrx_word' id='word_1_259' title='bbox 291 2975 324 3014; x_wconf 88' lang='lat' dir='ltr'><strong>ac</strong></span> <span class='ocrx_word' id='word_1_260' title='bbox 340 2975 437 3016; x_wconf 88' lang='lat' dir='ltr'><strong>rursus</strong></span> <span class='ocrx_word' id='word_1_261' title='bbox 454 2959 483 3014; x_wconf 91' lang='lat' dir='ltr'><strong>in</strong></span> 
     </span>
     <span class='ocr_line' id='line_1_31' title="bbox 151 3039 482 3118; baseline 0.012 -19"><span class='ocrx_word' id='word_1_262' title='bbox 151 3039 249 3099; x_wconf 79' lang='lat' dir='ltr'><strong>Brenno</strong></span> <span class='ocrx_word' id='word_1_263' title='bbox 258 3045 415 3118; x_wconf 79' lang='lat' dir='ltr'><strong>epinyclium</strong></span> <span class='ocrx_word' id='word_1_264' title='bbox 424 3047 482 3116; x_wconf 83' lang='lat' dir='ltr'><strong>FG,</strong></span> 
     </span>
     <span class='ocr_line' id='line_1_32' title="bbox 150 3126 482 3204; baseline 0.018 -20"><span class='ocrx_word' id='word_1_265' title='bbox 150 3126 172 3184; x_wconf 86' lang='lat' dir='ltr'><strong>in</strong></span> <span class='ocrx_word' id='word_1_266' title='bbox 189 3147 232 3200; x_wconf 89' lang='lat' dir='ltr'><strong>quo</strong></span> <span class='ocrx_word' id='word_1_267' title='bbox 247 3131 327 3189; x_wconf 84' lang='lat' dir='ltr'><strong>Terra</strong></span> <span class='ocrx_word' id='word_1_268' title='bbox 349 3141 482 3204; x_wconf 87' lang='lat' dir='ltr'><strong>rersetar,</strong></span> 
     </span>
     <span class='ocr_line' id='line_1_33' title="bbox 149 3217 481 3290; baseline 0.012 -18"><span class='ocrx_word' id='word_1_269' title='bbox 149 3217 220 3274; x_wconf 83' lang='lat' dir='ltr'><strong>onnia</strong></span> <span class='ocrx_word' id='word_1_270' title='bbox 234 3221 259 3275; x_wconf 90' lang='lat' dir='ltr'><strong>in</strong></span> <span class='ocrx_word' id='word_1_271' title='bbox 274 3220 355 3290; x_wconf 85' lang='lat' dir='ltr'><strong>plano</strong></span> <span class='ocrx_word' id='word_1_272' title='bbox 367 3221 481 3277; x_wconf 78' lang='lat' dir='ltr'><strong>zodiaci.</strong></span> 
     </span>
     <span class='ocr_line' id='line_1_34' title="bbox 149 3302 482 3377; baseline 0.021 -20"><span class='ocrx_word' id='word_1_273' title='bbox 149 3302 182 3358; x_wconf 82' lang='lat' dir='ltr'><strong>so</strong></span> <span class='ocrx_word' id='word_1_274' title='bbox 191 3306 289 3377; x_wconf 76' lang='lat' dir='ltr'><strong>epieqdi</strong></span> <span class='ocrx_word' id='word_1_275' title='bbox 300 3308 379 3377; x_wconf 86' lang='lat' dir='ltr'><strong>primi</strong></span> <span class='ocrx_word' id='word_1_276' title='bbox 391 3315 482 3364; x_wconf 86' lang='lat' dir='ltr'><strong>motae</strong></span> 
     </span>
     <span class='ocr_line' id='line_1_35' title="bbox 146 3391 481 3452; baseline 0.024 -7"><span class='ocrx_word' id='word_1_277' title='bbox 146 3391 347 3452; x_wconf 76' lang='lat' dir='ltr'><strong>nenecedentia</strong></span> <span class='ocrx_word' id='word_1_278' title='bbox 372 3411 406 3452; x_wconf 88' lang='lat' dir='ltr'><strong>ec</strong></span> <span class='ocrx_word' id='word_1_279' title='bbox 432 3412 481 3452; x_wconf 83' lang='lat' dir='ltr'><strong>an·</strong></span> 
     </span>
     <span class='ocr_line' id='line_1_36' title="bbox 145 3480 481 3552; baseline 0.015 -19"><span class='ocrx_word' id='word_1_280' title='bbox 145 3494 205 3534; x_wconf 84' lang='lat' dir='ltr'><strong>nune</strong></span> <span class='ocrx_word' id='word_1_281' title='bbox 222 3480 286 3552; x_wconf 85' lang='lat' dir='ltr'><strong>fere,</strong></span> <span class='ocrx_word' id='word_1_282' title='bbox 315 3483 430 3540; x_wconf 84' lang='lat' dir='ltr'><strong>secundi</strong></span> <span class='ocrx_word' id='word_1_283' title='bbox 455 3483 481 3538; x_wconf 88' lang='lat' dir='ltr'>D</span> 
     </span>
     <span class='ocr_line' id='line_1_37' title="bbox 143 3565 481 3631; baseline 0.015 -10"><span class='ocrx_word' id='word_1_284' title='bbox 143 3565 248 3623; x_wconf 80' lang='lat' dir='ltr'><strong>similiter</strong></span> <span class='ocrx_word' id='word_1_285' title='bbox 262 3585 373 3631; x_wconf 84' lang='lat' dir='ltr'><strong>annuus.</strong></span> <span class='ocrx_word' id='word_1_286' title='bbox 391 3571 440 3627; x_wconf 86' lang='lat' dir='ltr'><strong>aed</strong></span> <span class='ocrx_word' id='word_1_287' title='bbox 452 3570 481 3626; x_wconf 90' lang='lat' dir='ltr'><strong>in</strong></span> 
     </span>
     <span class='ocr_line' id='line_1_38' title="bbox 141 3655 482 3722; baseline 0.012 -11"><span class='ocrx_word' id='word_1_288' title='bbox 141 3655 316 3722; x_wconf 69' lang='lat' dir='ltr'><strong>praecedentia,</strong></span> <span class='ocrx_word' id='word_1_289' title='bbox 327 3658 482 3714; x_wconf 85' lang='lat' dir='ltr'><strong>amborum·</strong></span> 
     </span>
     <span class='ocr_line' id='line_1_39' title="bbox 140 3743 481 3816; baseline 0.015 -19"><span class='ocrx_word' id='word_1_290' title='bbox 140 3757 187 3810; x_wconf 88' lang='lat' dir='ltr'><strong>que</strong></span> <span class='ocrx_word' id='word_1_291' title='bbox 197 3743 227 3798; x_wconf 86' lang='lat' dir='ltr'><strong>ad</strong></span> <span class='ocrx_word' id='word_1_292' title='bbox 234 3745 276 3801; x_wconf 78' lang='lat' dir='ltr'><strong>AG</strong></span> <span class='ocrx_word' id='word_1_293' title='bbox 287 3745 385 3802; x_wconf 86' lang='lat' dir='ltr'><strong>lineam</strong></span> <span class='ocrx_word' id='word_1_294' title='bbox 400 3761 481 3816; x_wconf 88' lang='lat' dir='ltr'><strong>parea</strong></span> 
     </span>
     <span class='ocr_line' id='line_1_40' title="bbox 138 3831 481 3892; baseline 0.017 -8"><span class='ocrx_word' id='word_1_295' title='bbox 138 3831 187 3885; x_wconf 86' lang='lat' dir='ltr'><strong>rint</strong></span> <span class='ocrx_word' id='word_1_296' title='bbox 203 3833 383 3892; x_wconf 73' lang='lat' dir='ltr'><strong>resolutiones.</strong></span> <span class='ocrx_word' id='word_1_297' title='bbox 410 3833 481 3890; x_wconf 86' lang='lat' dir='ltr'><strong>Rur-</strong></span> 
     </span>
     <span class='ocr_line' id='line_1_41' title="bbox 136 3921 481 3978; baseline 0.012 -6"><span class='ocrx_word' id='word_1_298' title='bbox 136 3933 179 3973; x_wconf 87' lang='lat' dir='ltr'><strong>sus</strong></span> <span class='ocrx_word' id='word_1_299' title='bbox 196 3927 306 3978; x_wconf 83' lang='lat' dir='ltr'><strong>eentrum</strong></span> <span class='ocrx_word' id='word_1_300' title='bbox 324 3921 427 3978; x_wconf 85' lang='lat' dir='ltr'><strong>Terrae</strong></span> <span class='ocrx_word' id='word_1_301' title='bbox 446 3937 481 3976; x_wconf 88' lang='lat' dir='ltr'><strong>ex</strong></span> 
     </span>
     <span class='ocr_line' id='line_1_42' title="bbox 34 4007 484 4085; baseline 0.007 -25"><span class='ocrx_word' id='word_1_302' title='bbox 34 4025 36 4085; x_wconf 55' lang='lat'><strong>,1</strong></span> <span class='ocrx_word' id='word_1_303' title='bbox 136 4007 192 4060; x_wconf 83' lang='lat' dir='ltr'><strong>Firr</strong></span> <span class='ocrx_word' id='word_1_304' title='bbox 202 4008 382 4078; x_wconf 74' lang='lat' dir='ltr'><strong>pmeeedentia</strong></span> <span class='ocrx_word' id='word_1_305' title='bbox 399 4009 484 4064; x_wconf 83' lang='lat' dir='ltr'><strong>addet</strong></span> 
     </span>
     <span class='ocr_line' id='line_1_43' title="bbox 134 4096 481 4168; baseline 0.006 -18"><span class='ocrx_word' id='word_1_306' title='bbox 134 4111 265 4166; x_wconf 77' lang='lat' dir='ltr'><strong>pernmper</strong></span> <span class='ocrx_word' id='word_1_307' title='bbox 282 4096 335 4168; x_wconf 82' lang='lat' dir='ltr'><strong>ipsi</strong></span> <span class='ocrx_word' id='word_1_308' title='bbox 358 4097 393 4152; x_wconf 90' lang='lat' dir='ltr'><strong>D.</strong></span> <span class='ocrx_word' id='word_1_309' title='bbox 437 4097 481 4152; x_wconf 84' lang='lat' dir='ltr'><strong>Ex</strong></span> 
     </span>
     <span class='ocr_line' id='line_1_44' title="bbox 134 4180 481 4255; baseline 0.006 -18"><span class='ocrx_word' id='word_1_310' title='bbox 134 4180 347 4240; x_wconf 72' lang='lat' dir='ltr'><strong>immanifestum</strong></span> <span class='ocrx_word' id='word_1_311' title='bbox 354 4185 481 4255; x_wconf 54' lang='lat' dir='ltr'><strong>estquod</strong></span> 
     </span>
     <span class='ocr_line' id='line_1_45' title="bbox 134 4259 480 4342; baseline 0.006 -18"><span class='ocrx_word' id='word_1_312' title='bbox 134 4285 187 4324; x_wconf 87' lang='lat' dir='ltr'><strong>rum</strong></span> <span class='ocrx_word' id='word_1_313' title='bbox 203 4259 282 4327; x_wconf 69' lang='lat' dir='ltr'><strong>terra</strong></span> <span class='ocrx_word' id='word_1_314' title='bbox 302 4271 385 4327; x_wconf 79' lang='lat' dir='ltr'><strong>inerit</strong></span> <span class='ocrx_word' id='word_1_315' title='bbox 402 4271 431 4326; x_wconf 93' lang='lat' dir='ltr'><strong>in</strong></span> <span class='ocrx_word' id='word_1_316' title='bbox 448 4271 480 4342; x_wconf 85' lang='lat' dir='ltr'><strong>F,</strong></span> 
     </span>
     <span class='ocr_line' id='line_1_46' title="bbox 134 4355 1477 4432; baseline -0.003 -18"><span class='ocrx_word' id='word_1_317' title='bbox 134 4359 265 4416; x_wconf 78' lang='lat' dir='ltr'><strong>maxinme</strong></span> <span class='ocrx_word' id='word_1_318' title='bbox 287 4359 391 4416; x_wconf 85' lang='lat' dir='ltr'><strong>eitieiet</strong></span> <span class='ocrx_word' id='word_1_319' title='bbox 409 4358 481 4415; x_wconf 87' lang='lat' dir='ltr'><strong>Solis</strong></span> <span class='ocrx_word' id='word_1_320' title='bbox 504 4375 670 4432; x_wconf 77' lang='lat' dir='ltr'><strong>apogaeum,</strong></span> <span class='ocrx_word' id='word_1_321' title='bbox 692 4363 720 4417; x_wconf 91' lang='lat' dir='ltr'><strong>in</strong></span> <span class='ocrx_word' id='word_1_322' title='bbox 740 4359 764 4414; x_wconf 80' lang='lat' dir='ltr'><strong>(i</strong></span> <span class='ocrx_word' id='word_1_323' title='bbox 781 4361 934 4432; x_wconf 89' lang='lat' dir='ltr'><strong>minimum,</strong></span> <span class='ocrx_word' id='word_1_324' title='bbox 959 4361 987 4415; x_wconf 91' lang='lat' dir='ltr'><strong>in</strong></span> <span class='ocrx_word' id='word_1_325' title='bbox 1012 4360 1110 4418; x_wconf 86' lang='lat' dir='ltr'><strong>mediis</strong></span> <span class='ocrx_word' id='word_1_326' title='bbox 1136 4368 1227 4418; x_wconf 86' lang='lat' dir='ltr'><strong>autem</strong></span> <span class='ocrx_word' id='word_1_327' title='bbox 1253 4355 1477 4415; x_wconf 80' lang='lat' dir='ltr'><strong>circumferentiis</strong></span> 
     </span>
    </p>
   </div>
   <div class='ocr_carea' id='block_1_3' title="bbox 125 4443 1530 4870">
    <p class='ocr_par' dir='ltr' id='par_1_3' title="bbox 125 4443 1530 4870">
     <span class='ocr_line' id='line_1_47' title="bbox 130 4443 1530 4519; baseline -0.004 -17"><span class='ocrx_word' id='word_1_328' title='bbox 130 4446 207 4514; x_wconf 76' lang='lat' dir='ltr'><strong>ipsius</strong></span> <span class='ocrx_word' id='word_1_329' title='bbox 223 4447 268 4502; x_wconf 85' lang='lat' dir='ltr'><strong>FG</strong></span> <span class='ocrx_word' id='word_1_330' title='bbox 286 4447 372 4504; x_wconf 79' lang='lat' dir='ltr'><strong>reciet</strong></span> <span class='ocrx_word' id='word_1_331' title='bbox 389 4446 480 4516; x_wconf 87' lang='lat' dir='ltr'><strong>ipsum</strong></span> <span class='ocrx_word' id='word_1_332' title='bbox 498 4463 649 4519; x_wconf 74' lang='lat' dir='ltr'><strong>apogaeum</strong></span> <span class='ocrx_word' id='word_1_333' title='bbox 666 4449 833 4519; x_wconf 89' lang='lat' dir='ltr'><strong>praecedere</strong></span> <span class='ocrx_word' id='word_1_334' title='bbox 850 4447 894 4504; x_wconf 83' lang='lat' dir='ltr'><strong>rel</strong></span> <span class='ocrx_word' id='word_1_335' title='bbox 912 4447 1005 4517; x_wconf 87' lang='lat' dir='ltr'><strong>nequi,</strong></span> <span class='ocrx_word' id='word_1_336' title='bbox 1031 4456 1143 4504; x_wconf 89' lang='lat' dir='ltr'><strong>auctum</strong></span> <span class='ocrx_word' id='word_1_337' title='bbox 1161 4449 1368 4512; x_wconf 78' lang='lat' dir='ltr'><strong>diminutnmre,</strong></span> <span class='ocrx_word' id='word_1_338' title='bbox 1387 4443 1476 4512; x_wconf 83' lang='lat' dir='ltr'><strong>majus</strong></span> <span class='ocrx_word' id='word_1_339' title='bbox 1526 4481 1530 4488; x_wconf 80' lang='lat'><strong>·</strong></span> 
     </span>
     <span class='ocr_line' id='line_1_48' title="bbox 129 4531 1477 4606; baseline -0.003 -18"><span class='ocrx_word' id='word_1_340' title='bbox 129 4541 171 4590; x_wconf 83' lang='lat' dir='ltr'><strong>aot</strong></span> <span class='ocrx_word' id='word_1_341' title='bbox 187 4535 275 4600; x_wconf 86' lang='lat' dir='ltr'><strong>miens,</strong></span> <span class='ocrx_word' id='word_1_342' title='bbox 293 4544 322 4592; x_wconf 92' lang='lat' dir='ltr'><strong>et</strong></span> <span class='ocrx_word' id='word_1_343' title='bbox 340 4535 382 4590; x_wconf 89' lang='lat' dir='ltr'><strong>eie</strong></span> <span class='ocrx_word' id='word_1_344' title='bbox 401 4541 503 4592; x_wconf 90' lang='lat' dir='ltr'><strong>motum</strong></span> <span class='ocrx_word' id='word_1_345' title='bbox 521 4549 655 4605; x_wconf 82' lang='lat' dir='ltr'><strong>apparere</strong></span> <span class='ocrx_word' id='word_1_346' title='bbox 674 4536 818 4595; x_wconf 83' lang='lat' dir='ltr'><strong>diversum.</strong></span> <span class='ocrx_word' id='word_1_347' title='bbox 849 4535 980 4606; x_wconf 83' lang='lat' dir='ltr'><strong>Cupietur</strong></span> <span class='ocrx_word' id='word_1_348' title='bbox 998 4543 1091 4590; x_wconf 73' lang='lat' dir='ltr'><strong>numm</strong></span> <span class='ocrx_word' id='word_1_349' title='bbox 1109 4535 1147 4590; x_wconf 84' lang='lat' dir='ltr'><strong>AI</strong></span> <span class='ocrx_word' id='word_1_350' title='bbox 1166 4531 1385 4590; x_wconf 85' lang='lat' dir='ltr'><strong>circumferentia</strong></span> <span class='ocrx_word' id='word_1_351' title='bbox 1402 4538 1431 4586; x_wconf 88' lang='lat' dir='ltr'><strong>et</strong></span> <span class='ocrx_word' id='word_1_352' title='bbox 1447 4531 1477 4584; x_wconf 89' lang='lat' dir='ltr'><strong>in</strong></span> 
     </span>
     <span class='ocr_line' id='line_1_49' title="bbox 129 4617 1475 4694; baseline -0.002 -16"><span class='ocrx_word' id='word_1_353' title='bbox 129 4621 241 4680; x_wconf 81' lang='lat' dir='ltr'><strong>leentre</strong></span> <span class='ocrx_word' id='word_1_354' title='bbox 258 4628 420 4681; x_wconf 82' lang='lat' dir='ltr'><strong>resumatur</strong></span> <span class='ocrx_word' id='word_1_355' title='bbox 437 4621 587 4694; x_wconf 79' lang='lat' dir='ltr'><strong>opieydna,</strong></span> <span class='ocrx_word' id='word_1_356' title='bbox 613 4630 641 4678; x_wconf 90' lang='lat' dir='ltr'><strong>et</strong></span> <span class='ocrx_word' id='word_1_357' title='bbox 664 4637 789 4680; x_wconf 86' lang='lat' dir='ltr'><strong>connexa</strong></span> <span class='ocrx_word' id='word_1_358' title='bbox 808 4623 841 4680; x_wconf 81' lang='lat' dir='ltr'><strong>Gi</strong></span> <span class='ocrx_word' id='word_1_359' title='bbox 860 4623 1027 4680; x_wconf 87' lang='lat' dir='ltr'><strong>extendetur</strong></span> <span class='ocrx_word' id='word_1_360' title='bbox 1049 4622 1078 4676; x_wconf 93' lang='lat' dir='ltr'><strong>in</strong></span> <span class='ocrx_word' id='word_1_361' title='bbox 1096 4622 1135 4690; x_wconf 86' lang='grc' dir='ltr'><strong>Κ,</strong></span> <span class='ocrx_word' id='word_1_362' title='bbox 1158 4621 1261 4686; x_wconf 88' lang='lat' dir='ltr'><strong>eritque</strong></span> <span class='ocrx_word' id='word_1_363' title='bbox 1279 4617 1344 4672; x_wconf 87' lang='grc' dir='ltr'><strong>ΚΠ)</strong></span> <span class='ocrx_word' id='word_1_364' title='bbox 1357 4639 1393 4666; x_wconf 88' lang='lat'><strong><em>=</em></strong></span> <span class='ocrx_word' id='word_1_365' title='bbox 1406 4619 1475 4686; x_wconf 76' lang='lat' dir='ltr'><strong>Act,</strong></span> 
     </span>
     <span class='ocr_line' id='line_1_50' title="bbox 126 4705 1475 4782; baseline -0.006 -11"><span class='ocrx_word' id='word_1_366' title='bbox 126 4717 225 4781; x_wconf 63' lang='lat' dir='ltr'><strong>popter</strong></span> <span class='ocrx_word' id='word_1_367' title='bbox 241 4712 446 4770; x_wconf 80' lang='lat' dir='ltr'><strong>renotationem</strong></span> <span class='ocrx_word' id='word_1_368' title='bbox 463 4711 619 4782; x_wconf 85' lang='lat' dir='ltr'><strong>paritatem.</strong></span> <span class='ocrx_word' id='word_1_369' title='bbox 655 4711 780 4780; x_wconf 75' lang='lat' dir='ltr'><strong>IgiturD</strong></span> <span class='ocrx_word' id='word_1_370' title='bbox 800 4711 935 4768; x_wconf 88' lang='lat' dir='ltr'><strong>describet</strong></span> <span class='ocrx_word' id='word_1_371' title='bbox 953 4714 1110 4765; x_wconf 83' lang='lat' dir='ltr'><strong>ecccntrum</strong></span> <span class='ocrx_word' id='word_1_372' title='bbox 1128 4708 1302 4762; x_wconf 87' lang='lat' dir='ltr'><strong>homoceatro</strong></span> <span class='ocrx_word' id='word_1_373' title='bbox 1314 4705 1361 4760; x_wconf 84' lang='grc' dir='ltr'><strong>ΔΒ</strong></span> <span class='ocrx_word' id='word_1_374' title='bbox 1374 4721 1475 4775; x_wconf 83' lang='lat' dir='ltr'><strong>aequa·</strong></span> 
     </span>
     <span class='ocr_line' id='line_1_51' title="bbox 125 4793 1474 4870; baseline -0.007 -11"><span class='ocrx_word' id='word_1_375' title='bbox 125 4795 211 4858; x_wconf 69' lang='lat' dir='ltr'><strong>{enin</strong></span> <span class='ocrx_word' id='word_1_376' title='bbox 228 4801 250 4858; x_wconf 83' lang='lat' dir='ltr'>L</span> <span class='ocrx_word' id='word_1_377' title='bbox 269 4807 380 4868; x_wconf 88' lang='lat' dir='ltr'><strong>centro,</strong></span> <span class='ocrx_word' id='word_1_378' title='bbox 400 4812 432 4853; x_wconf 85' lang='lat' dir='ltr'><strong>ac</strong></span> <span class='ocrx_word' id='word_1_379' title='bbox 450 4797 581 4856; x_wconf 88' lang='lat' dir='ltr'><strong>distantia</strong></span> <span class='ocrx_word' id='word_1_380' title='bbox 599 4799 652 4869; x_wconf 81' lang='lat' dir='ltr'><strong>CL,</strong></span> <span class='ocrx_word' id='word_1_381' title='bbox 671 4813 742 4869; x_wconf 90' lang='lat' dir='ltr'><strong>quae</strong></span> <span class='ocrx_word' id='word_1_382' title='bbox 760 4799 814 4870; x_wconf 89' lang='lat' dir='ltr'><strong>ipsi</strong></span> <span class='ocrx_word' id='word_1_383' title='bbox 831 4799 869 4854; x_wconf 91' lang='lat' dir='ltr'><strong>Dl</strong></span> <span class='ocrx_word' id='word_1_384' title='bbox 888 4793 1113 4866; x_wconf 83' lang='lat' dir='ltr'><strong>iucriteeqnelis,</strong></span> <span class='ocrx_word' id='word_1_385' title='bbox 1131 4793 1276 4862; x_wconf 82' lang='lat' dir='ltr'><strong>Fquoqoe</strong></span> <span class='ocrx_word' id='word_1_386' title='bbox 1288 4807 1368 4849; x_wconf 87' lang='lat' dir='ltr'><strong>sunm</strong></span> <span class='ocrx_word' id='word_1_387' title='bbox 1379 4809 1474 4851; x_wconf 86' lang='lat' dir='ltr'><strong>eccen-</strong></span> 
     </span>
    </p>
   </div>
   <div class='ocr_carea' id='block_1_4' title="bbox 0 0 1762 5540">
    <p class='ocr_par' dir='ltr' id='par_1_4' title="bbox 0 0 1762 5540">
     <span class='ocr_line' id='line_1_52' title="bbox 0 0 1762 5540; baseline 0 5"><span class='ocrx_word' id='word_1_388' title='bbox 0 0 1762 5540; x_wconf 95' lang='lat' dir='ltr'><strong> </strong></span> 
     </span>
    </p>
   </div>
  </div>
 </body>
</html>
