3588 5540
251 371 316 446 920
761 371 826 432 uta
841 373 958 432 domnis
975 371 1095 444 depleri

251 553 340 616 nolae
368 567 489 631 precare
518 571 537 615 a
564 571 611 616 me
641 560 671 615 ct
700 571 761 616 non
787 555 946 616 multorum
974 554 1086 616 diarum
1115 551 1209 614 filiola
1238 552 1326 612 Anna
1355 551 1451 614 Maria
1484 553 1606 631 ejusque

254 640 416 704 matercula
438 659 503 702 cum
526 641 626 702 multis
648 646 760 719 gratiis,
783 643 863 721 quod
885 643 950 720 ejus
971 645 1053 703 vices
1074 659 1148 702 uxor
1170 649 1222 702 tua
1237 649 1409 718 susceptura
1430 641 1527 716 inerit,
1549 643 1607 702 nisi

252 729 365 789 Lucina
388 728 482 806 ipsaln
505 729 684 806 impedisset,
708 733 751 791 uti
774 749 870 792 meam
893 729 1048 808 impedivit
1070 733 1100 790 in
1122 727 1301 806 excipiendis
1324 729 1502 805 conjugibus
1516 738 1547 790 et
1560 732 1608 788 in-

253 815 422 877 staurandis
445 817 627 878 secundariis
649 820 769 897 nuptiis.
815 817 945 880 Eaedem
968 821 1081 894 gratiae
1104 824 1133 878 et
1155 817 1266 878 salutes
1283 819 1341 893 'per
1362 823 1445 878 tuam
1467 817 1507 878 ad
1520 834 1605 878 soro·

252 922 312 965 rem
336 903 400 980 ejus
423 903 543 966 viduam
566 923 652 982 porro
674 914 807 984 pergent.
852 907 891 967 D.
914 905 1086 966 Bartschius
1109 922 1192 964 meus
1215 903 1290 964 adeo
1312 904 1407 966 lessus
1431 913 1476 965 est
1497 924 1516 966 a
1539 904 1607 964 diu-

253 997 339 1052 turno
362 993 479 1067 itinera,
511 1001 544 1054 nt
571 1010 638 1054 mea
659 1011 748 1055 manu
771 994 882 1056 babeat
908 1011 982 1071 opus
1005 995 1036 1052 iu
1058 991 1255 1054 adscribenda
1283 991 1337 1051 tihi
1361 995 1479 1068 tuisque
1501 993 1607 1057 saluta.

252 1078 400 1140 Literulas
431 1079 469 1139 ad
496 1078 588 1142 filium
602 1081 650 1141 D.
673 1081 845 1143 Bartschius
874 1083 1021 1142 existimat
1050 1097 1108 1140 non
1130 1082 1238 1141 rectius
1266 1081 1379 1153 curari,
1409 1097 1498 1156 quam
1520 1079 1607 1140 sti-ad

253 1167 291 1226 D.
315 1165 526 1228 Schiclrardum
549 1171 710 1244 mittantur,
734 1173 782 1230 cui
805 1170 895 1231 velim
918 1167 1026 1230 addere
1041 1168 1152 1242 literae,
1174 1170 1200 1228 si
1216 1174 1330 1244 tempus
1347 1166 1504 1244 babcrcm;
1527 1167 1607 1228 addo

253 1253 389 1315 salutem.
435 1254 512 1316 Vale
536 1263 566 1317 et
587 1274 769 1334 prosperare.
814 1257 924 1333 Sagsni
947 1255 976 1320 d.
1000 1262 1029 1316 6.
1053 1254 1127 1333 Maji
1149 1273 1178 1316 a.
1204 1257 1296 1316 1630.

357 1341 550 1419 Keplerus
581 1344 823 1422 Bcrueggero
857 1343 888 1405 S.
923 1342 958 1407 P.
992 1344 1030 1402 D.
1081 1343 1248 1402 clarissime
1283 1343 1519 1417 amicissimeque
1553 1344 1607 1403 vir.

253 1427 368 1489 Literas
391 1436 458 1491 tuas
482 1436 512 1492 8.
536 1431 616 1509 Sept.
639 1435 763 1510 scriptas
787 1433 901 1509 accepit
923 1430 1107 1493 Francolurti
1129 1430 1208 1490 Frid.
1224 1429 1397 1492 Bartschius
1420 1428 1526 1488 affinis.
1563 1429 1608 1488 Eo

254 1517 332 1578 euim
353 1519 561 1593 praemiseram
577 1517 669 1594 illum,
694 1527 726 1580 ut
749 1519 893 1597 quidquid
908 1518 1027 1580 tandem
1043 1518 1242 1595 Tampacbius
1258 1523 1336 1579 esset
1350 1517 1490 1590 tacturus,
1513 1534 1606 1594 para-
1668 1529 1670 1532 ·

254 1611 317 1664 tum
338 1621 385 1665 me
409 1605 602 1668 ostenderam.
649 1607 762 1668 Occidit
783 1615 895 1682 tamen,
924 1605 1004 1683 quod
1027 1625 1063 1669 ex
1085 1607 1232 1684 praesenti
1261 1623 1316 1664 usu
1347 1621 1413 1666 mco
1437 1621 1501 1665 esse
1524 1613 1607 1680 puto,

254 1693 368 1752 utinam
391 1699 469 1754 esset
492 1695 580 1754 etiam
603 1713 640 1755 ex
667 1695 876 1758 studiosorum.
920 1694 1110 1756 Contractum
1138 1694 1205 1752 iniit
1226 1691 1398 1756 Bartecbius
1427 1709 1492 1752 cum
1516 1692 1609 1753 Tam-

253 1778 361 1856 pachio
385 1779 421 1838 dc
443 1786 507 1841 toto
532 1796 629 1859 opere,
653 1800 740 1859 quem
763 1783 932 1843 confirmavi
954 1780 1047 1843 literis
1070 1781 1172 1859 Lipsia
1193 1781 1298 1840 missis.

357 1864 466 1942 Miror,
494 1884 572 1930 nuuc
600 1868 716 1930 demum
739 1889 759 1931 a
781 1878 810 1932 tc
837 1871 1016 1932 mentionem
1045 1869 1108 1930 deri
1138 1869 1287 1930 literarum
1315 1867 1397 1943 MaJ'o
1426 1865 1608 1943 scriptarum.

256 1953 350 2031 Atqui
371 1957 490 2031 saepius
521 1957 633 2018 interea
654 1960 767 2035 scripsi.
810 1958 857 2020 De
879 1957 992 2035 Mappa
1014 1958 1092 2034 quod
1116 1958 1232 2032 quaeris
1254 1962 1299 2016 est
1320 1953 1389 2028 illa,
1420 1970 1509 2030 quam
1539 1961 1609 2016 ante

253 2042 410 2102 triennium
434 2045 555 2119 promisi
576 2045 607 2104 in
629 2045 724 2118 Tabb.
741 2045 819 2108 Rud.
844 2045 882 2106 ad
896 2046 1007 2106 calcem
1021 2051 1244 2122 praeceptomm
1260 2043 1296 2104 dc
1312 2041 1449 2118 catalogo
1464 2041 1607 2102 locorum.

362 2127 511 2207 Syuopsin
534 2132 573 2194 D.
591 2133 763 2194 Bartschius
787 2151 870 2196 meus
892 2133 930 2194 ad
954 2151 1001 2194 me
1023 2132 1123 2193 retulit
1144 2139 1292 2206 muratus,
1317 2128 1422 2190 excudi
1437 2145 1495 2190 uon
1509 2145 1608 2206 posse,

253 2217 310 2275 nisi
333 2219 493 2278 etiamnum
516 2218 601 2280 aliter
624 2220 812 2295 describatur,
835 2226 1043 2298 praetereaque
1058 2219 1190 2281 inutilem
1209 2218 1370 2295 juventuti,
1392 2219 1450 2275 uisi
1466 2216 1609 2294 explane-

254 2311 318 2378 tur;
341 2304 482 2380 iacturas,
505 2309 561 2366 nisi
584 2307 678 2380 iallor,
702 2308 780 2369 idem
803 2308 928 2382 Euclidi,
952 2307 1056 2386 Papio,
1081 2306 1252 2385 Apollonio,
1275 2304 1434 2378 Albaaaui,
1458 2321 1526 2364 uam
1550 2307 1608 2364 im-

254 2393 371 2468 patiens
393 2399 440 2453 cst
460 2393 553 2455 lector
574 2395 686 2456 taliam.
731 2395 838 2457 Posset
859 2397 885 2456 si
908 2395 999 2456 vellet
1021 2412 1068 2457 me
1091 2396 1212 2456 absente
1244 2392 1386 2460 excudere
1409 2394 1440 2450 iu
1463 2399 1608 2472 typogra-

252 2478 341 2558 pbcio
365 2479 538 2557 Sagaueusi,
561 2481 614 2544 sed
635 2490 718 2560 puto,
742 2501 839 2544 meum
862 2489 1034 2560 exspectant
1055 2482 1189 2544 reditum.

363 2565 486 2630 Graiam
509 2570 669 2648 amplector
691 2571 925 2652 hospitalitatem
947 2578 1039 2632 tuam.
1073 2570 1155 2631 Deus
1177 2586 1232 2630 vos
1247 2574 1373 2642 tucatur,
1396 2567 1509 2645 patriae
1524 2585 1608 2640 meae

254 2654 390 2716 miseriae
403 2657 585 2718 misereatur.
613 2657 704 2719 Nulla
725 2658 855 2720 conditio
879 2660 1014 2736 quamvis
1036 2658 1199 2734 longinqua
1220 2656 1277 2716 hac
1298 2673 1394 2716 rerum
1416 2655 1608 2718 humanarum

253 2741 459 2806 incertitudine
483 2752 528 2806 est
549 2745 740 2823 repudianda.
765 2782 803 2794 -
830 2746 876 2806 De
899 2746 1052 2808 Ludovico
1080 2745 1140 2805 filio
1164 2743 1234 2822 quid
1266 2745 1392 2804 scribam
1419 2759 1478 2802 non
1501 2743 1607 2804 babeo.

254 2827 337 2888 Nihil
360 2830 410 2893 illc
434 2851 453 2892 a
474 2829 521 2895 mc
544 2835 663 2911 nuperis
686 2833 779 2894 literis
800 2835 890 2911 petiit
909 2842 938 2896 et
959 2852 1013 2912 par
1035 2839 1098 2894 erat
1113 2834 1241 2906 omuino,
1264 2834 1335 2908 quia
1350 2831 1546 2892 conditionem
1565 2839 1611 2892 est

255 2916 408 2993 amplexus
431 2935 468 2980 nc
490 2929 612 2998 peteret.
657 2921 711 2981 Est
732 2928 831 2982 tantm
857 2921 963 2982 affecto
985 2938 1121 2999 corpore,
1151 2937 1258 2998 passus
1286 2936 1378 2995 uupar
1400 2918 1549 2994 bemiam;
1580 2925 1610 2979 ct

255 3019 399 3081 oppressa
420 3007 619 3086 Wirtebergia
641 3023 744 3070 vereor
766 3016 800 3070 ut
821 3025 903 3070 soror
925 3027 992 3077 mea
1013 3009 1108 3086 possit
1129 3008 1175 3068 illi
1196 3008 1368 3068 submittere
1391 3005 1462 3084 quid
1486 3006 1522 3066 da
1537 3009 1610 3066 meis

255 3091 335 3168 apud
357 3091 446 3155 illam.
492 3095 557 3172 rige
580 3098 678 3172 igitur,
703 3098 845 3158 arbitratu
866 3106 919 3157 tuo
942 3103 1024 3158 utere
1045 3113 1160 3157 rursum
1181 3103 1273 3173 pater,
1297 3093 1385 3154 modo
1401 3111 1438 3154 ne
1453 3091 1608 3170 indulgeas

253 3180 384 3240 nimium.
430 3180 542 3257 Quodsi
564 3184 606 3244 nil
628 3186 757 3261 petierit,
789 3183 932 3263 quidquid
960 3183 1109 3246 residuum
1137 3185 1193 3244 erit
1215 3182 1250 3244 da
1276 3189 1337 3244 100
1360 3179 1518 3260 (siquidem
1540 3181 1608 3242 illos

255 3280 345 3343 opera
360 3267 485 3346 Eggoldi
500 3266 673 3356 acceperis),
695 3271 726 3332 id
741 3290 828 3334 serva
851 3274 880 3330 in
896 3291 968 3332 usus
991 3273 1090 3332 uxoris
1104 3277 1184 3347 tuae,
1207 3289 1284 3347 quae
1299 3269 1366 3330 loco
1386 3286 1480 3344 meae,
1504 3275 1606 3344 mater,

255 3352 416 3416 thalamum
438 3361 548 3436 nuptiis
571 3360 761 3436 instaurabit,
792 3362 819 3420 si
839 3361 922 3438 prius
950 3363 1040 3421 etiam
1067 3357 1165 3437 plures
1194 3375 1329 3420 nummos
1352 3355 1392 3417 ad
1413 3356 1469 3416 bos
1491 3363 1607 3418 sumtus

254 3443 429 3504 submissso.

358 3528 491 3607 Lipsiam
520 3533 587 3592 veni
615 3529 713 3614 4.]14.
737 3532 821 3609 Oct,
853 3534 960 3596 diverti
988 3532 1068 3613 apud
1098 3533 1222 3594 alterum
1253 3533 1470 3610 Berneggernm
1493 3547 1606 3610 mcum3

254 3632 361 3677 nomeu
384 3617 428 3677 illi
450 3618 604 3698 Philippus
627 3621 744 3696 Miillcr,
766 3621 843 3685 med.
864 3622 962 3683 licent
987 3629 1016 3684 et
1037 3617 1193 3700 professor.¹
1223 3621 1308 3682 Nunc
1330 3623 1359 3680 in
1375 3621 1527 3698 procinctu
1543 3637 1608 3680 snm

254 3706 350 3765 iturus
373 3705 567 3767 Ratisbonam
590 3714 621 3768 et
643 3708 776 3770 Lincium
798 3710 925 3788 indeque
948 3709 987 3770 ad
1008 3710 1122 3772 Ducem
1146 3715 1176 3769 ct
1197 3712 1240 3770 sic
1262 3708 1413 3784 Saganam
1436 3708 1473 3767 D.
1497 3707 1535 3766 V.
1657 3734 1661 3741 ·

230 3849 231 3854 ,
361 3793 463 3870 Rogat
482 3811 572 3870 gener
593 3813 685 3872 meus,
709 3805 742 3858 ut
764 3800 879 3858 mittam
901 3797 939 3858 ad
962 3804 992 3857 ts
1015 3796 1074 3859 duo
1103 3796 1282 3874 exemplaria
1305 3794 1532 3873 liphcmeridum
1554 3812 1606 3872 pro

252 3885 283 3939 te
306 3884 336 3938 et
357 3881 395 3940 D.
420 3881 579 3942 Schmidio.
617 3881 705 3946 Petet
728 3891 757 3947 et
780 3885 890 3946 Remus
912 3885 1041 3946 attilius
1064 3903 1154 3948 meus.
1184 3885 1287 3944 Scribo
1309 3886 1398 3960 igitur
1412 3882 1604 3960 Tampachio,

253 3967 351 4027 mittat
373 3977 499 4045 quatuor
514 3971 604 4047 partis
620 3969 811 4050 Sagareueis,
834 3972 903 4032 dum
919 3974 1064 4035 rescribas
1079 3981 1121 4045 tu,
1144 3989 1214 4032 num
1236 3973 1296 4032 sint
1310 3971 1491 4050 argentinae
1506 3987 1608 4031 exam-

254 4053 349 4133 plaria
370 4058 461 4135 partis
483 4057 652 4133 Lincensis‚
685 4078 761 4136 quae
789 4059 858 4122 addi
880 4063 1010 4139 possint,
1042 4067 1075 4122 ut
1096 4063 1135 4121 sit
1156 4068 1253 4122 tomus
1273 4060 1395 4138 integer.
1441 4055 1517 4119 Vale
1540 4053 1606 4118 cum

253 4143 379 4220 conjuge
402 4153 433 4207 et
453 4146 569 4220 liberis,
598 4149 775 4224 unicamque
797 4148 940 4210 ecclesiae
963 4148 1137 4223 anchoram,
1166 4165 1268 4228 preces
1295 4147 1333 4209 ad
1353 4148 1451 4208 Deum
1481 4164 1533 4225 pro
1556 4146 1607 4207 illa

253 4239 283 4292 et
304 4249 351 4292 me
373 4250 487 4294 mecum
507 4233 621 4295 torrites
642 4236 746 4315 arripe.

361 4320 481 4400 Lipsiae
503 4319 551 4382 die
576 4318 696 4401 11111.
721 4321 788 4383 Oet.
811 4325 882 4384 anni
906 4329 1000 4385 1630.

358 4419 456 4476 Auno
475 4421 568 4479 1630.
587 4422 661 4493 typis
680 4421 883 4492 fiscanensibus
902 4439 1004 4480 excusa
1021 4427 1063 4478 est
1073 4423 1205 4493 Epistola
1217 4423 1255 4480 ud
1268 4421 1447 4490 Terrcntr'am,
1466 4437 1548 4493 quam
1559 4425 1607 4479 ab·

252 4507 370 4564 solutam
393 4509 511 4566 diximus
535 4510 591 4568 flua
615 4511 681 4567 anui
699 4510 784 4580 1627,
810 4516 838 4566 et
854 4508 1072 4581 Ephemertdsan
1088 4509 1157 4565 Pars
1174 4509 1210 4566 Il.
1230 4515 1257 4564 et
1274 4508 1326 4568 III.
1360 4508 1393 4563 In
1413 4509 1554 4579 Epistolae
1571 4508 1605 4564 ad

252 4593 424 4650 Tonantium
448 4595 620 4654 dedicatione
642 4595 688 4668 (dd
710 4594 939 4654 Wallenstenium
963 4613 986 4656 s.
1005 4597 1042 4666 d.)
1061 4597 1191 4667 legimus:
1220 4591 1486 4670 Typograpborum
1508 4591 1606 4652 nullus

253 4693 319 4741 cum
341 4678 443 4754 proclo
465 4683 585 4757 proprio
600 4679 752 4758 Saganam
774 4687 809 4740 ut
829 4684 967 4743 transiret
991 4681 1090 4744 induor
1113 4681 1218 4758 potuit
1248 4679 1354 4758 Itaque
1370 4697 1435 4758 ego,
1459 4687 1493 4742 nt
1507 4680 1607 4757 Ephe-

254 4762 397 4824 meridum
420 4771 634 4843 exspectationi
657 4767 866 4846 satisfacerem,
891 4769 980 4846 bajus
1003 4777 1034 4832 et
1055 4769 1181 4831 aliorum
1204 4767 1327 4828 duorum
1350 4785 1492 4830 annorum
1508 4767 1607 4846 Ephe·

252 4849 380 4922 maridas
401 4853 629 4942 Francoiurtum
650 4855 689 4928 ad
712 4853 853 4928 Moenum
874 4859 1025 4941 praemisi.
1053 4857 1217 4940 Postquam
1239 4853 1361 4920 Octobri
1382 4873 1483 4932 meuse
1498 4871 1606 4935 operae
1647 4917 1650 4926 ,
