3588 5540
813 441 892 500 rati.
1460 439 1542 542 881,

168 639 232 684 rum
255 621 468 699 uisngulorcm
496 620 664 682 isoscelium
685 611 773 700 s'npcr
795 623 943 682 communi
966 621 1038 682 base
1060 621 1203 700 (assere),
1235 639 1288 700 per
1316 628 1428 686 rectam
1452 641 1525 688 con·

170 712 261 785 nexis,
285 730 304 772 a
325 707 533 788 perpendiculo
556 707 717 788 pyramidis
740 717 770 770 et
792 708 1001 788 perpendiculo
1024 711 1054 766 in
1077 710 1141 768 basi
1163 708 1246 770 fieret
1267 718 1364 772 rectus
1366 753 1526 776 .......

170 797 276 859 Ereota
302 795 455 876 pyramide
484 797 539 858 feci
562 795 748 861 altitudinem
778 800 827 858 imi
856 798 996 875 marginis
1019 796 1055 856 do
1081 797 1222 856 foramine
1246 801 1286 858 90
1311 798 1436 876 digitum
1460 799 1527 862 dia-

170 891 261 946 meter
275 892 340 946 tota
352 885 503 946 foraminis
518 886 621 962 quinta
635 902 703 963 pars
718 887 805 945 unius
821 885 904 962 digiti
906 928 1014 948 .....
1045 884 1150 944 Inveni
1164 886 1193 942 in
1208 885 1328 948 meridie
1342 887 1527 950 altitudinem

173 975 264 1034 444444
286 973 365 1034 Sulis
383 969 440 1034 440
456 976 509 1034 24‘
525 975 604 1049 38“;
629 971 730 1032 addita
752 972 905 1051 paraliaxi,
929 971 1008 1032 Solis
1030 971 1082 1032 alt.
1106 974 1197 1032 444444
1220 989 1293 1036 corr.
1310 971 1368 1036 4440
1384 975 1437 1037 450
1453 979 1528 1052 200,

171 1059 222 1121 414.
244 1062 414 1138 sequuturis
438 1057 496 1120 410
521 1056 570 1122 180
597 1061 676 1134 180,
704 1058 757 1120 alt.
780 1059 841 1138 poli
865 1057 923 1121 480
945 1061 999 1120 41‘
1022 1061 1110 1132 440,
1126 1057 1317 1136 4444444444
1340 1064 1527 1140 aequinoctio
1609 1119 1617 1142 ,

169 1147 351 1225 Tycbonico.
374 1181 416 1194 -
439 1145 615 1209 Observaiio
644 1147 750 1208 solaris
773 1148 937 1210 altitudinis
966 1150 1042 1208 circa
1068 1146 1146 1208 idem
1176 1149 1394 1224 aequinoctium
1423 1150 1452 1215 d.
1476 1156 1527 1214 24.

171 1235 251 1312 Sept
275 1235 465 1297 Stucoardiae
489 1238 517 1293 44
539 1236 632 1297 hortis
654 1238 793 1314 principis
815 1239 845 1295 in
868 1237 979 1313 palatio
1003 1234 1170 1312 deliciari03
1192 1235 1290 1312 prodit
1312 1238 1363 1298 ait.
1387 1238 1449 1317 poli
1472 1237 1530 1301 48⁰

172 1327 223 1383 48‘
255 1328 332 1398 25⁴¹,
362 1323 447 1384 aliter
477 1322 534 1384 480
562 1326 615 1384 480
639 1326 708 1399 300,
739 1327 766 1385 44
792 1323 866 1384 nibil
895 1323 994 1386 turbat
1020 1323 1165 1384 refractio.
1210 1323 1269 1383 Dio
1292 1325 1443 1390 4444144.
1466 1328 1529 1388 vidi

170 1471 242 1533 bora
272 1477 303 1535 8.
330 1471 466 1534 Joviales
494 1475 552 1534 sio:
592 1430 659 1593 <O
684 1432 728 1593 ).
761 1467 1235 1548 infimusaberatsesqnl-Jove,
1254 1475 1528 1568 superiornmimus

171 1604 286 1681 dnobus
300 1619 438 1694 loribus,
462 1622 607 1684 secundus
623 1579 655 1699 ⁸4,
676 1637 807 1683 summus
824 1618 874 1702 ⁶b·
912 1618 985 1680 Tres
1007 1621 1171 1697 superiores
1184 1619 1367 1684 lucidissimi.
1398 1624 1530 1704 Eclipsiu

171 1707 273 1769 Lunae
303 1711 353 1770 29.
377 1708 454 1770 Nou.
478 1711 634 1773 observavi
658 1711 763 1772 Lincil.
801 1709 895 1768 Lincii
918 1725 936 1768 a
960 1715 989 1768 i.
1014 1709 1042 1767 in
1067 1715 1116 1771 14.
1142 1708 1215 1774 Deo.
1237 1711 1427 1790 investigatio
1450 1713 1530 1776 obli·

173 1798 293 1872 quitatis
317 1797 478 1875 eclipticas.

272 1897 362 1953 Matre
393 1896 520 1953 absoluto
546 1899 572 1954 d.
599 1900 694 1970 10420.
718 1897 793 1967 Sept.
821 1896 943 1967 (praeter
975 1895 1207 1972 exspectationem
1238 1888 1398 1970 multorum,
1432 1901 1527 1958 scribit

171 1981 369 2054 Sehiolrsrdus)
394 1984 474 2039 rediit
492 1985 628 2056 Keplerus
646 1999 739 2041 mensa
758 1983 904 2039 Novembri
922 1982 1060 2053 Linoium,
1086 1981 1184 2038 dubius
1203 1983 1237 2039 da
1255 1982 1354 2040 salario
1373 2001 1431 2044 sno.
1468 1989 1525 2044 Ex·

172 2075 227 2124 stat
245 2071 386 2127 decretum
406 2072 530 2127 ordinum
543 2072 755 2143 austriacorum,
774 2071 802 2126 in
820 2087 874 2141 quo
892 2070 1021 2140 legimns:
1041 2086 1097 2126 nas
1115 2070 1159 2126 die
1171 2071 1308 2141 bsoidung
1325 2072 1438 2146 betrifft,
1456 2075 1523 2131 rrird

174 2155 336 2227 Supplicant
353 2159 410 2214 14444
430 2159 494 2216 0414
510 2158 668 2214 4441444444
686 2174 734 2213 zur
752 2157 847 2228 gcdnlt
865 2158 991 2226 geuisen.

273 2245 392 2301 Odontio
412 2247 437 2302 d.
457 2248 482 2304 3.
500 2247 570 2303 Nor.
589 2245 672 2301 refert
691 2245 827 2316 Keplerus
844 2245 1011 2302 Rutisbona:
1037 2245 1081 2312 ,in
1098 2245 1189 2302 reditu
1207 2261 1242 2300 ex
1260 2244 1391 2320 44444444
1403 2249 1533 2306 wirtem-

169 2329 279 2402 bergioa
296 2333 413 2404 4444140,
431 2334 585 2404 relinquere
603 2349 633 2390 se
646 2333 814 2392 Ratisbonae
831 2333 961 2391 familiam
973 2348 1024 2404 per
1035 2331 1162 2402 hiemem,
1179 2333 1306 2390 14441444
1322 2335 1411 2392 solum
1427 2353 1532 2408 regres-
1551 2345 1566 2390 Δ

170 2432 272 2476 surum.

200 2555 204 2562 .
276 2506 322 2561 Ex
340 2509 458 2578 epistola
478 2509 569 2578 Gysati
589 2508 648 2578 (cir.
667 2508 722 2564 rol.
740 2507 801 2564 Vll.
819 2525 847 2577 p.
867 2507 929 2578 452)
949 2513 1077 2579 apparet,
1100 2509 1250 2580 Keplerum
1269 2509 1421 2568 Rutisbons
1438 2527 1532 2572 mense

173 2591 325 2649 Februario
344 2596 458 2652 rediisse
475 2596 673 2666 ingolstadinrn
692 2595 858 2652 edendarum
876 2595 1090 2664 Ephemeridum
1114 2611 1211 2668 censs,
1236 2614 1318 2668 quarn
1337 2599 1483 2658 editionem
1501 2609 1533 2660 nt

172 2681 296 2737 Jesuitue
314 2681 548 2752 ingolstadienses
566 2685 593 2738 in
613 2699 643 2740 sc
661 2683 826 2754 reciperent,
854 2683 1014 2738 Herwarins
1032 2682 1196 2739 intercessit.
1232 2685 1296 2754 Ipso
1315 2687 1451 2756 Kepierus
1468 2705 1531 2745 cum

171 2767 226 2823 illis
239 2769 431 2838 (Ratisbonam
444 2775 582 2840 reversus)
601 2787 651 2842 per
662 2771 756 2826 literas
769 2770 825 2839 egit
838 2777 866 2824 et
879 2775 909 2824 ut
927 2783 975 2825 eos
992 2769 1020 2824 in
1040 2785 1104 2825 suas
1117 2778 1210 2841 partes
1229 2775 1352 2828 traheret
1369 2773 1470 2831 librum
1483 2775 1529 2832 iv.

92 2899 94 2904 .
171 2854 315 2924 Epiiomes
333 2857 389 2913 illis
407 2857 569 2914 tradendum
589 2859 709 2929 curarit3
729 2857 825 2914 eodem
843 2867 964 2926 tempore
984 2856 1214 2927 Cumpidunenses
1233 2859 1314 2929 adiit,
1333 2869 1531 2931 procuraturus

173 2942 295 2998 chartam
314 2943 349 2999 ad
367 2945 565 3016 Ephemerides
584 2946 793 3020 necessarium*
808 2946 905 3002 Ulmae
926 2944 1011 3000 edidit
1028 2947 1211 3002 narmtionem
1231 2949 1368 3018 (Beriobt)
1387 2948 1421 3005 de
1439 2949 1531 3006 obser·

171 3031 239 3086 uatis
258 3031 407 3103 eclipsibus
431 3049 501 3094 anno
519 3035 589 3091 1020
608 3043 659 3089 etc.
696 3035 738 3088 De
756 3033 928 3106 luparitbmia
947 3047 994 3103 es,
1020 3049 1091 3103 quae
1113 3051 1175 3091 cnm
1193 3037 1341 3092 1444441444
1367 3044 1460 3107 egerat
1480 3055 1531 3110 por

171 3115 263 3174 literam
283 3119 348 3188 (111.
363 3121 436 3192 676),
456 3121 598 3192 Tubingac
617 3137 742 3179 sermone
760 3127 907 3192 praesente
926 3121 1108 3178 continuarit:
1132 3111 1198 3180 curn
1212 3123 1324 3198 passim
1347 3139 1413 3182 cnm
1429 3125 1529 3199 peritis

175 3219 270 3267 rernm
294 3206 567 3267 mathematioarnm
591 3209 627 3269 de
650 3207 834 3285 lugarithmis
856 3206 1029 3283 Neperianis
1046 3208 1243 3278 contulissem,
1267 3208 1445 3287 deprehendi
1468 3227 1529 3286 eos,

174 3294 282 3367 quibus
305 3301 388 3354 aetas
411 3295 597 3371 prudentiam
621 3295 759 3369 addebat,
783 3293 1023 3372 promritudinem
1045 3297 1210 3370 minuebat,
1234 3312 1323 3375 super
1345 3298 1402 3357 boc
1423 3315 1530 3376 genere

172 3395 359 3441 numerorum
390 3385 518 3443 conaturi
521 3428 652 3447 ......
655 3393 657 3400 '
698 3381 783 3442 Haec
811 3381 884 3440 mihi
913 3398 1003 3442 causa
1025 3382 1095 3456 fuit,
1127 3386 1226 3444 statim
1253 3395 1322 3445 tunc
1345 3385 1530 3464 concipiendi

172 3467 370 3530 rudimentum
401 3469 521 3549 aliquod
554 3471 811 3532 demonstrationis
841 3470 1005 3546 legitimae,
1037 3470 1117 3547 quod
1145 3475 1307 3550 posterius,
1341 3479 1376 3533 ut
1404 3477 1529 3552 primum

171 3553 307 3616 Lincium
330 3575 466 3619 reversus
488 3553 563 3635 aum,
587 3557 703 3620 excolui
726 3557 905 3632 diligentius.
1585 3553 1586 3556 ’

275 3657 370 3713 Amico
384 3659 541 3728 crugero,
559 3659 606 3729 qni
618 3658 783 3715 44441623.
801 3657 964 3726 scripserat:
986 3657 1119 3724 ,0444444
1132 3673 1168 3714 ex
1185 3657 1275 3715 444444
1294 3676 1363 3730 sum,
1381 3665 1530 3731 postquam

174 3761 208 3802 ex
226 3745 312 3802 affine
330 3753 379 3802 tuo
397 3747 534 3812 intellexi,
558 3749 690 3818 pristinae
708 3753 736 3802 tc
753 3743 918 3816 professioni
936 3753 964 3801 et
986 3745 1047 3801 lucc
1065 3747 1249 3818 restitutum,
1269 3753 1312 3803 et:
1339 3748 1435 3818 ,Quod
1454 3749 1530 3822 rivis,

174 3833 247 3902 qnod
265 3833 355 3904 sales,
378 3835 452 3904 quud
472 3835 562 3891 omnia
580 3835 631 3892 tibi
650 3842 737 3905 surra,
764 3839 838 3888 tectu
858 3837 886 3886 et
903 3831 1006 3900 felicis,
1024 3841 1080 3889 tam
1102 3835 1212 3904 gavisus
1231 3851 1303 3907 sum,
1328 3837 1394 3892 risis
1418 3836 1529 3892 tandem

174 3921 262 3978 literis
281 3930 329 3979 trra
347 3940 430 3980 manu
449 3923 576 3994 exaratis,
596 3939 677 3994 qnam
695 3928 754 3977 toto
772 3921 826 3976 boc
838 3919 1024 3990 quinquennio
1036 3923 1122 3978 ricem
1135 3929 1210 3978 inam
1228 3923 1312 3990 falsis,
1331 3923 1428 3993 etjam
1440 3923 1528 3996 video,

171 4008 308 4066 coloribus
327 4011 393 4066 milri
412 4009 547 4082 depictam
570 4012 652 4066 anxie
675 4009 776 4075 dolui“,
794 4009 936 4078 respondit
953 4009 1105 4079 Keplerus:
1135 4007 1252 4083 Quaero
1283 4009 1333 4084 qui
1365 4007 1430 4082 flat,
1462 4023 1527 4067 eum

171 4091 338 4156 Straussius
361 4095 439 4172 apud
464 4102 492 4156 ie
516 4095 692 4166 transiverit,
715 4093 794 4171 qnod
810 4093 854 4168 ¹dc
877 4093 994 4153 lortnna
1009 4112 1075 4154 mea
1089 4095 1162 4154 nibil
1179 4095 1254 4157 tibi'i
1284 4097 1376 4172 Atqui
1389 4093 1528 4172 Tubinga

171 4189 201 4242 et
222 4181 396 4244 Sinccardia
417 4201 471 4243 nos
490 4183 610 4260 junctos
634 4181 714 4241 dedit
737 4183 925 4254 44441621,
950 4188 979 4240 et
1000 4186 1166 4243 noveratis
1189 4185 1312 4261 optime,
1341 4183 1448 4259 quibus
1471 4199 1526 4260 ego

170 4269 253 4330 iuriis
277 4273 306 4328 in
331 4270 471 4331 familiam
492 4289 588 4332 meam
619 4267 821 4330 saevientibus
851 4271 880 4327 in
903 4269 1159 4347 Wirtembergium
1187 4289 1281 4331 essem
1311 4273 1432 4330 accitus.
1479 4270 1528 4329 An

171 4365 202 4416 ct
222 4358 281 4418 huc
302 4357 451 4419 silentium
475 4377 510 4420 ex
534 4359 629 4419 amico
653 4365 788 4434 pectore,
812 4373 848 4416 ne
871 4358 897 4416 si
920 4374 991 4416 uera
1013 4363 1206 4435 reperirentur
1231 4359 1351 4418 44144444
1373 4359 1527 4434 intentata,

171 4443 300 4522 dedecus
331 4447 382 4506 ille
409 4447 483 4507 forte
514 4465 609 4506 meum
640 4463 675 4504 er
707 4445 874 4504 domesticis
903 4444 1095 4521 propalaret?
1139 4445 1198 4506 Sed
1227 4452 1257 4504 et
1287 4446 1405 4506 fratrem
1428 4461 1526 4505 meum

170 4551 344 4610 germanum
376 4533 492 4608 vidisti,
522 4551 580 4594 non
612 4534 761 4593 conscium
790 4529 886 4592 solnm
917 4535 1061 4609 omnium,
1092 4533 1144 4593 sed
1173 4533 1363 4610 praecipuam
1392 4529 1527 4593 dolorum

169 4639 303 4682 meorum
326 4629 449 4700 purtem,
473 4628 506 4681 ut
529 4624 579 4698 qui
602 4623 784 4697 impatientia
802 4618 937 4695 juvenili,
962 4620 1059 4680 forsan
1076 4628 1106 4680 et
1120 4618 1300 4695 credulitate,
1323 4621 1455 4696 proxime
1470 4623 1527 4680 im-

169 4711 310 4786 pietatem
327 4712 417 4770 renit.
448 4707 507 4769 Sed
523 4709 608 4769 diluit
622 4716 651 4770 et
665 4707 743 4782 illius
759 4709 940 4783 suspiciones
962 4715 992 4768 et
1005 4725 1086 4767 meas
1102 4708 1276 4767 offensiones
1299 4707 1461 4768 clarissima
1476 4707 1527 4769 iux

169 4797 314 4872 veritatis,
339 4799 460 4858 crimina
483 4797 606 4858 conficta
629 4798 658 4855 in
674 4801 763 4873 caput
777 4793 914 4871 bostium,
939 4812 1117 4871 quamquam
1139 4810 1197 4853 non
1220 4795 1327 4871 exiguo
1342 4811 1409 4856 meo
1426 4794 1527 4857 labore

169 4895 330 4964 euentuque
352 4891 489 4962 regesta,
519 4886 643 4945 liberate
666 4884 769 4943 domos
791 4889 891 4944 nostra
913 4881 1059 4960 periculo,
1083 4898 1138 4942 nos
1160 4879 1280 4942 infamia
1303 4890 1334 4944 et
1355 4885 1526 4961 ignominia.

168 4973 276 5044 Falsus
300 4971 370 5034 illos
393 4973 520 5050 colores,
551 4973 659 5050 quibus
680 4989 748 5035 mea
768 4970 858 5048 liujus
886 4970 1078 5048 quinquennii
1106 4968 1224 5030 fortuna
1246 4969 1300 5031 tibi
1323 4970 1441 5053 depicta
1461 4973 1526 5049 fnit,

221 5073 484 5130 messanensem.
596 5138 599 5146 Α
1281 5069 1318 5130 dl
