3662 5544
136 349 140 356 ⁴
248 391 313 466 778
757 399 822 458 vrrs
839 399 955 460 sonna
973 369 1103 474 neptes(

350 570 474 629 Fabricio
487 573 576 631 denuo
590 577 738 648 quaerenti,
757 577 866 648 quando
879 578 1078 635 Commentario
1096 577 1219 634 editurus
1231 577 1276 649 sit,
1294 576 1434 648 respondit
1446 577 1596 648 Keplcrus:

247 655 410 733 Diligenter
432 657 488 718 boe
510 675 583 736 ago,
613 669 645 722 ut
673 663 767 723 edam.
813 663 959 741 impedire
982 665 1109 724 minatur
1130 663 1331 740 Tengrraglius
1355 671 1384 722 et
1406 668 1503 721 tamen
1525 663 1600 720 inter

248 762 330 820 spem
353 753 520 823 metumque
543 749 681 826 relinquit
703 749 835 814 dubium.
880 751 964 812 Haec
987 754 1141 830 occupatio
1171 759 1342 823 causaest,
1375 767 1426 810 our
1453 750 1599 823 gravatim

247 831 382 893 scribam.
400 875 407 893 .
422 831 431 892 .'
447 876 479 897 ..
517 835 563 897 De
586 837 705 914 reliquis
729 841 951 915 quaestionibus
974 839 1058 899 alias.
1089 837 1186 900 Unum
1209 846 1306 899 tamen
1330 855 1388 896 non
1404 855 1525 915 possum
1540 853 1598 895 non

248 919 364 980 addere.
409 921 466 981 Die
490 927 541 984 28.
565 925 639 1002 Maji
661 925 825 987 Mercurius
856 929 942 986 nobis
971 927 1019 987 bic
1042 927 1155 1002 Pragae
1184 930 1265 986 risus
1297 933 1342 986 est
1364 929 1393 984 in
1417 924 1498 984 diseo
1521 924 1599 984 Solis

246 1012 308 1080 (eir.
327 1013 361 1066 il.
381 1013 453 1082 lod).
499 1012 545 1071 De
568 1012 662 1074 Marte
686 1017 737 1073 vix
759 1015 920 1090 quidquam
943 1014 1086 1092 amplius,
1115 1032 1183 1074 uam
1206 1017 1236 1074 in
1260 1015 1484 1075 Commentariis
1506 1029 1599 1098 expo·

246 1096 351 1157 liendis
373 1098 503 1158 laborem
525 1099 721 1179 respondendi
744 1103 920 1179 impendam.

352 1196 384 1252 In
403 1197 497 1254 codiee
514 1200 687 1258 Pulcoriensi
706 1203 923 1272 complectuntur
941 1201 993 1257 bae
1011 1202 1123 1271 Kepleri
1140 1202 1235 1258 literae
1254 1203 1289 1259 ‘28
1301 1201 1367 1256 folia
1385 1201 1496 1256 minutis
1515 1197 1599 1254 literis

248 1285 363 1354 seripta;
383 1287 504 1356 integras
523 1303 570 1344 eas
590 1289 771 1358 exhibuimus,
791 1289 952 1344 intermixtis
971 1289 1088 1344 Fabricii
1107 1291 1196 1346 dubiis
1214 1296 1242 1346 et
1260 1289 1465 1359 quaestiouibus
1483 1287 1535 1344 vol.
1548 1287 1598 1344 ill.

248 1391 275 1444 p.
295 1375 443 1442 tua—tta,
463 1377 529 1446 475,
548 1383 653 1446 partem
673 1393 764 1432 eurum
783 1379 864 1433 etiam
883 1376 937 1434 vol.
957 1377 994 1432 ll.
1013 1395 1040 1448 p.
1060 1378 1110 1434 106
1129 1383 1157 1432 ct
1175 1379 1236 1435 603.

353 1463 432 1532 Quali
451 1465 586 1535 lieplerus
611 1481 676 1521 usus
703 1468 738 1521 rit
756 1467 860 1536 Pragee
878 1467 950 1520 vitae
967 1467 1085 1532 ratione,
1112 1483 1146 1521 ex
1171 1467 1214 1522 bis
1237 1465 1435 1535 quadamtenus
1454 1464 1599 1536 apparebit

248 1549 346 1614 verbis,
364 1562 534 1607 cummense
552 1553 636 1608 Junio
655 1553 689 1608 ad
707 1553 893 1609 Rescldum
916 1554 1060 1620 scriberet,
1084 1554 1276 1610 commendans
1292 1552 1502 1628 vadolescentem
1521 1551 1546 1607 J.
1567 1553 1599 1608 G.

248 1637 383 1707 Polzium,
406 1637 492 1694 filium
510 1640 656 1694 consiliarii
682 1649 709 1695 ct
728 1643 866 1696 secretarii
884 1641 1013 1712 primarii,
1041 1642 1111 1716 „qui
1133 1657 1179 1700 me
1200 1638 1357 1715 plurimum
1381 1637 1485 1714 diligit,
1508 1645 1602 1696 mater

250 1739 319 1782 vero
344 1730 373 1782 et
396 1729 458 1782 lota
481 1723 595 1800 reliqua
616 1725 728 1785 iamilia
742 1725 857 1803 Pragae
878 1731 1039 1786 austriacas
1062 1728 1232 1804 elegantias,
1255 1727 1450 1785 urbanitatem
1474 1742 1603 1784 morum-

248 1826 305 1886 que
328 1810 511 1871 bonestatcm
526 1811 705 1888 profitentur,
728 1811 803 1873 adeo
820 1821 851 1873 ul
873 1816 898 1873 si
922 1814 991 1890 quid
1015 1813 1083 1874 olim
1099 1815 1263 1892 proiecere,
1287 1829 1378 1890 aquo
1402 1811 1519 1890 quidem
1538 1815 1601 1891 jam

250 1896 337 1974 longe
360 1899 473 1973 absum,
496 1897 528 1957 id
550 1899 620 1959 huic
642 1899 771 1960 familiae
793 1903 831 1960 sit
853 1909 1005 1979 acceptum
1028 1903 1188 1965 ferendum.
1232 1901 1388 1960 Praeterea
1411 1903 1440 1958 in
1464 1899 1603 1960 difficilli-

249 1987 303 2044 mis
327 1988 399 2045 mels
420 1985 547 2062 negotiis
570 2005 684 2065 semper
706 1989 777 2046 mibi
801 1989 848 2048 bic
871 1991 899 2046 in
922 1999 1038 2066 promtu
1054 1998 1122 2050 sunt
1138 1991 1249 2068 optima
1271 1989 1404 2060 consilia,
1429 2005 1482 2047 nec
1504 1991 1603 2048 obstat

247 2073 318 2132 inibi
351 2073 398 2133 val
421 2075 462 2132 rei
486 2072 665 2136 domesticae
693 2079 820 2136 tenuitas
850 2076 898 2138 val
929 2078 1059 2137 conditio
1089 2075 1307 2157 inferior(cum
1330 2076 1523 2134 innobilium
1546 2079 1603 2152 ipsi

207 2235 211 2244 .
249 2175 369 2220 numero
392 2161 577 2241 habeantur),
601 2180 660 2241 quo
684 2167 779 2222 minus
803 2164 877 2223 liber
898 2165 968 2222 mibi
992 2167 1108 2243 quoties
1132 2165 1201 2226 volo
1224 2164 1261 2223 ml
1277 2167 1357 2242 ipsos
1372 2171 1474 2241 pateat
1495 2164 1602 2224 aditus.

248 2253 299 2306 His
319 2252 443 2323 adjungit
461 2253 597 2324 Keplerus
615 2255 782 2325 petitionem,
802 2263 832 2312 ut
844 2257 979 2312 Beseldus
992 2258 1165 2312 Maestliuum
1184 2255 1219 2311 ad
1232 2255 1453 2325 respondendum
1465 2254 1601 2324 impellet3

249 2346 339 2414 atque
362 2347 404 2412 ut,
428 2343 524 2411 pergit,
553 2355 605 2416 per
627 2347 656 2399 te
679 2340 825 2400 bominem
849 2343 990 2414 excitem,
1020 2343 1144 2401 scribam
1167 2340 1295 2416 aliquid,
1320 2339 1399 2416 quoti
1428 2340 1474 2399 vel
1508 2342 1602 2415 ipsum

247 2425 458 2500 Ptolemaeum,
484 2434 527 2486 tot
544 2427 608 2504 jam
632 2436 700 2487 ante
723 2428 824 2488 secula
846 2437 1007 2506 mortuum,
1031 2429 1068 2488 ad
1092 2428 1276 2489 scribendum
1300 2432 1415 2490 excitet.
1452 2427 1601 2504 Superiori

249 2517 300 2573 28.
324 2512 398 2590 Maji
420 2516 502 2574 visus
526 2527 571 2574 est
592 2516 679 2574 nobis
701 2515 749 2575 bic
773 2517 886 2593 Pragae
908 2517 1070 2576 Mercurios
1094 2519 1123 2574 in
1147 2519 1212 2593 ipso
1236 2515 1317 2576 diseo
1341 2515 1420 2575 Solis
1443 2523 1498 2575 etc.

353 2615 490 2686 lieplcrus
510 2615 588 2670 initio
606 2617 670 2670 anui
688 2633 748 2672 cum
766 2617 863 2671 Mart:
882 2616 1044 2672 Rulando
1064 2615 1249 2686 (imperatoris
1268 2615 1408 2684 liudulpbi
1426 2613 1530 2670 medico
1549 2611 1602 2683 pri·

247 2703 344 2772 mario)
364 2705 396 2759 dc
416 2703 539 2774 chymiee
556 2709 615 2759 erte
633 2720 682 2774 per
699 2703 794 2760 literas
813 2705 881 2774 egit,
908 2705 981 2774 quod
1006 2720 1040 2758 ex
1059 2705 1101 2759 bis
1120 2702 1239 2758 Rulandi
1264 2702 1352 2757 verbis
1371 2702 1474 2757 elucet:
1502 2701 1602 2757 Rerum

247 2789 430 2862 chymicarum
454 2798 481 2846 te
504 2809 558 2846 nun
584 2791 667 2862 plene
690 2791 814 2862 ignarum
838 2809 914 2863 esse,
941 2793 1107 2862 objectiones
1132 2790 1248 2847 solerter
1270 2791 1428 2862 prepositae
1446 2791 1602 2848 ostendunt.

248 2880 290 2934 De
308 2879 565 2934 medicamentorum
584 2879 767 2950 chymicorum
787 2879 902 2947 artificio
920 2887 996 2936 reeta
1018 2880 1112 2935 sentis.
1150 2883 1259 2934 Certum
1278 2887 1329 2948 est,
1348 2878 1491 2948 spagyrico
1510 2878 1604 2932 labore

158 3005 167 3022 .
247 2967 445 3021 medicamenta
463 2966 553 3021 minus
572 2967 667 3020 virium
686 2967 809 3035 perdere.
846 2969 1058 3038 Clrrysopoeiam
1078 2983 1133 3022 non
1153 2966 1252 3022 videris
1271 2967 1325 3022 tuis
1344 2965 1511 3035 argumentis
1529 2964 1602 3019 labe·

248 3055 353 3110 factare
371 3060 419 3108 ant
438 3059 583 3122 suspectae
601 3053 665 3108 fidel
684 3069 807 3122 arguere.
845 3055 958 3121 „Calore
976 3053 1094 3110 Telluris
1113 3070 1221 3125 aurum,
1249 3061 1390 3122 argentum
1409 3053 1477 3108 solvi
1497 3060 1524 3106 et
1542 3069 1603 3106 coe·

251 3140 339 3210 gulari
358 3146 457 3209 potest,
477 3147 571 3195 nostro
589 3139 725 3194 artificiali
743 3156 798 3194 non
817 3149 924 3210 potest:
943 3157 1008 3209 crgo
1020 3141 1197 3210 impossibilis
1211 3141 1414 3212 chrysopoeia.'‘
1444 3143 1601 3196 Conncxrrm

251 3229 304 3283 boc
322 3235 445 3296 negatur,
465 3235 495 3283 ut
514 3227 734 3298 asyllogisticum.
766 3229 862 3284 Calore
881 3229 982 3284 Terrae
1001 3229 1106 3284 nullum
1124 3228 1296 3284 metallorum
1315 3228 1384 3282 solvi
1403 3245 1453 3284 nce
1465 3227 1603 3296 coagulari

247 3321 341 3386 potest
360 3322 412 3372 etc.
449 3315 511 3384 Ais,
535 3316 655 3370 tinctura
673 3315 755 3370 cultri
774 3323 880 3386 partem
899 3319 1063 3372 anteriorem
1082 3331 1191 3372 auream
1210 3333 1271 3370 esse
1290 3317 1428 3386 effectum,
1453 3315 1603 3385 posteriore

246 3411 373 3459 manente
391 3401 490 3460 ferrea.
527 3403 664 3460 Incertruu
683 3403 735 3459 boe
755 3411 796 3458 est
815 3402 968 3474 exemplum
988 3411 1016 3460 et
1033 3411 1179 3460 narratum.
1204 3405 1324 3474 lllepans
1337 3411 1379 3460 est
1392 3405 1465 3473 qrrcd
1479 3403 1603 3472 appingis

247 3493 280 3548 de
300 3491 391 3547 calore
410 3491 560 3558 ventriculi,
579 3491 777 3546 medicamenta
795 3491 941 3561 purgantis
963 3492 1139 3563 dispergente
1161 3507 1211 3561 per
1234 3499 1323 3547 tetum
1341 3507 1441 3562 eorpus
1461 3498 1513 3546 etc.
1550 3491 1604 3558 (Ex
1691 3495 1694 3499 '

247 3579 362 3651 epistola
380 3577 406 3636 d.
425 3577 594 3634 Rutisbonae
613 3577 639 3634 d.
659 3579 700 3633 24.
721 3577 813 3647 Febr.)

352 3667 369 3721 J
376 3681 500 3721 oannes
519 3665 694 3722 Pistorius
713 3667 847 3738 Friburgo
868 3668 894 3722 d.
913 3667 956 3721 14.
976 3669 1068 3724 biartii
1086 3668 1119 3722 dc
1138 3683 1210 3723 anuo
1230 3667 1330 3722 Christi
1349 3665 1434 3720 natali
1452 3681 1511 3721 curn
1531 3663 1603 3734 liep-

247 3755 305 3810 lere
325 3753 389 3823 cpit,
407 3753 477 3822 petit
492 3753 624 3820 ,eclipses
643 3767 745 3817 omnes.
767 3769 836 3821 quac
849 3757 926 3812 aunis
939 3757 1056 3811 Julianis
1069 3757 1112 3824 43,
1132 3757 1175 3824 14,
1192 3757 1225 3811 45
1245 3757 1424 3824 contigerunt,
1443 3752 1603 3822 descriptas.

247 3842 418 3898 intercedam
437 3856 486 3910 pro
504 3845 533 3895 te
551 3840 586 3894 ad
606 3841 748 3895 Caesarem
774 3851 802 3896 et
824 3843 907 3912 hujus
929 3843 1111 3910 consiliarius,
1135 3844 1295 3912 praesertim
1319 3843 1354 3899 ed
1372 3845 1405 3897 D.
1424 3839 1603 3897 Lichtenstei-

247 3933 349 3987 niuml.
388 3927 494 3983 Certior
516 3927 575 3983 fieri
600 3929 677 3998 cupit
699 3929 733 3982 de
752 3929 864 3999 Iirplcri
887 3930 992 3986 studiis.
1030 3931 1105 3998 Quuc
1130 3931 1265 4000 Keplerus
1289 3930 1431 3999 respondit
1453 3928 1486 3983 da
1508 3927 1602 3982 morbo

247 4019 366 4096 Pistoril,
384 4019 538 4073 immiscens
557 4018 691 4086 quaedam
711 4019 875 4090 theologica,
894 4019 1023 4090 leguntur
1041 4017 1094 4074 rol.
1107 4017 1155 4073 IV.
1168 4035 1194 4087 p.
1208 4017 1259 4070 114
1274 4033 1311 4072 ss.
1342 4017 1383 4076 De
1396 4013 1514 4070 editione
1528 4015 1603 4070 Com·

247 4107 439 4164 menteriorum
453 4105 549 4160 Martis
568 4106 662 4161 eadem
681 4105 737 4160 iere
755 4105 848 4175 refert,
868 4124 939 4176 quae
952 4107 1093 4162 Hermario
1113 4113 1141 4160 ct
1152 4105 1286 4176 Fabricio,
1307 4106 1340 4160 de
1353 4104 1412 4160 aliis
1426 4101 1522 4158 studiis
1534 4103 1603 4158 haec

247 4197 333 4252 evol.
353 4195 402 4250 111,
421 4211 450 4267 p.
468 4193 521 4254 444
540 4193 701 4264 repetimus:
721 4189 948 4268 premeridum
971 4191 1052 4250 nulla
1075 4193 1104 4247 in
1128 4193 1293 4266 propinquo
1316 4205 1402 4270 spes,
1430 4191 1500 4264 quia
1522 4186 1602 4245 Mars

246 4283 275 4340 in
299 4297 364 4340 meu
389 4280 507 4338 cerebro
523 4279 717 4355 manibusque
741 4280 943 4339 tumultuatur.
976 4279 1022 4338 De
1037 4278 1242 4354 Iirtclclpdinia
1263 4275 1380 4336 tandem
1403 4274 1602 4352 Teugnagllue

248 4369 363 4428 videtur
385 4383 468 4444 spem
491 4366 653 4444 abjecisse,
683 4383 741 4424 non
766 4385 836 4444 ego,
867 4369 892 4426 ai
921 4369 1031 4426 vixero.
1076 4363 1177 4424 Simo
1200 4365 1295 4442 pactis
1325 4363 1433 4423 nostris
1463 4361 1603 4438 impediet

247 4455 359 4534 aliquid
383 4454 522 4530 evulgare
546 4453 765 4530 Tengnaglius,
796 4459 957 4532 excipiam,
982 4453 1135 4530 deceptum
1159 4469 1206 4513 me
1229 4469 1308 4526 esse,
1334 4469 1400 4510 cum
1423 4453 1604 4530 promisisset

247 4547 322 4604 intra
346 4547 364 4603 4
381 4559 473 4602 arrnos
489 4541 693 4619 Redolphlnas
717 4541 819 4617 ederet
843 4543 911 4602 baie
928 4560 983 4618 ego
998 4541 1195 4618 promissioni,
1219 4557 1295 4615 quae
1318 4538 1397 4598 lacta
1413 4547 1457 4598 est
1473 4537 1602 4608 Caesari,
1633 4551 1636 4560 ⁴

248 4633 382 4690 inimicus
405 4631 524 4706 promisi
548 4639 728 4705 exspectare,
752 4630 845 4691 donee
867 4630 1010 4706 prodeant
1027 4627 1094 4688 illae
1111 4625 1240 4701 tabulae,
1263 4627 1450 4702 postmodum
1468 4625 1603 4686 libertate

245 4717 452 4795 pbilosopbice
463 4717 537 4776 mibi
551 4725 710 4778 reservata.
740 4717 810 4776 Jam
825 4717 922 4776 nullas
938 4718 988 4777 ille
1004 4716 1121 4776 tabulae
1137 4732 1267 4791 unquam
1282 4716 1406 4788 scribet,
1429 4717 1510 4774 irrita
1533 4728 1603 4788 ergo

246 4812 466 4883 praetoresue,
490 4806 546 4866 etsi
568 4804 766 4865 conditionem
789 4804 825 4864 tle
850 4807 968 4866 tannis
992 4821 1050 4864 nun
1073 4805 1238 4878 eontinent;
1261 4803 1377 4875 scilicit,
1401 4802 1455 4861 bos
1472 4807 1490 4860 4
1509 4815 1602 4860 annos

248 4893 368 4956 Caesari
390 4893 568 4954 nominatos.
