3662 5544
837 433 912 492 tete.
1314 415 1320 430 '
1480 433 1545 508 aab

195 595 244 654 tihi
262 598 371 656 decerni
388 602 485 672 potuit
510 603 619 662 Petenti
635 620 752 677 namque
771 607 860 667 datur.
893 607 1009 678 Quando
1026 623 1090 664 raro
1108 608 1142 665 ad
1161 627 1208 670 ros
1221 611 1370 672 ascendero
1382 612 1462 670 aliam
1475 613 1545 670 riam

194 683 244 739 tibi
261 687 444 756 monstrabo,
457 705 512 760 qna
534 699 689 749 uostromm
712 694 928 770 benepolendam
953 694 1085 750 demereri
1107 699 1196 766 possis
1215 706 1268 758 etc.

297 777 589 860 Wacirherumhis
607 781 675 838 adiit
692 783 828 862 Kspierus
847 799 918 839 anno
939 785 1019 840 ibid:

296 869 401 932 Annus
430 873 493 950 jam
529 877 735 954 circumagitur
764 876 920 938 inchoatae
952 884 1021 938 tuas
1049 877 1079 934 in
1110 893 1157 937 me
1187 895 1284 940 novae
1317 879 1544 941 beacrbientiae

194 953 446 1037 liberalitatisque,
471 963 555 1040 cujus
579 967 674 1025 exacti
697 947 828 1025 rationes*
847 963 915 1023 Tibi
937 961 1115 1048 {explicaho,
1138 983 1175 1025 ne
1197 966 1314 1036 silentio
1337 968 1449 1028 diutino
1473 984 1545 1028 cau·

195 1061 256 1103 sam
279 1046 436 1124 praebeam
459 1053 641 1129 suspicandi,
672 1054 746 1111 tanti
772 1051 834 1111 Viri
864 1055 1035 1112 memoriam
1065 1051 1137 1111 mihi
1160 1053 1313 1117 excidisse.
1358 1053 1399 1116 Ut
1420 1055 1544 1136 primum

193 1129 289 1207 Praga
314 1133 432 1194 domum
455 1138 536 1212 redii,
560 1139 598 1198 od
620 1139 801 1201 Tabularum
824 1146 853 1199 et
867 1139 1092 1218 Ephemcridum
1116 1157 1190 1218 opus
1211 1142 1294 1217 redit,
1318 1150 1409 1220 utque
1432 1153 1545 1204 sumtus

194 1219 229 1278 ad
256 1219 464 1299 ilphemeridas
488 1225 610 1287 duorum
633 1243 775 1287 annnorum
799 1226 974 1305 expedirem,
999 1227 1057 1288 riis
1080 1235 1109 1288 et
1132 1227 1338 1290 calendarium
1361 1248 1426 1291 eum
1449 1230 1545 1308 Prog-

192 1309 305 1368 nostico
328 1313 440 1389 scripsi,
464 1314 544 1390 quod
566 1315 655 1394 paulo
671 1315 830 1375 adnmdum
845 1315 996 1375 honestius
1012 1323 1065 1392 est,
1089 1332 1177 1393 quam
1193 1317 1369 1394 mendicare,
1391 1321 1449 1378 nisi
1464 1317 1544 1398 quod

194 1396 236 1455 sic
258 1393 361 1456 honori
386 1399 520 1461 Caesaris
544 1405 700 1481 parcitum,
725 1406 774 1480 qui
798 1421 844 1463 me
867 1406 897 1462 in
920 1397 1046 1462 solidum
1071 1402 1192 1480 descrit,
1217 1412 1248 1464 nt
1271 1424 1322 1485 per
1344 1407 1436 1484 ipsius
1459 1424 1545 1466 man·

194 1479 262 1542 data
287 1485 452 1562 camoralla,
477 1493 667 1568 quantumvis
690 1493 790 1552 crebra
814 1497 843 1550 at
865 1494 1003 1564 recentia,
1027 1491 1097 1550 mihi
1112 1492 1188 1552 ieme
1204 1497 1297 1572 perire
1312 1493 1409 1558 liceat.
1445 1493 1546 1574 Ephe·

193 1571 279 1630 meris
310 1576 379 1632 anni
405 1581 499 1637 1618.
523 1595 631 1639 excusa
661 1577 716 1638 luit
737 1581 823 1638 novis
846 1579 918 1638 meis
939 1581 1037 1657 typis,
1068 1579 1292 1641 Francoiurtum
1314 1599 1385 1642 vero
1407 1598 1465 1641 non
1489 1581 1544 1642 ad·

194 1659 275 1716 venit
296 1665 429 1739 tempori.
474 1663 518 1724 Ea
547 1666 683 1727 absoluta
713 1670 796 1744 coepi
827 1664 864 1726 ad
887 1669 955 1725 anni
982 1667 1075 1729 1617.
1099 1665 1294 1746 Ephemerids
1317 1686 1382 1729 cum
1405 1671 1543 1748 prolego-

192 1747 283 1806 menis
306 1748 506 1810 encudendam
530 1755 659 1813 animum
688 1755 852 1832 applicare;
880 1753 932 1814 sed
956 1771 1021 1813 cum
1045 1761 1166 1816 matrem
1198 1775 1292 1817 meam
1316 1757 1434 1816 domum
1456 1773 1542 1836 prae·

191 1835 334 1894 misissem
358 1839 396 1910 (r.
415 1845 444 1898 s.'
456 1857 484 1912 p.
503 1843 568 1914 836)
590 1837 781 1920 postulabant
803 1841 895 1920 ipsius
917 1843 1036 1918 negotia
1058 1849 1088 1905 et
1104 1859 1169 1902 mea
1185 1847 1293 1924 pietas,
1317 1851 1350 1905 nt
1372 1847 1544 1926 interposita

192 1921 345 1982 commodo
368 1922 433 1984 loco
456 1943 538 1986 mora
561 1929 697 2007 operibus
721 1931 802 2004 meis,
826 1931 888 2006 ipse
912 1930 1114 2008 subsequorcr.
1138 1963 1176 1974 —

294 2022 370 2090 Quae
382 2023 416 2080 de
429 2025 641 2096 Ephemeridum
660 2029 778 2086 editione
797 2045 857 2086 cum
870 2028 1009 2100 Mingouio
1028 2031 1091 2100 egit,
1109 2029 1239 2100 leguntur
1256 2033 1291 2088 ad
1310 2046 1412 2088 annum
1429 2047 1543 2104 sequen·

189 2111 253 2164 tem.
292 2109 371 2179 Quod
389 2111 424 2166 ad
442 2121 581 2170 matram
600 2117 711 2188 iicpieri
729 2117 842 2188 attinet,
868 2116 901 2170 iis
920 2132 990 2185 quae
1008 2118 1025 2172 i.
1045 2133 1070 2174 c.
1089 2117 1206 2174 dinimm
1232 2118 1301 2176 haec
1319 2114 1491 2190 adjungimus
1507 2137 1543 2178 ex

187 2193 275 2252 literis
293 2197 329 2252 ad
341 2199 517 2258 Maestlinum
536 2204 562 2260 d.
575 2207 599 2261 5.
615 2205 690 2276 Sept.
708 2212 737 2261 et
748 2205 791 2261 22.
804 2205 871 2263 Dec.
887 2204 953 2262 ibib
973 2203 1045 2262 detis
1064 2205 1195 2261 desumta
1220 2205 1253 2260 In
1265 2207 1402 2278 prioribus
1414 2206 1543 2276 legimus:

188 2277 387 2360 Tabellarium
406 2285 447 2372 'ad
463 2287 501 2350 D.
518 2289 555 2348 D.
572 2288 732 2350 Beseldum
756 2295 785 2348 et
808 2287 987 2348 Straussium
1011 2287 1117 2366 ablega
1140 2295 1169 2350 at
1191 2290 1262 2364 quia
1283 2288 1366 2350 tarde
1388 2294 1544 2352 revertitur

188 2366 358 2431 tabellarius
380 2372 563 2452 Tubingam,
594 2394 666 2454 rogo
698 2374 776 2454 apud
799 2375 959 2436 Beseldum
982 2378 1091 2450 instes,
1124 2384 1156 2435 ut
1178 2375 1277 2437 literas
1301 2385 1368 2438 tuas
1391 2395 1456 2438 cum
1479 2384 1542 2440 suia

189 2451 230 2530 (in
248 2472 338 2518 causa
353 2459 472 2537 sorensi)
489 2482 539 2542 per
555 2463 663 2526 celeres
680 2464 717 2526 ad
734 2482 780 2524 me
798 2463 845 2525 rel
861 2481 920 2541 qua
936 2465 985 2524 via
1001 2465 1175 2526 brevissima
1190 2473 1287 2541 potest
1301 2468 1487 2527 transmittat.
1501 2501 1539 2512 -

187 2545 239 2602 Die
258 2547 300 2602 22.
319 2549 384 2606 Des.
404 2553 513 2622 scripsit
530 2553 681 2626 Kepierus:
709 2551 822 2612 Literna
855 2559 920 2610 tuas
950 2549 1009 2628 legi
1040 2569 1147 2628 magna
1174 2567 1239 2610 cum
1271 2552 1432 2630 uoluptate.
1478 2553 1540 2616 aar

188 2645 258 2688 vero
281 2631 328 2690 his
353 2633 509 2712 adjunctae
538 2641 655 2702 luerunt
680 2640 782 2701 literae
805 2653 953 2712 meorum,
985 2639 1092 2716 quibua
1114 2638 1244 2716 pericula
1266 2641 1490 2700 continebantur
1512 2653 1542 2702 et

188 2715 353 2781 calumniae
376 2723 636 2802 sceleratissimae,
661 2735 690 2789 et
711 2728 844 2806 potentia
866 2724 1098 2788 aduersariorum
1122 2732 1152 2786 st
1174 2743 1274 2786 cursus
1292 2727 1426 2802 justitiae
1449 2731 1540 2788 inter·

188 2805 276 2881 cisus,
301 2807 408 2886 quibus
431 2816 549 2890 tragicis
572 2817 786 2876 narrationibus
810 2808 925 2874 ¹animus
956 2813 1095 2891 abreptus
1119 2814 1168 2872 vix
1191 2811 1229 2873 ad
1251 2812 1484 2892 respondendum
1508 2833 1540 2876 se

185 2892 345 2972 recolligit:
370 2905 466 2959 tamen
490 2904 560 2980 quia
582 2903 740 2964 mittendus
756 2911 800 2962 est
816 2900 996 2975 tabellarius,
1021 2899 1169 2978 piaculum
1185 2899 1306 2961 videbar
1322 2904 1538 2978 commissurus,

185 2981 210 3037 si
235 2980 308 3041 nihii
331 2985 545 3064 responderem.
588 2991 691 3068 (Venit
713 2993 824 3050 interea
846 2989 934 3048 irater
956 3006 1040 3050 meua
1062 3005 1128 3051 oum
1151 2997 1251 3065 matre,
1275 2989 1375 3064 itaque
1398 3007 1457 3050 non
1479 2989 1539 3054 alio

185 3067 342 3131 tabellario
365 3091 439 3152 opus
462 3075 578 3156 habui.)
604 3113 641 3124 -

292 3171 369 3241 Quae
393 3173 486 3230 insunt
510 3175 650 3252 codicibus
673 3175 900 3258 Pulhoriensihus
923 3175 1022 3246 ,studia
1043 3175 1154 3246 Kepieri
1185 3176 1367 3232 astronomica
1390 3175 1443 3234 hoc
1466 3193 1537 3235 anuo

184 3265 323 3330 suscepta,
343 3276 377 3316 ex
389 3269 467 3331 parte
479 3264 607 3340 leguntur
619 3265 646 3320 in
659 3265 840 3322 voluminibus
852 3264 1015 3346 praemissis.
1040 3265 1137 3320 Mense
1149 3265 1248 3320 Martio
1261 3264 1385 3334 pluribus
1398 3265 1539 3335 inquisivit

184 3347 317 3417 temporis
335 3349 541 3422 aequationem,
561 3367 642 3422 quam
659 3352 876 3423 inquisitionem,
895 3352 1055 3421 inscriptam
1072 3352 1120 3407 Do
1139 3353 1307 3421 temporis
1325 3355 1537 3422 aequatione

182 3437 348 3508 plenaria
374 3447 408 3493 et
432 3447 525 3512 motu
551 3449 699 3498 octavae
725 3439 894 3510 sphaerae
921 3440 1093 3498 exhibuimus
1115 3437 1169 3494 voi.
1194 3437 1240 3493 vi.
1265 3455 1293 3508 p.
1312 3439 1347 3496 78
1365 3453 1403 3496 sa.
1439 3439 1536 3498 Mensa

182 3523 272 3594 Aprili
297 3523 444 3595 plurimum
473 3543 573 3598 operae
600 3529 751 3586 consumsit
773 3528 801 3584 in
824 3525 1014 3597 computandis
1038 3525 1201 3596 eclipsibus,
1226 3524 1373 3595 praecipue
1404 3541 1537 3582 annorum

183 3613 443 3680 temeriritatis
462 3614 797 3672 calculisiinemiacicns:
820 3611 950 3671 Plurima
972 3611 1038 3673 inde
1059 3610 1206 3670 discimus.
1236 3607 1335 3686 Primo
1359 3608 1537 3672 celeritatem

181 3699 212 3758 in
236 3699 387 3778 ipsissima
410 3701 605 3778 oppositione.
649 3700 725 3761 Nam
754 3699 919 3778 frequenter
942 3706 972 3759 et
994 3700 1022 3756 in
1046 3699 1237 3774 nonogesimo
1266 3703 1296 3756 et
1324 3697 1353 3754 ia
1376 3697 1537 3760 meridiano

181 3793 228 3846 ost
252 3787 412 3846 observata
435 3807 453 3847 a
475 3785 555 3862 iris,
586 3789 761 3848 extriceutur
790 3805 858 3864 orgo
887 3784 1052 3866 paralianes
1081 3794 1229 3862 utcunque
1257 3789 1287 3844 et
1312 3793 1462 3864 separetur
1485 3786 1537 3846 iiia

180 3872 372 3949 acceleratio,
404 3891 480 3952 quae
504 3883 548 3935 est
571 3893 606 3936 ex
629 3874 787 3937 anomalia.
832 3871 969 3936 Secundo
997 3878 1189 3954 qqautitatem
1218 3873 1338 3932 umbrae
1361 3875 1390 3930 in
1413 3876 1535 3934 transitu

180 3979 308 4038 eumque
331 3964 448 4038 gemino
472 3966 607 4038 quamvis
621 3961 803 4024 coincideute
820 3960 919 4034 modo,
942 3969 972 4021 et
986 3978 1037 4039 per
1051 3961 1229 4022 celeritatem
1253 3977 1305 4020 seu
1320 3966 1431 4020 motum
1447 3959 1536 4021 hora·

179 4053 271 4120 rium,
304 4059 333 4108 et
365 4066 415 4128 per
446 4049 535 4128 daes3
567 4059 682 4130 oportet
711 4059 809 4112 autem
838 4050 933 4110 metiri
955 4067 974 4108 a
996 4050 1089 4126 prima
1116 4049 1322 4108 obscuratione
1352 4045 1389 4105 ad
1412 4048 1534 4126 primam

179 4137 377 4198 emersionem
400 4155 436 4197 ex
459 4137 576 4213 umbra,
608 4137 655 4200 vel
677 4157 695 4199 a
718 4129 811 4217 prima
834 4137 1018 4197 immersione
1040 4135 1078 4196 ad
1096 4135 1188 4220 linem
1217 4134 1371 4213 eclipseos.
1416 4133 1533 4196 ‘lertior

178 4223 250 4285 hinc
274 4222 413 4284 discimus
436 4227 525 4286 etiam
549 4227 651 4288 Lunae
674 4226 857 4288 altitudinem
881 4233 911 4287 et
932 4241 984 4303 per
1006 4240 1189 4300 consequens
1211 4216 1384 4302 paraliaxid,
1406 4237 1459 4282 scu
1482 4239 1534 4300 pcc

178 4311 266 4386 dnae,
289 4329 343 4372 seu
366 4329 417 4393 per
438 4314 588 4376 inveniam
609 4314 783 4375 diametrum
806 4313 935 4374 umbrae.
983 4311 1109 4387 Quarto:
1141 4313 1168 4372 A
1191 4312 1333 4389 principio
1356 4307 1393 4367 ad
1416 4310 1534 4370 immer-

177 4401 308 4472 sionem,
340 4417 393 4459 seu
416 4401 454 4460 ab
478 4403 639 4464 emersione
662 4401 811 4464 adtinere
835 4401 974 4460 discimus
996 4399 1170 4460 diametrum
1192 4397 1308 4471 Lunae,
1332 4399 1533 4460 consentiente

177 4487 392 4548 observatione
415 4505 515 4550 morae
537 4489 575 4550 hd
600 4490 805 4550 diametrorum
822 4486 975 4549 discrimen
991 4486 1204 4548 aestimandum
1227 4493 1256 4546 et
1272 4483 1424 4544 duratione
1439 4485 1532 4546 soiius

177 4575 326 4656 eclipseos
358 4574 397 4634 ad
427 4588 628 4654 aggregatum.
683 4576 793 4654 Quinto
825 4577 963 4655 probatur
996 4574 1213 4651 aequinoctium
1243 4571 1445 4650 Tyclionicum
1478 4591 1531 4636 acu

176 4671 277 4724 motus
292 4661 381 4723 Solis.
405 4661 488 4724 Haec
501 4666 667 4726 successive
682 4665 810 4726 omnia.
826 4705 834 4723 .
851 4713 857 4726 .
874 4705 883 4723 .
906 4668 968 4722 iam
986 4665 1103 4738 repetito
1116 4663 1221 4722 calculo
1234 4662 1369 4720 meismet
1380 4661 1531 4733 Kepierus:

176 4749 241 4811 Nisi
267 4767 347 4810 error
377 4749 487 4811 alicubi
514 4755 701 4828 commissus,
732 4751 904 4812 admirabile
934 4753 1086 4830 quippiam
1115 4751 1162 4810 hio
1193 4749 1347 4808 exorietur.
1391 4747 1468 4808 Nam
1492 4752 1530 4812 ab

176 4835 252 4899 hora
277 4843 307 4898 8.
333 4837 408 4922 303¹
431 4857 481 4916 per
503 4840 590 4900 horas
614 4845 642 4901 3.
667 4843 720 4902 23‘
742 4839 874 4900 horarius
897 4846 941 4899 est
966 4843 1018 4898 31¹
1042 4841 1094 4898 tu.
1130 4835 1206 4895 Hinc
1229 4852 1281 4912 per
1302 4833 1390 4896 horas
1410 4841 1439 4898 2.
1456 4839 1532 4928 Μ’

175 4935 222 4994 est
245 4925 385 4990 horarius
408 4919 459 4990 ὅθ’
485 4927 546 4989 15¹¹
566 4927 698 5012 Vigilate
721 4927 929 5006 mathematici,
951 4923 1023 5008 quid
1044 4925 1101 4986 hoc
1122 4924 1163 4986 rei
1184 4920 1304 4992 norae?
