<?xml version="1.0" encoding="UTF-8"?>
<!DOCTYPE html PUBLIC "-//W3C//DTD XHTML 1.0 Transitional//EN"
    "http://www.w3.org/TR/xhtml1/DTD/xhtml1-transitional.dtd">
<html xmlns="http://www.w3.org/1999/xhtml" xml:lang="en" lang="en">
 <head>
  <title>
</title>
<meta http-equiv="Content-Type" content="text/html;charset=utf-8" />
  <meta name='ocr-system' content='tesseract 3.04.00' />
  <meta name='ocr-capabilities' content='ocr_page ocr_carea ocr_par ocr_line ocrx_word'/>
</head>
<body>
  <div class='ocr_page' id='page_1' title='image "./joanniskepleria25frisgoog_0260.png"; bbox 0 0 3662 5544; ppageno 0'>
   <div class='ocr_carea' id='block_1_1' title="bbox 703 427 1543 510">
    <p class='ocr_par' dir='ltr' id='par_1_1' title="bbox 703 427 1543 510">
     <span class='ocr_line' id='line_1_1' title="bbox 703 427 1543 510; baseline 0 -22"><span class='ocrx_word' id='word_1_1' title='bbox 703 483 705 496; x_wconf 89' lang='grc'>,</span> <span class='ocrx_word' id='word_1_2' title='bbox 743 501 749 510; x_wconf 35' lang='lat'><strong><em>¹</em></strong></span> <span class='ocrx_word' id='word_1_3' title='bbox 841 427 915 488; x_wconf 82' lang='lat' dir='ltr'><strong>tera.</strong></span> <span class='ocrx_word' id='word_1_4' title='bbox 1479 433 1543 506; x_wconf 72' lang='lat'><strong>305</strong></span> 
     </span>
    </p>
   </div>
   <div class='ocr_carea' id='block_1_2' title="bbox 199 591 1547 773">
    <p class='ocr_par' dir='ltr' id='par_1_2' title="bbox 199 591 1547 773">
     <span class='ocr_line' id='line_1_2' title="bbox 199 591 1547 678; baseline 0.007 -20"><span class='ocrx_word' id='word_1_5' title='bbox 199 599 347 660; x_wconf 85' lang='lat' dir='ltr'><strong>Lineium.“</strong></span> <span class='ocrx_word' id='word_1_6' title='bbox 384 599 580 671; x_wconf 75' lang='lat' dir='ltr'><strong>Imperatorem</strong></span> <span class='ocrx_word' id='word_1_7' title='bbox 598 591 742 660; x_wconf 84' lang='lat' dir='ltr'><strong>blaitbiam</strong></span> <span class='ocrx_word' id='word_1_8' title='bbox 764 603 793 660; x_wconf 90' lang='lat' dir='ltr'><strong>iu</strong></span> <span class='ocrx_word' id='word_1_9' title='bbox 816 603 985 676; x_wconf 74' lang='lat' dir='ltr'><strong>praefatione</strong></span> <span class='ocrx_word' id='word_1_10' title='bbox 1007 603 1041 658; x_wconf 91' lang='lat' dir='ltr'><strong>ad</strong></span> <span class='ocrx_word' id='word_1_11' title='bbox 1065 604 1230 678; x_wconf 80' lang='lat' dir='ltr'><strong>iipbemeriu</strong></span> <span class='ocrx_word' id='word_1_12' title='bbox 1254 607 1318 664; x_wconf 80' lang='lat' dir='ltr'><strong>arni</strong></span> <span class='ocrx_word' id='word_1_13' title='bbox 1338 609 1405 666; x_wconf 81' lang='lat' dir='ltr'><strong>itit</strong></span> <span class='ocrx_word' id='word_1_14' title='bbox 1422 609 1461 666; x_wconf 89' lang='lat' dir='ltr'><strong>sie</strong></span> <span class='ocrx_word' id='word_1_15' title='bbox 1479 611 1547 668; x_wconf 83' lang='lat' dir='ltr'><strong>alio·</strong></span> 
     </span>
     <span class='ocr_line' id='line_1_3' title="bbox 200 686 1545 773; baseline 0.009 -27"><span class='ocrx_word' id='word_1_16' title='bbox 200 691 291 762; x_wconf 86' lang='lat' dir='ltr'><strong>quitur</strong></span> <span class='ocrx_word' id='word_1_17' title='bbox 308 689 458 759; x_wconf 87' lang='lat' dir='ltr'><strong>Keplerus:</strong></span> <span class='ocrx_word' id='word_1_18' title='bbox 493 686 526 746; x_wconf 91' lang='lat' dir='ltr'><strong>lu</strong></span> <span class='ocrx_word' id='word_1_19' title='bbox 555 704 662 764; x_wconf 72' lang='lat' dir='ltr'><strong>rusque</strong></span> <span class='ocrx_word' id='word_1_20' title='bbox 689 687 783 750; x_wconf 84' lang='lat' dir='ltr'><strong>rerum</strong></span> <span class='ocrx_word' id='word_1_21' title='bbox 812 692 951 764; x_wconf 85' lang='lat' dir='ltr'><strong>angustia</strong></span> <span class='ocrx_word' id='word_1_22' title='bbox 979 687 1081 751; x_wconf 89' lang='lat' dir='ltr'><strong>sedulo</strong></span> <span class='ocrx_word' id='word_1_23' title='bbox 1113 694 1242 770; x_wconf 79' lang='lat' dir='ltr'>perrexi,</span> <span class='ocrx_word' id='word_1_24' title='bbox 1280 692 1373 754; x_wconf 87' lang='lat' dir='ltr'><strong>douae</strong></span> <span class='ocrx_word' id='word_1_25' title='bbox 1402 694 1545 773; x_wconf 76' lang='lat' dir='ltr'><strong>Maiestas</strong></span> 
     </span>
    </p>
   </div>
   <div class='ocr_carea' id='block_1_3' title="bbox 180 857 1544 3602">
    <p class='ocr_par' dir='ltr' id='par_1_3' title="bbox 198 857 933 926">
     <span class='ocr_line' id='line_1_4' title="bbox 198 857 933 926; baseline -0.003 -10"><span class='ocrx_word' id='word_1_26' title='bbox 198 861 267 916; x_wconf 83' lang='lat' dir='ltr'><strong>Fata</strong></span> <span class='ocrx_word' id='word_1_27' title='bbox 283 860 372 918; x_wconf 89' lang='lat' dir='ltr'><strong>Deum</strong></span> <span class='ocrx_word' id='word_1_28' title='bbox 391 872 480 926; x_wconf 89' lang='lat' dir='ltr'><strong>curae,</strong></span> <span class='ocrx_word' id='word_1_29' title='bbox 500 857 564 912; x_wconf 91' lang='lat' dir='ltr'><strong>mibi</strong></span> <span class='ocrx_word' id='word_1_30' title='bbox 583 858 689 914; x_wconf 90' lang='lat' dir='ltr'><strong>coelum</strong></span> <span class='ocrx_word' id='word_1_31' title='bbox 707 867 771 914; x_wconf 85' lang='lat' dir='ltr'><strong>vota</strong></span> <span class='ocrx_word' id='word_1_32' title='bbox 789 860 933 914; x_wconf 87' lang='lat' dir='ltr'><strong>ministret.</strong></span> 
     </span>
    </p>

    <p class='ocr_par' dir='ltr' id='par_1_4' title="bbox 199 927 967 1000">
     <span class='ocr_line' id='line_1_5' title="bbox 199 927 967 1000; baseline 0.001 -14"><span class='ocrx_word' id='word_1_33' title='bbox 199 931 366 1000; x_wconf 77' lang='lat' dir='ltr'><strong>Quamquam</strong></span> <span class='ocrx_word' id='word_1_34' title='bbox 384 929 463 987; x_wconf 89' lang='lat' dir='ltr'><strong>etiam</strong></span> <span class='ocrx_word' id='word_1_35' title='bbox 483 927 601 984; x_wconf 89' lang='lat' dir='ltr'><strong>isacides</strong></span> <span class='ocrx_word' id='word_1_36' title='bbox 620 928 675 983; x_wconf 85' lang='lat' dir='ltr'><strong>voti</strong></span> <span class='ocrx_word' id='word_1_37' title='bbox 694 931 744 984; x_wconf 87' lang='lat' dir='ltr'><strong>sub</strong></span> <span class='ocrx_word' id='word_1_38' title='bbox 762 929 878 997; x_wconf 80' lang='lat' dir='ltr'><strong>imagine</strong></span> <span class='ocrx_word' id='word_1_39' title='bbox 896 932 967 987; x_wconf 86' lang='lat' dir='ltr'><strong>natis</strong></span> 
     </span>
    </p>

    <p class='ocr_par' dir='ltr' id='par_1_5' title="bbox 198 999 897 1070">
     <span class='ocr_line' id='line_1_6' title="bbox 198 999 897 1070; baseline -0.003 -14"><span class='ocrx_word' id='word_1_40' title='bbox 198 1001 328 1056; x_wconf 76' lang='lat' dir='ltr'><strong>Fatorum</strong></span> <span class='ocrx_word' id='word_1_41' title='bbox 345 1003 443 1056; x_wconf 89' lang='lat' dir='ltr'><strong>seriem</strong></span> <span class='ocrx_word' id='word_1_42' title='bbox 462 1007 489 1055; x_wconf 90' lang='lat' dir='ltr'><strong>et</strong></span> <span class='ocrx_word' id='word_1_43' title='bbox 506 999 654 1068; x_wconf 79' lang='lat' dir='ltr'><strong>longinqua</strong></span> <span class='ocrx_word' id='word_1_44' title='bbox 672 1014 772 1054; x_wconf 90' lang='lat' dir='ltr'><strong>areana</strong></span> <span class='ocrx_word' id='word_1_45' title='bbox 790 1001 897 1070; x_wconf 81' lang='lat' dir='ltr'><strong>retexit,</strong></span> 
     </span>
    </p>

    <p class='ocr_par' dir='ltr' id='par_1_6' title="bbox 197 1071 886 1139">
     <span class='ocr_line' id='line_1_7' title="bbox 197 1071 886 1139; baseline -0.001 -12"><span class='ocrx_word' id='word_1_46' title='bbox 197 1071 322 1127; x_wconf 81' lang='lat' dir='ltr'><strong>Affirmet</strong></span> <span class='ocrx_word' id='word_1_47' title='bbox 338 1088 399 1127; x_wconf 87' lang='lat' dir='ltr'><strong>mea</strong></span> <span class='ocrx_word' id='word_1_48' title='bbox 416 1077 480 1126; x_wconf 82' lang='lat' dir='ltr'><strong>rota</strong></span> <span class='ocrx_word' id='word_1_49' title='bbox 498 1071 581 1124; x_wconf 87' lang='lat' dir='ltr'><strong>Deus.</strong></span> <span class='ocrx_word' id='word_1_50' title='bbox 618 1071 787 1139; x_wconf 79' lang='lat' dir='ltr'><strong>Consurgere</strong></span> <span class='ocrx_word' id='word_1_51' title='bbox 805 1087 886 1126; x_wconf 83' lang='lat' dir='ltr'><strong>cerno</strong></span> 
     </span>
    </p>

    <p class='ocr_par' dir='ltr' id='par_1_7' title="bbox 197 1139 1261 1211">
     <span class='ocr_line' id='line_1_8' title="bbox 197 1139 1261 1211; baseline 0.002 -15"><span class='ocrx_word' id='word_1_52' title='bbox 197 1142 294 1210; x_wconf 79' lang='lat' dir='ltr'><strong>Adque</strong></span> <span class='ocrx_word' id='word_1_53' title='bbox 313 1157 421 1198; x_wconf 85' lang='lat' dir='ltr'><strong>sacrum</strong></span> <span class='ocrx_word' id='word_1_54' title='bbox 440 1140 548 1210; x_wconf 92' lang='lat' dir='ltr'><strong>lmperii</strong></span> <span class='ocrx_word' id='word_1_55' title='bbox 566 1139 697 1208; x_wconf 89' lang='lat' dir='ltr'><strong>paulatim</strong></span> <span class='ocrx_word' id='word_1_56' title='bbox 716 1140 845 1195; x_wconf 84' lang='lat' dir='ltr'><strong>accedere</strong></span> <span class='ocrx_word' id='word_1_57' title='bbox 864 1144 970 1200; x_wconf 85' lang='lat' dir='ltr'><strong>culmen</strong></span> <span class='ocrx_word' id='word_1_58' title='bbox 1129 1141 1163 1211; x_wconf 80' lang='grc' dir='ltr'>Θ</span> <span class='ocrx_word' id='word_1_59' title='bbox 1181 1142 1208 1196; x_wconf 89' lang='lat' dir='ltr'><strong>in</strong></span> <span class='ocrx_word' id='word_1_60' title='bbox 1228 1145 1261 1200; x_wconf 84' lang='lat' dir='ltr'><strong>X.</strong></span> 
     </span>
    </p>

    <p class='ocr_par' dir='ltr' id='par_1_8' title="bbox 197 1211 764 1278">
     <span class='ocr_line' id='line_1_9' title="bbox 197 1211 764 1278; baseline -0.005 -10"><span class='ocrx_word' id='word_1_61' title='bbox 197 1213 301 1268; x_wconf 86' lang='lat' dir='ltr'><strong>Titanis</strong></span> <span class='ocrx_word' id='word_1_62' title='bbox 320 1213 394 1268; x_wconf 90' lang='lat' dir='ltr'><strong>claro</strong></span> <span class='ocrx_word' id='word_1_63' title='bbox 414 1212 517 1268; x_wconf 89' lang='lat' dir='ltr'><strong>cinctos</strong></span> <span class='ocrx_word' id='word_1_64' title='bbox 535 1211 634 1266; x_wconf 89' lang='lat' dir='ltr'><strong>Orione</strong></span> <span class='ocrx_word' id='word_1_65' title='bbox 653 1227 764 1278; x_wconf 89' lang='lat' dir='ltr'><strong>cursus;</strong></span> 
     </span>
    </p>

    <p class='ocr_par' dir='ltr' id='par_1_9' title="bbox 196 1280 1273 1354">
     <span class='ocr_line' id='line_1_10' title="bbox 196 1280 1273 1354; baseline -0.003 -16"><span class='ocrx_word' id='word_1_66' title='bbox 196 1283 401 1352; x_wconf 89' lang='lat' dir='ltr'><strong>Oppositosque</strong></span> <span class='ocrx_word' id='word_1_67' title='bbox 418 1283 477 1338; x_wconf 91' lang='lat' dir='ltr'><strong>Deo</strong></span> <span class='ocrx_word' id='word_1_68' title='bbox 495 1281 587 1337; x_wconf 88' lang='lat' dir='ltr'><strong>vultus</strong></span> <span class='ocrx_word' id='word_1_69' title='bbox 604 1280 722 1336; x_wconf 80' lang='lat' dir='ltr'><strong>Jrruonis</strong></span> <span class='ocrx_word' id='word_1_70' title='bbox 741 1281 775 1336; x_wconf 87' lang='lat' dir='ltr'><strong>ad</strong></span> <span class='ocrx_word' id='word_1_71' title='bbox 795 1298 912 1350; x_wconf 84' lang='lat' dir='ltr'><strong>unguem</strong></span> <span class='ocrx_word' id='word_1_72' title='bbox 1133 1295 1169 1344; x_wconf 86' lang='lat'><strong>00</strong></span> <span class='ocrx_word' id='word_1_73' title='bbox 1189 1283 1224 1354; x_wconf 74' lang='grc' dir='ltr'>Θ</span> <span class='ocrx_word' id='word_1_74' title='bbox 1249 1290 1273 1352; x_wconf 75' lang='lat' dir='ltr'><strong>p</strong></span> 
     </span>
    </p>

    <p class='ocr_par' dir='ltr' id='par_1_10' title="bbox 195 1349 1275 1490">
     <span class='ocr_line' id='line_1_11' title="bbox 195 1349 1275 1424; baseline 0.003 -17"><span class='ocrx_word' id='word_1_75' title='bbox 195 1353 319 1410; x_wconf 78' lang='lat' dir='ltr'><strong>Luminis</strong></span> <span class='ocrx_word' id='word_1_76' title='bbox 337 1352 472 1408; x_wconf 90' lang='lat' dir='ltr'><strong>infernum</strong></span> <span class='ocrx_word' id='word_1_77' title='bbox 490 1353 585 1422; x_wconf 90' lang='lat' dir='ltr'><strong>plenos</strong></span> <span class='ocrx_word' id='word_1_78' title='bbox 605 1349 769 1405; x_wconf 87' lang='lat' dir='ltr'><strong>descendere</strong></span> <span class='ocrx_word' id='word_1_79' title='bbox 788 1352 822 1406; x_wconf 92' lang='lat' dir='ltr'><strong>ad</strong></span> <span class='ocrx_word' id='word_1_80' title='bbox 841 1370 927 1408; x_wconf 85' lang='lat' dir='ltr'><strong>axem.</strong></span> <span class='ocrx_word' id='word_1_81' title='bbox 1139 1363 1162 1424; x_wconf 63' lang='grc' dir='ltr'><strong>Ι)</strong></span> <span class='ocrx_word' id='word_1_82' title='bbox 1183 1355 1210 1410; x_wconf 91' lang='lat' dir='ltr'><strong>in</strong></span> <span class='ocrx_word' id='word_1_83' title='bbox 1230 1355 1275 1411; x_wconf 90' lang='lat' dir='ltr'><strong>tv.</strong></span> 
     </span>
     <span class='ocr_line' id='line_1_12' title="bbox 300 1421 986 1490; baseline 0.001 -12"><span class='ocrx_word' id='word_1_84' title='bbox 300 1422 410 1478; x_wconf 87' lang='lat' dir='ltr'><strong>Scilicet</strong></span> <span class='ocrx_word' id='word_1_85' title='bbox 429 1423 560 1490; x_wconf 89' lang='lat' dir='ltr'><strong>obsequio</strong></span> <span class='ocrx_word' id='word_1_86' title='bbox 579 1421 710 1488; x_wconf 90' lang='lat' dir='ltr'><strong>blajestas</strong></span> <span class='ocrx_word' id='word_1_87' title='bbox 729 1421 804 1476; x_wconf 85' lang='lat' dir='ltr'><strong>salva</strong></span> <span class='ocrx_word' id='word_1_88' title='bbox 821 1423 986 1479; x_wconf 85' lang='lat' dir='ltr'><strong>Menarchus</strong></span> 
     </span>
    </p>

    <p class='ocr_par' dir='ltr' id='par_1_11' title="bbox 194 1492 869 1562">
     <span class='ocr_line' id='line_1_13' title="bbox 194 1492 869 1562; baseline -0.009 -12"><span class='ocrx_word' id='word_1_89' title='bbox 194 1496 292 1550; x_wconf 82' lang='lat' dir='ltr'><strong>Mutua</strong></span> <span class='ocrx_word' id='word_1_90' title='bbox 311 1493 447 1549; x_wconf 84' lang='lat' dir='ltr'><strong>diffundet</strong></span> <span class='ocrx_word' id='word_1_91' title='bbox 464 1493 605 1562; x_wconf 87' lang='lat' dir='ltr'><strong>subjectae</strong></span> <span class='ocrx_word' id='word_1_92' title='bbox 624 1493 765 1547; x_wconf 90' lang='lat' dir='ltr'><strong>commoda</strong></span> <span class='ocrx_word' id='word_1_93' title='bbox 782 1492 869 1561; x_wconf 85' lang='lat' dir='ltr'><strong>plebi;</strong></span> 
     </span>
    </p>

    <p class='ocr_par' dir='ltr' id='par_1_12' title="bbox 195 1561 901 1632">
     <span class='ocr_line' id='line_1_14' title="bbox 195 1561 901 1632; baseline -0.008 -12"><span class='ocrx_word' id='word_1_94' title='bbox 195 1566 334 1620; x_wconf 89' lang='lat' dir='ltr'><strong>Oiarescet</strong></span> <span class='ocrx_word' id='word_1_95' title='bbox 353 1565 412 1619; x_wconf 85' lang='lat' dir='ltr'><strong>Rex</strong></span> <span class='ocrx_word' id='word_1_96' title='bbox 431 1565 546 1632; x_wconf 90' lang='lat' dir='ltr'><strong>Imperio</strong></span> <span class='ocrx_word' id='word_1_97' title='bbox 566 1561 736 1632; x_wconf 88' lang='lat' dir='ltr'><strong>populusque</strong></span> <span class='ocrx_word' id='word_1_98' title='bbox 755 1564 901 1632; x_wconf 87' lang='lat' dir='ltr'><strong>sequendo,</strong></span> 
     </span>
    </p>

    <p class='ocr_par' dir='ltr' id='par_1_13' title="bbox 193 1633 889 1704">
     <span class='ocr_line' id='line_1_15' title="bbox 193 1633 889 1704; baseline -0.006 -14"><span class='ocrx_word' id='word_1_99' title='bbox 193 1637 280 1690; x_wconf 85' lang='lat' dir='ltr'><strong>Totus</strong></span> <span class='ocrx_word' id='word_1_100' title='bbox 298 1634 456 1704; x_wconf 89' lang='lat' dir='ltr'><strong>compositis</strong></span> <span class='ocrx_word' id='word_1_101' title='bbox 473 1635 586 1703; x_wconf 91' lang='lat' dir='ltr'><strong>plaudet</strong></span> <span class='ocrx_word' id='word_1_102' title='bbox 603 1633 780 1686; x_wconf 82' lang='lat' dir='ltr'><strong>concentibus</strong></span> <span class='ocrx_word' id='word_1_103' title='bbox 800 1633 889 1702; x_wconf 85' lang='lat' dir='ltr'><strong>Orbis,</strong></span> 
     </span>
    </p>

    <p class='ocr_par' dir='ltr' id='par_1_14' title="bbox 194 1702 878 1772">
     <span class='ocr_line' id='line_1_16' title="bbox 194 1702 878 1772; baseline -0.007 -12"><span class='ocrx_word' id='word_1_104' title='bbox 194 1705 287 1760; x_wconf 86' lang='lat' dir='ltr'><strong>Firma</strong></span> <span class='ocrx_word' id='word_1_105' title='bbox 306 1703 464 1760; x_wconf 83' lang='lat' dir='ltr'><strong>salruiferae</strong></span> <span class='ocrx_word' id='word_1_106' title='bbox 482 1703 646 1758; x_wconf 88' lang='lat' dir='ltr'><strong>constabunt</strong></span> <span class='ocrx_word' id='word_1_107' title='bbox 664 1702 775 1758; x_wconf 87' lang='lat' dir='ltr'><strong>foedera</strong></span> <span class='ocrx_word' id='word_1_108' title='bbox 794 1703 878 1772; x_wconf 81' lang='lat' dir='ltr'><strong>pacis,</strong></span> 
     </span>
    </p>

    <p class='ocr_par' dir='ltr' id='par_1_15' title="bbox 192 1773 1541 1850">
     <span class='ocr_line' id='line_1_17' title="bbox 192 1773 1541 1850; baseline 0.006 -22"><span class='ocrx_word' id='word_1_109' title='bbox 192 1775 307 1829; x_wconf 83' lang='lat' dir='ltr'><strong>institia</strong></span> <span class='ocrx_word' id='word_1_110' title='bbox 322 1775 455 1844; x_wconf 82' lang='lat' dir='ltr'><strong>jungente</strong></span> <span class='ocrx_word' id='word_1_111' title='bbox 473 1790 578 1842; x_wconf 73' lang='lat' dir='ltr'><strong>munros,</strong></span> <span class='ocrx_word' id='word_1_112' title='bbox 597 1773 660 1826; x_wconf 91' lang='lat' dir='ltr'><strong>dum</strong></span> <span class='ocrx_word' id='word_1_113' title='bbox 679 1773 788 1841; x_wconf 88' lang='lat' dir='ltr'><strong>Jupiter</strong></span> <span class='ocrx_word' id='word_1_114' title='bbox 799 1773 820 1842; x_wconf 93' lang='lat'><strong>¹)</strong></span> <span class='ocrx_word' id='word_1_115' title='bbox 839 1781 935 1829; x_wconf 85' lang='lat' dir='ltr'><strong>auctor</strong></span> <span class='ocrx_word' id='word_1_116' title='bbox 1130 1775 1149 1842; x_wconf 87' lang='lat'><strong>¹)</strong></span> <span class='ocrx_word' id='word_1_117' title='bbox 1168 1773 1202 1842; x_wconf 73' lang='lat' dir='ltr'><strong>ii·</strong></span> <span class='ocrx_word' id='word_1_118' title='bbox 1221 1789 1281 1830; x_wconf 86' lang='lat' dir='ltr'><strong>cum</strong></span> <span class='ocrx_word' id='word_1_119' title='bbox 1295 1777 1422 1850; x_wconf 68' lang='lat' dir='ltr'><strong>cordegi</strong></span> <span class='ocrx_word' id='word_1_120' title='bbox 1440 1779 1467 1833; x_wconf 92' lang='lat' dir='ltr'><strong>iu</strong></span> <span class='ocrx_word' id='word_1_121' title='bbox 1480 1779 1541 1836; x_wconf 89' lang='lat' dir='ltr'><strong>Xli.</strong></span> 
     </span>
    </p>

    <p class='ocr_par' dir='ltr' id='par_1_16' title="bbox 193 1844 1544 1913">
     <span class='ocr_line' id='line_1_18' title="bbox 193 1844 1544 1913; baseline -0.002 -13"><span class='ocrx_word' id='word_1_122' title='bbox 193 1845 282 1900; x_wconf 88' lang='lat' dir='ltr'><strong>Oorde</strong></span> <span class='ocrx_word' id='word_1_123' title='bbox 301 1845 409 1900; x_wconf 83' lang='lat' dir='ltr'><strong>leonino</strong></span> <span class='ocrx_word' id='word_1_124' title='bbox 427 1847 515 1913; x_wconf 79' lang='lat' dir='ltr'><strong>&#39;surgit</strong></span> <span class='ocrx_word' id='word_1_125' title='bbox 532 1845 676 1898; x_wconf 76' lang='lat' dir='ltr'><strong>comestus</strong></span> <span class='ocrx_word' id='word_1_126' title='bbox 693 1844 729 1897; x_wconf 92' lang='lat' dir='ltr'><strong>ab</strong></span> <span class='ocrx_word' id='word_1_127' title='bbox 749 1851 818 1904; x_wconf 89' lang='lat' dir='ltr'><strong>ortu,</strong></span> <span class='ocrx_word' id='word_1_128' title='bbox 1125 1845 1260 1912; x_wconf 76' lang='lat' dir='ltr'><strong>significat</strong></span> <span class='ocrx_word' id='word_1_129' title='bbox 1277 1847 1410 1906; x_wconf 74' lang='lat' dir='ltr'><strong>arabibus</strong></span> <span class='ocrx_word' id='word_1_130' title='bbox 1428 1849 1544 1906; x_wconf 65' lang='lat' dir='ltr'><strong>salum</strong></span> 
     </span>
    </p>

    <p class='ocr_par' dir='ltr' id='par_1_17' title="bbox 192 1913 1301 2053">
     <span class='ocr_line' id='line_1_19' title="bbox 192 1913 1301 1984; baseline 0 -14"><span class='ocrx_word' id='word_1_131' title='bbox 192 1915 290 1972; x_wconf 74' lang='lat' dir='ltr'><strong>Sextili</strong></span> <span class='ocrx_word' id='word_1_132' title='bbox 308 1915 472 1984; x_wconf 72' lang='lat' dir='ltr'><strong>aspiciens&#39;2)</strong></span> <span class='ocrx_word' id='word_1_133' title='bbox 491 1916 603 1970; x_wconf 85' lang='lat' dir='ltr'><strong>fratrem</strong></span> <span class='ocrx_word' id='word_1_134' title='bbox 621 1913 692 1982; x_wconf 89' lang='lat' dir='ltr'><strong>binc,</strong></span> <span class='ocrx_word' id='word_1_135' title='bbox 712 1914 782 1968; x_wconf 89' lang='lat' dir='ltr'><strong>trino</strong></span> <span class='ocrx_word' id='word_1_136' title='bbox 801 1913 864 1970; x_wconf 91' lang='lat' dir='ltr'><strong>inde</strong></span> <span class='ocrx_word' id='word_1_137' title='bbox 882 1929 1003 1968; x_wconf 89' lang='lat' dir='ltr'><strong>sororem</strong></span> <span class='ocrx_word' id='word_1_138' title='bbox 1012 1916 1046 1984; x_wconf 86' lang='lat'><strong>³).</strong></span> <span class='ocrx_word' id='word_1_139' title='bbox 1127 1930 1161 1968; x_wconf 87' lang='lat' dir='ltr'><strong>ex</strong></span> <span class='ocrx_word' id='word_1_140' title='bbox 1179 1915 1301 1970; x_wconf 87' lang='lat' dir='ltr'><strong>inimicis.</strong></span> 
     </span>
     <span class='ocr_line' id='line_1_20' title="bbox 298 1983 1141 2053; baseline 0 -13"><span class='ocrx_word' id='word_1_141' title='bbox 298 1987 356 2040; x_wconf 86' lang='lat' dir='ltr'><strong>Nec</strong></span> <span class='ocrx_word' id='word_1_142' title='bbox 372 2002 415 2040; x_wconf 88' lang='lat' dir='ltr'><strong>me</strong></span> <span class='ocrx_word' id='word_1_143' title='bbox 434 2002 516 2042; x_wconf 86' lang='lat' dir='ltr'><strong>coeca</strong></span> <span class='ocrx_word' id='word_1_144' title='bbox 534 1986 622 2043; x_wconf 86' lang='lat' dir='ltr'><strong>latent</strong></span> <span class='ocrx_word' id='word_1_145' title='bbox 640 1983 714 2038; x_wconf 91' lang='lat' dir='ltr'><strong>dirae</strong></span> <span class='ocrx_word' id='word_1_146' title='bbox 733 1983 847 2053; x_wconf 80' lang='lat' dir='ltr'><strong>uestigia</strong></span> <span class='ocrx_word' id='word_1_147' title='bbox 865 1983 983 2040; x_wconf 85' lang='lat' dir='ltr'><strong>fraudis:</strong></span> <span class='ocrx_word' id='word_1_148' title='bbox 1131 1989 1141 2016; x_wconf 72' lang='lat'><em>²</em></span> 
     </span>
    </p>

    <p class='ocr_par' dir='ltr' id='par_1_18' title="bbox 191 2052 867 2126">
     <span class='ocr_line' id='line_1_21' title="bbox 191 2052 867 2126; baseline -0.003 -16"><span class='ocrx_word' id='word_1_149' title='bbox 191 2056 364 2126; x_wconf 89' lang='lat' dir='ltr'><strong>inseruitque</strong></span> <span class='ocrx_word' id='word_1_150' title='bbox 383 2073 487 2124; x_wconf 89' lang='lat' dir='ltr'><strong>manus,</strong></span> <span class='ocrx_word' id='word_1_151' title='bbox 506 2053 676 2126; x_wconf 85' lang='lat' dir='ltr'><strong>quadratis⁴)</strong></span> <span class='ocrx_word' id='word_1_152' title='bbox 696 2052 786 2107; x_wconf 85' lang='lat' dir='ltr'><strong>sidera</strong></span> <span class='ocrx_word' id='word_1_153' title='bbox 804 2054 867 2124; x_wconf 85' lang='lat' dir='ltr'><strong>pilis</strong></span> 
     </span>
    </p>

    <p class='ocr_par' dir='ltr' id='par_1_19' title="bbox 190 2125 1005 2196">
     <span class='ocr_line' id='line_1_22' title="bbox 190 2125 1005 2196; baseline 0.001 -17"><span class='ocrx_word' id='word_1_154' title='bbox 190 2127 222 2181; x_wconf 93' lang='lat' dir='ltr'><strong>in</strong></span> <span class='ocrx_word' id='word_1_155' title='bbox 244 2125 350 2182; x_wconf 78' lang='lat' dir='ltr'><strong>diuersa</strong></span> <span class='ocrx_word' id='word_1_156' title='bbox 367 2127 478 2181; x_wconf 85' lang='lat' dir='ltr'><strong>trahens</strong></span> <span class='ocrx_word' id='word_1_157' title='bbox 497 2127 682 2196; x_wconf 83' lang='lat' dir='ltr'><strong>populumque</strong></span> <span class='ocrx_word' id='word_1_158' title='bbox 701 2139 717 2176; x_wconf 92' lang='lat' dir='ltr'><strong>a</strong></span> <span class='ocrx_word' id='word_1_159' title='bbox 735 2125 810 2193; x_wconf 82' lang='lat' dir='ltr'><strong>Rege</strong></span> <span class='ocrx_word' id='word_1_160' title='bbox 828 2130 1005 2193; x_wconf 81' lang='lat' dir='ltr'><strong>sequestrans</strong></span> 
     </span>
    </p>

    <p class='ocr_par' dir='ltr' id='par_1_20' title="bbox 190 2195 897 2265">
     <span class='ocr_line' id='line_1_23' title="bbox 190 2195 897 2265; baseline 0 -15"><span class='ocrx_word' id='word_1_161' title='bbox 190 2196 324 2252; x_wconf 85' lang='lat' dir='ltr'><strong>Leucadii</strong></span> <span class='ocrx_word' id='word_1_162' title='bbox 341 2195 409 2251; x_wconf 86' lang='lat' dir='ltr'><strong>livor</strong></span> <span class='ocrx_word' id='word_1_163' title='bbox 427 2197 513 2261; x_wconf 82' lang='lat' dir='ltr'><strong>Senis,</strong></span> <span class='ocrx_word' id='word_1_164' title='bbox 534 2197 743 2265; x_wconf 83' lang='lat' dir='ltr'><strong>oppositumque</strong></span> <span class='ocrx_word' id='word_1_165' title='bbox 761 2201 863 2252; x_wconf 87' lang='lat' dir='ltr'><strong>tuetur.</strong></span> <span class='ocrx_word' id='word_1_166' title='bbox 873 2195 897 2263; x_wconf 50' lang='grc' dir='ltr'><strong>ὅ)</strong></span> 
     </span>
    </p>

    <p class='ocr_par' dir='ltr' id='par_1_21' title="bbox 189 2265 838 2337">
     <span class='ocr_line' id='line_1_24' title="bbox 189 2265 838 2337; baseline -0.003 -17"><span class='ocrx_word' id='word_1_167' title='bbox 189 2265 298 2322; x_wconf 86' lang='lat' dir='ltr'><strong>Occidit</strong></span> <span class='ocrx_word' id='word_1_168' title='bbox 314 2267 361 2322; x_wconf 88' lang='lat' dir='ltr'><strong>ille</strong></span> <span class='ocrx_word' id='word_1_169' title='bbox 378 2275 477 2335; x_wconf 72' lang='lat' dir='ltr'><strong>tarnem</strong></span> <span class='ocrx_word' id='word_1_170' title='bbox 494 2267 635 2337; x_wconf 88' lang='lat' dir='ltr'><strong>primoque</strong></span> <span class='ocrx_word' id='word_1_171' title='bbox 653 2265 759 2319; x_wconf 89' lang='lat' dir='ltr'><strong>inititur</strong></span> <span class='ocrx_word' id='word_1_172' title='bbox 777 2265 838 2319; x_wconf 84' lang='lat' dir='ltr'><strong>oitu</strong></span> 
     </span>
    </p>

    <p class='ocr_par' dir='ltr' id='par_1_22' title="bbox 189 2335 906 2406">
     <span class='ocr_line' id='line_1_25' title="bbox 189 2335 906 2406; baseline 0 -18"><span class='ocrx_word' id='word_1_173' title='bbox 189 2336 300 2404; x_wconf 87' lang='lat' dir='ltr'><strong>Jupiter</strong></span> <span class='ocrx_word' id='word_1_174' title='bbox 318 2337 374 2392; x_wconf 90' lang='lat' dir='ltr'><strong>alte</strong></span> <span class='ocrx_word' id='word_1_175' title='bbox 391 2346 499 2406; x_wconf 88' lang='lat' dir='ltr'><strong>petens:</strong></span> <span class='ocrx_word' id='word_1_176' title='bbox 518 2338 674 2393; x_wconf 85' lang='lat' dir='ltr'><strong>Vanesceut</strong></span> <span class='ocrx_word' id='word_1_177' title='bbox 689 2335 813 2404; x_wconf 88' lang='lat' dir='ltr'><strong>protinus</strong></span> <span class='ocrx_word' id='word_1_178' title='bbox 833 2342 906 2390; x_wconf 89' lang='lat' dir='ltr'><strong>artes</strong></span> 
     </span>
    </p>

    <p class='ocr_par' dir='ltr' id='par_1_23' title="bbox 188 2405 1021 2481">
     <span class='ocr_line' id='line_1_26' title="bbox 188 2405 1021 2481; baseline 0.002 -19"><span class='ocrx_word' id='word_1_179' title='bbox 188 2408 361 2478; x_wconf 88' lang='lat' dir='ltr'><strong>Letbiferae;</strong></span> <span class='ocrx_word' id='word_1_180' title='bbox 377 2407 454 2476; x_wconf 86' lang='lat' dir='ltr'><strong>jacta</strong></span> <span class='ocrx_word' id='word_1_181' title='bbox 473 2415 523 2474; x_wconf 88' lang='lat' dir='ltr'><strong>est,</strong></span> <span class='ocrx_word' id='word_1_182' title='bbox 543 2407 659 2476; x_wconf 84' lang='lat' dir='ltr'><strong>spatium</strong></span> <span class='ocrx_word' id='word_1_183' title='bbox 678 2415 706 2458; x_wconf 89' lang='lat' dir='ltr'><strong>at</strong></span> <span class='ocrx_word' id='word_1_184' title='bbox 726 2421 780 2460; x_wconf 88' lang='lat' dir='ltr'><strong>non</strong></span> <span class='ocrx_word' id='word_1_185' title='bbox 798 2406 907 2472; x_wconf 85' lang='lat' dir='ltr'><strong>trajicit,</strong></span> <span class='ocrx_word' id='word_1_186' title='bbox 925 2405 1021 2481; x_wconf 86' lang='lat' dir='ltr'><strong>hasta;</strong></span> 
     </span>
    </p>

    <p class='ocr_par' dir='ltr' id='par_1_24' title="bbox 188 2474 1536 2616">
     <span class='ocr_line' id='line_1_27' title="bbox 188 2474 1536 2548; baseline 0.003 -16"><span class='ocrx_word' id='word_1_187' title='bbox 188 2477 297 2534; x_wconf 79' lang='lat' dir='ltr'><strong>Eradet</strong></span> <span class='ocrx_word' id='word_1_188' title='bbox 314 2479 402 2547; x_wconf 87' lang='lat' dir='ltr'><strong>pietas</strong></span> <span class='ocrx_word' id='word_1_189' title='bbox 418 2479 566 2545; x_wconf 87' lang='lat' dir='ltr'><strong>jurataque</strong></span> <span class='ocrx_word' id='word_1_190' title='bbox 581 2477 645 2546; x_wconf 87' lang='lat' dir='ltr'><strong>jura</strong></span> <span class='ocrx_word' id='word_1_191' title='bbox 662 2474 808 2530; x_wconf 82' lang='lat' dir='ltr'><strong>valescunt.</strong></span> <span class='ocrx_word' id='word_1_192' title='bbox 1004 2501 1007 2508; x_wconf 92' lang='lat'>·</span> <span class='ocrx_word' id='word_1_193' title='bbox 1129 2481 1164 2548; x_wconf 73' lang='grc' dir='ltr'><strong>(ἵ)</strong></span> <span class='ocrx_word' id='word_1_194' title='bbox 1182 2485 1210 2535; x_wconf 91' lang='lat' dir='ltr'><strong>et</strong></span> <span class='ocrx_word' id='word_1_195' title='bbox 1233 2481 1257 2544; x_wconf 73' lang='lat'><strong>1)</strong></span> <span class='ocrx_word' id='word_1_196' title='bbox 1279 2478 1402 2536; x_wconf 87' lang='lat' dir='ltr'><strong>defluens</strong></span> <span class='ocrx_word' id='word_1_197' title='bbox 1421 2497 1438 2536; x_wconf 83' lang='lat' dir='ltr'><strong>a</strong></span> <span class='ocrx_word' id='word_1_198' title='bbox 1459 2487 1488 2545; x_wconf 80' lang='lat' dir='ltr'><strong>[J</strong></span> <span class='ocrx_word' id='word_1_199' title='bbox 1511 2481 1536 2547; x_wconf 66' lang='lat' dir='ltr'><strong>i)</strong></span> 
     </span>
     <span class='ocr_line' id='line_1_28' title="bbox 294 2545 1268 2616; baseline -0.001 -13"><span class='ocrx_word' id='word_1_200' title='bbox 294 2549 425 2604; x_wconf 82' lang='lat' dir='ltr'><strong>Affundet</strong></span> <span class='ocrx_word' id='word_1_201' title='bbox 444 2549 570 2602; x_wconf 88' lang='lat' dir='ltr'><strong>blandum</strong></span> <span class='ocrx_word' id='word_1_202' title='bbox 590 2545 693 2615; x_wconf 88' lang='lat' dir='ltr'><strong>coeptis</strong></span> <span class='ocrx_word' id='word_1_203' title='bbox 713 2546 818 2613; x_wconf 80' lang='lat' dir='ltr'><strong>Regina</strong></span> <span class='ocrx_word' id='word_1_204' title='bbox 835 2545 962 2614; x_wconf 82' lang='lat' dir='ltr'><strong>fauorem,</strong></span> <span class='ocrx_word' id='word_1_205' title='bbox 1136 2545 1157 2616; x_wconf 83' lang='grc' dir='ltr'>ῼ</span> <span class='ocrx_word' id='word_1_206' title='bbox 1181 2551 1208 2603; x_wconf 92' lang='lat' dir='ltr'><strong>in</strong></span> <span class='ocrx_word' id='word_1_207' title='bbox 1227 2549 1268 2610; x_wconf 55' lang='grc' dir='ltr'><strong>ἦε</strong></span> 
     </span>
    </p>

    <p class='ocr_par' dir='ltr' id='par_1_25' title="bbox 187 2617 1216 2686">
     <span class='ocr_line' id='line_1_29' title="bbox 187 2617 1216 2686; baseline -0.006 -12"><span class='ocrx_word' id='word_1_208' title='bbox 187 2619 337 2674; x_wconf 86' lang='lat' dir='ltr'><strong>Caesareos</strong></span> <span class='ocrx_word' id='word_1_209' title='bbox 357 2620 489 2674; x_wconf 89' lang='lat' dir='ltr'><strong>decorans</strong></span> <span class='ocrx_word' id='word_1_210' title='bbox 508 2619 613 2686; x_wconf 81' lang='lat' dir='ltr'><strong>aditus3</strong></span> <span class='ocrx_word' id='word_1_211' title='bbox 633 2618 707 2672; x_wconf 83' lang='lat' dir='ltr'><strong>reiut</strong></span> <span class='ocrx_word' id='word_1_212' title='bbox 724 2631 808 2670; x_wconf 88' lang='lat' dir='ltr'><strong>aurea</strong></span> <span class='ocrx_word' id='word_1_213' title='bbox 827 2617 922 2685; x_wconf 84' lang='lat' dir='ltr'><strong>prrio</strong></span> <span class='ocrx_word' id='word_1_214' title='bbox 1129 2621 1166 2676; x_wconf 81' lang='lat' dir='ltr'><strong>M,</strong></span> <span class='ocrx_word' id='word_1_215' title='bbox 1188 2621 1216 2674; x_wconf 82' lang='lat' dir='ltr'><strong>c.</strong></span> 
     </span>
    </p>

    <p class='ocr_par' dir='ltr' id='par_1_26' title="bbox 186 2685 1539 2832">
     <span class='ocr_line' id='line_1_30' title="bbox 186 2685 1539 2764; baseline 0.001 -20"><span class='ocrx_word' id='word_1_216' title='bbox 186 2693 259 2744; x_wconf 84' lang='lat' dir='ltr'><strong>Ante</strong></span> <span class='ocrx_word' id='word_1_217' title='bbox 279 2689 355 2744; x_wconf 79' lang='lat' dir='ltr'><strong>iovis</strong></span> <span class='ocrx_word' id='word_1_218' title='bbox 373 2688 478 2754; x_wconf 90' lang='lat' dir='ltr'><strong>rutilos,</strong></span> <span class='ocrx_word' id='word_1_219' title='bbox 498 2689 608 2757; x_wconf 91' lang='lat' dir='ltr'><strong>propior</strong></span> <span class='ocrx_word' id='word_1_220' title='bbox 627 2686 734 2754; x_wconf 88' lang='lat' dir='ltr'><strong>sensim,</strong></span> <span class='ocrx_word' id='word_1_221' title='bbox 753 2685 874 2741; x_wconf 86' lang='lat' dir='ltr'><strong>ambulat</strong></span> <span class='ocrx_word' id='word_1_222' title='bbox 892 2688 978 2756; x_wconf 81' lang='lat' dir='ltr'><strong>ignes.</strong></span> <span class='ocrx_word' id='word_1_223' title='bbox 1135 2693 1155 2758; x_wconf 79' lang='grc' dir='ltr'>ῼ</span> <span class='ocrx_word' id='word_1_224' title='bbox 1175 2693 1231 2746; x_wconf 77' lang='lat' dir='ltr'><strong>ini</strong></span> <span class='ocrx_word' id='word_1_225' title='bbox 1247 2689 1539 2764; x_wconf 64' lang='lat' dir='ltr'><strong>giadJoremadiens.</strong></span> 
     </span>
     <span class='ocr_line' id='line_1_31' title="bbox 292 2755 1263 2832; baseline -0.002 -18"><span class='ocrx_word' id='word_1_226' title='bbox 292 2759 362 2828; x_wconf 77' lang='lat' dir='ltr'><strong>Ouid</strong></span> <span class='ocrx_word' id='word_1_227' title='bbox 383 2777 446 2814; x_wconf 86' lang='lat' dir='ltr'><strong>vero</strong></span> <span class='ocrx_word' id='word_1_228' title='bbox 465 2771 543 2828; x_wconf 86' lang='lat' dir='ltr'><strong>parer</strong></span> <span class='ocrx_word' id='word_1_229' title='bbox 561 2759 668 2824; x_wconf 88' lang='lat' dir='ltr'><strong>irarum,</strong></span> <span class='ocrx_word' id='word_1_230' title='bbox 688 2755 833 2826; x_wconf 83' lang='lat' dir='ltr'><strong>caedisque</strong></span> <span class='ocrx_word' id='word_1_231' title='bbox 852 2767 989 2826; x_wconf 87' lang='lat' dir='ltr'><strong>cruentae,</strong></span> <span class='ocrx_word' id='word_1_232' title='bbox 1125 2769 1153 2824; x_wconf 81' lang='lat'><strong>[1</strong></span> <span class='ocrx_word' id='word_1_233' title='bbox 1185 2771 1209 2832; x_wconf 68' lang='grc' dir='ltr'><strong>(ς</strong></span> <span class='ocrx_word' id='word_1_234' title='bbox 1244 2763 1263 2832; x_wconf 60' lang='grc' dir='ltr'><strong>ζ</strong></span> 
     </span>
    </p>

    <p class='ocr_par' dir='ltr' id='par_1_27' title="bbox 185 2826 959 2898">
     <span class='ocr_line' id='line_1_32' title="bbox 185 2826 959 2898; baseline -0.003 -14"><span class='ocrx_word' id='word_1_235' title='bbox 185 2829 257 2897; x_wconf 79' lang='lat' dir='ltr'><strong>Quid</strong></span> <span class='ocrx_word' id='word_1_236' title='bbox 279 2830 396 2884; x_wconf 78' lang='lat' dir='ltr'><strong>Gradive</strong></span> <span class='ocrx_word' id='word_1_237' title='bbox 414 2831 515 2898; x_wconf 80' lang='lat' dir='ltr'><strong>paras?</strong></span> <span class='ocrx_word' id='word_1_238' title='bbox 553 2829 607 2882; x_wconf 87' lang='lat' dir='ltr'><strong>Cur</strong></span> <span class='ocrx_word' id='word_1_239' title='bbox 626 2829 720 2882; x_wconf 86' lang='lat' dir='ltr'><strong>stricta</strong></span> <span class='ocrx_word' id='word_1_240' title='bbox 739 2826 852 2894; x_wconf 88' lang='lat' dir='ltr'><strong>cuspide</strong></span> <span class='ocrx_word' id='word_1_241' title='bbox 871 2827 959 2882; x_wconf 83' lang='lat' dir='ltr'><strong>dirum</strong></span> 
     </span>
    </p>

    <p class='ocr_par' dir='ltr' id='par_1_28' title="bbox 185 2897 1266 2968">
     <span class='ocr_line' id='line_1_33' title="bbox 185 2897 1266 2968; baseline -0.004 -16"><span class='ocrx_word' id='word_1_242' title='bbox 185 2902 251 2955; x_wconf 80' lang='lat' dir='ltr'><strong>t’um</strong></span> <span class='ocrx_word' id='word_1_243' title='bbox 273 2899 353 2954; x_wconf 89' lang='lat' dir='ltr'><strong>docto</strong></span> <span class='ocrx_word' id='word_1_244' title='bbox 373 2900 454 2954; x_wconf 88' lang='lat' dir='ltr'><strong>ruber</strong></span> <span class='ocrx_word' id='word_1_245' title='bbox 473 2913 585 2953; x_wconf 86' lang='lat' dir='ltr'><strong>exerces</strong></span> <span class='ocrx_word' id='word_1_246' title='bbox 604 2899 754 2966; x_wconf 85' lang='lat' dir='ltr'><strong>interprete</strong></span> <span class='ocrx_word' id='word_1_247' title='bbox 772 2897 867 2951; x_wconf 83' lang='lat' dir='ltr'><strong>rixas?</strong></span> <span class='ocrx_word' id='word_1_248' title='bbox 1128 2901 1148 2968; x_wconf 62' lang='lat' dir='ltr'><strong>q</strong></span> <span class='ocrx_word' id='word_1_249' title='bbox 1174 2903 1266 2958; x_wconf 69' lang='lat' dir='ltr'><strong>Retro,</strong></span> 
     </span>
    </p>

    <p class='ocr_par' dir='ltr' id='par_1_29' title="bbox 184 2967 1260 3040">
     <span class='ocr_line' id='line_1_34' title="bbox 184 2967 1260 3040; baseline -0.005 -16"><span class='ocrx_word' id='word_1_250' title='bbox 184 2971 238 3026; x_wconf 88' lang='lat' dir='ltr'><strong>Cur</strong></span> <span class='ocrx_word' id='word_1_251' title='bbox 256 2969 394 3039; x_wconf 78' lang='lat' dir='ltr'><strong>fugitille</strong></span> <span class='ocrx_word' id='word_1_252' title='bbox 413 2971 505 3026; x_wconf 85' lang='lat' dir='ltr'><strong>retro?</strong></span> <span class='ocrx_word' id='word_1_253' title='bbox 536 2969 634 3024; x_wconf 85' lang='lat' dir='ltr'><strong>Veniet</strong></span> <span class='ocrx_word' id='word_1_254' title='bbox 651 2969 801 3024; x_wconf 87' lang='lat' dir='ltr'><strong>Germanus</strong></span> <span class='ocrx_word' id='word_1_255' title='bbox 820 2967 854 3021; x_wconf 89' lang='lat' dir='ltr'><strong>ad</strong></span> <span class='ocrx_word' id='word_1_256' title='bbox 872 2969 966 3022; x_wconf 74' lang='lat' dir='ltr'><strong>mma?</strong></span> <span class='ocrx_word' id='word_1_257' title='bbox 1130 2980 1155 3040; x_wconf 74' lang='grc' dir='ltr'><strong>(ς</strong></span> <span class='ocrx_word' id='word_1_258' title='bbox 1182 2973 1209 3028; x_wconf 72' lang='lat' dir='ltr'><strong>in</strong></span> <span class='ocrx_word' id='word_1_259' title='bbox 1229 2977 1260 3030; x_wconf 82' lang='lat' dir='ltr'>v</span> 
     </span>
    </p>

    <p class='ocr_par' dir='ltr' id='par_1_30' title="bbox 182 3038 915 3110">
     <span class='ocr_line' id='line_1_35' title="bbox 182 3038 915 3110; baseline -0.005 -14"><span class='ocrx_word' id='word_1_260' title='bbox 182 3043 338 3109; x_wconf 89' lang='lat' dir='ltr'><strong>Mutuaque</strong></span> <span class='ocrx_word' id='word_1_261' title='bbox 355 3040 485 3096; x_wconf 86' lang='lat' dir='ltr'><strong>adversae</strong></span> <span class='ocrx_word' id='word_1_262' title='bbox 503 3039 657 3110; x_wconf 88' lang='lat' dir='ltr'><strong>pensabunt</strong></span> <span class='ocrx_word' id='word_1_263' title='bbox 674 3038 785 3096; x_wconf 86' lang='lat' dir='ltr'><strong>vulnera</strong></span> <span class='ocrx_word' id='word_1_264' title='bbox 802 3039 915 3107; x_wconf 84' lang='lat' dir='ltr'><strong>partes?</strong></span> 
     </span>
    </p>

    <p class='ocr_par' dir='ltr' id='par_1_31' title="bbox 183 3109 966 3178">
     <span class='ocr_line' id='line_1_36' title="bbox 183 3109 966 3178; baseline 0.001 -16"><span class='ocrx_word' id='word_1_265' title='bbox 183 3113 272 3167; x_wconf 67' lang='lat' dir='ltr'><strong>fredo</strong></span> <span class='ocrx_word' id='word_1_266' title='bbox 291 3110 418 3178; x_wconf 81' lang='lat' dir='ltr'><strong>equidem</strong></span> <span class='ocrx_word' id='word_1_267' title='bbox 436 3111 505 3165; x_wconf 87' lang='lat' dir='ltr'><strong>male</strong></span> <span class='ocrx_word' id='word_1_268' title='bbox 524 3109 682 3178; x_wconf 89' lang='lat' dir='ltr'><strong>compositis</strong></span> <span class='ocrx_word' id='word_1_269' title='bbox 701 3119 858 3178; x_wconf 80' lang='lat' dir='ltr'><strong>turgescere</strong></span> <span class='ocrx_word' id='word_1_270' title='bbox 877 3109 966 3164; x_wconf 84' lang='lat' dir='ltr'><strong>causis</strong></span> 
     </span>
    </p>

    <p class='ocr_par' dir='ltr' id='par_1_32' title="bbox 182 3178 1270 3251">
     <span class='ocr_line' id='line_1_37' title="bbox 182 3178 1270 3251; baseline -0.002 -17"><span class='ocrx_word' id='word_1_271' title='bbox 182 3183 294 3237; x_wconf 77' lang='lat' dir='ltr'><strong>Semina</strong></span> <span class='ocrx_word' id='word_1_272' title='bbox 313 3179 456 3249; x_wconf 86' lang='lat' dir='ltr'><strong>bellorum,</strong></span> <span class='ocrx_word' id='word_1_273' title='bbox 475 3180 608 3249; x_wconf 76' lang='lat' dir='ltr'><strong>Zephyris</strong></span> <span class='ocrx_word' id='word_1_274' title='bbox 626 3178 769 3232; x_wconf 88' lang='lat' dir='ltr'><strong>animanda</strong></span> <span class='ocrx_word' id='word_1_275' title='bbox 787 3180 913 3234; x_wconf 81' lang='lat' dir='ltr'><strong>reversis.</strong></span> <span class='ocrx_word' id='word_1_276' title='bbox 1135 3193 1155 3251; x_wconf 68' lang='lat' dir='ltr'><strong>,r</strong></span> <span class='ocrx_word' id='word_1_277' title='bbox 1183 3182 1211 3237; x_wconf 84' lang='lat' dir='ltr'><strong>in</strong></span> <span class='ocrx_word' id='word_1_278' title='bbox 1230 3179 1270 3239; x_wconf 56' lang='grc' dir='ltr'><strong>ἦέ</strong></span> 
     </span>
    </p>

    <p class='ocr_par' dir='ltr' id='par_1_33' title="bbox 181 3250 1328 3322">
     <span class='ocr_line' id='line_1_38' title="bbox 181 3250 1328 3322; baseline 0.001 -14"><span class='ocrx_word' id='word_1_279' title='bbox 181 3255 243 3308; x_wconf 75' lang='lat' dir='ltr'><strong>Non</strong></span> <span class='ocrx_word' id='word_1_280' title='bbox 263 3260 354 3306; x_wconf 82' lang='lat' dir='ltr'><strong>tamen</strong></span> <span class='ocrx_word' id='word_1_281' title='bbox 374 3251 443 3306; x_wconf 88' lang='lat' dir='ltr'><strong>baec</strong></span> <span class='ocrx_word' id='word_1_282' title='bbox 457 3251 563 3319; x_wconf 88' lang='lat' dir='ltr'><strong>justum</strong></span> <span class='ocrx_word' id='word_1_283' title='bbox 581 3250 678 3304; x_wconf 74' lang='lat' dir='ltr'><strong>fement</strong></span> <span class='ocrx_word' id='word_1_284' title='bbox 695 3250 865 3304; x_wconf 90' lang='lat' dir='ltr'><strong>incommoda</strong></span> <span class='ocrx_word' id='word_1_285' title='bbox 882 3251 993 3317; x_wconf 73' lang='lat' dir='ltr'><strong>Regem,</strong></span> <span class='ocrx_word' id='word_1_286' title='bbox 1121 3257 1156 3321; x_wconf 77' lang='grc' dir='ltr'>Δ</span> <span class='ocrx_word' id='word_1_287' title='bbox 1181 3253 1328 3322; x_wconf 71' lang='lat' dir='ltr'><strong>ppletioo.</strong></span> 
     </span>
    </p>

    <p class='ocr_par' dir='ltr' id='par_1_34' title="bbox 180 3319 1518 3392">
     <span class='ocr_line' id='line_1_39' title="bbox 180 3319 1518 3392; baseline 0 -16"><span class='ocrx_word' id='word_1_288' title='bbox 180 3324 241 3376; x_wconf 87' lang='lat' dir='ltr'><strong>Non</strong></span> <span class='ocrx_word' id='word_1_289' title='bbox 262 3322 404 3390; x_wconf 81' lang='lat' dir='ltr'><strong>populum,</strong></span> <span class='ocrx_word' id='word_1_290' title='bbox 424 3322 507 3376; x_wconf 88' lang='lat' dir='ltr'><strong>officii</strong></span> <span class='ocrx_word' id='word_1_291' title='bbox 525 3335 684 3384; x_wconf 85' lang='lat' dir='ltr'><strong>memorem,</strong></span> <span class='ocrx_word' id='word_1_292' title='bbox 704 3335 754 3373; x_wconf 91' lang='lat' dir='ltr'><strong>nec</strong></span> <span class='ocrx_word' id='word_1_293' title='bbox 772 3319 853 3386; x_wconf 77' lang='lat' dir='ltr'><strong>longa</strong></span> <span class='ocrx_word' id='word_1_294' title='bbox 870 3319 955 3375; x_wconf 92' lang='lat' dir='ltr'><strong>furori</strong></span> <span class='ocrx_word' id='word_1_295' title='bbox 1131 3327 1149 3392; x_wconf 57' lang='grc' dir='ltr'><strong>ζ)</strong></span> <span class='ocrx_word' id='word_1_296' title='bbox 1175 3340 1192 3377; x_wconf 90' lang='lat' dir='ltr'><strong>a</strong></span> <span class='ocrx_word' id='word_1_297' title='bbox 1214 3331 1240 3386; x_wconf 74' lang='lat' dir='ltr'><strong>t]</strong></span> <span class='ocrx_word' id='word_1_298' title='bbox 1262 3329 1285 3388; x_wconf 79' lang='lat'><strong>&lt;5</strong></span> <span class='ocrx_word' id='word_1_299' title='bbox 1308 3326 1344 3380; x_wconf 86' lang='lat' dir='ltr'><strong>ad</strong></span> <span class='ocrx_word' id='word_1_300' title='bbox 1363 3329 1394 3390; x_wconf 73' lang='grc' dir='ltr'><strong>(ξ)</strong></span> <span class='ocrx_word' id='word_1_301' title='bbox 1414 3323 1518 3382; x_wconf 81' lang='lat' dir='ltr'><strong>defluit.</strong></span> 
     </span>
    </p>

    <p class='ocr_par' dir='ltr' id='par_1_35' title="bbox 180 3389 895 3458">
     <span class='ocr_line' id='line_1_40' title="bbox 180 3389 895 3458; baseline -0.004 -10"><span class='ocrx_word' id='word_1_302' title='bbox 180 3393 326 3458; x_wconf 62' lang='lat' dir='ltr'><strong>Materiam</strong></span> <span class='ocrx_word' id='word_1_303' title='bbox 346 3393 418 3456; x_wconf 73' lang='lat' dir='ltr'><strong>furit</strong></span> <span class='ocrx_word' id='word_1_304' title='bbox 435 3392 469 3446; x_wconf 94' lang='lat' dir='ltr'><strong>ad</strong></span> <span class='ocrx_word' id='word_1_305' title='bbox 488 3391 585 3446; x_wconf 90' lang='lat' dir='ltr'><strong>solium</strong></span> <span class='ocrx_word' id='word_1_306' title='bbox 604 3390 762 3458; x_wconf 84' lang='lat' dir='ltr'><strong>perterritus</strong></span> <span class='ocrx_word' id='word_1_307' title='bbox 781 3389 895 3445; x_wconf 83' lang='lat' dir='ltr'><strong>Hermes</strong></span> 
     </span>
    </p>

    <p class='ocr_par' dir='ltr' id='par_1_36' title="bbox 181 3459 1500 3531">
     <span class='ocr_line' id='line_1_41' title="bbox 181 3459 1500 3531; baseline -0.005 -15"><span class='ocrx_word' id='word_1_308' title='bbox 181 3463 353 3531; x_wconf 65' lang='lat' dir='ltr'><strong>Caesarium</strong></span> <span class='ocrx_word' id='word_1_309' title='bbox 373 3463 483 3516; x_wconf 83' lang='lat' dir='ltr'><strong>Mavors</strong></span> <span class='ocrx_word' id='word_1_310' title='bbox 503 3461 578 3523; x_wconf 74' lang='lat' dir='ltr'><strong>ufaro</strong></span> <span class='ocrx_word' id='word_1_311' title='bbox 597 3459 770 3513; x_wconf 86' lang='lat' dir='ltr'><strong>damnabitur</strong></span> <span class='ocrx_word' id='word_1_312' title='bbox 788 3459 867 3522; x_wconf 89' lang='lat' dir='ltr'><strong>Orco,</strong></span> <span class='ocrx_word' id='word_1_313' title='bbox 1120 3463 1143 3526; x_wconf 69' lang='lat' dir='ltr'><strong>&lt;f</strong></span> <span class='ocrx_word' id='word_1_314' title='bbox 1163 3464 1190 3518; x_wconf 85' lang='lat' dir='ltr'><strong>in</strong></span> <span class='ocrx_word' id='word_1_315' title='bbox 1208 3463 1280 3519; x_wconf 75' lang='lat' dir='ltr'>VIII.</span> <span class='ocrx_word' id='word_1_316' title='bbox 1300 3465 1379 3521; x_wconf 77' lang='lat' dir='ltr'><strong>domo</strong></span> <span class='ocrx_word' id='word_1_317' title='bbox 1396 3465 1500 3521; x_wconf 72' lang='lat' dir='ltr'><strong>mortis,</strong></span> 
     </span>
    </p>

    <p class='ocr_par' dir='ltr' id='par_1_37' title="bbox 180 3528 1258 3602">
     <span class='ocr_line' id='line_1_42' title="bbox 180 3528 1258 3602; baseline -0.007 -13"><span class='ocrx_word' id='word_1_318' title='bbox 180 3533 261 3602; x_wconf 85' lang='lat' dir='ltr'><strong>Eque</strong></span> <span class='ocrx_word' id='word_1_319' title='bbox 280 3533 361 3588; x_wconf 90' lang='lat' dir='ltr'><strong>domo</strong></span> <span class='ocrx_word' id='word_1_320' title='bbox 381 3531 475 3602; x_wconf 79' lang='lat' dir='ltr'><strong>Stygia</strong></span> <span class='ocrx_word' id='word_1_321' title='bbox 494 3531 596 3602; x_wconf 79' lang='lat' dir='ltr'><strong>gelidas</strong></span> <span class='ocrx_word' id='word_1_322' title='bbox 615 3528 762 3584; x_wconf 87' lang='lat' dir='ltr'><strong>descendet</strong></span> <span class='ocrx_word' id='word_1_323' title='bbox 779 3529 806 3584; x_wconf 90' lang='lat' dir='ltr'><strong>in</strong></span> <span class='ocrx_word' id='word_1_324' title='bbox 825 3530 921 3586; x_wconf 90' lang='lat' dir='ltr'><strong>undas.</strong></span> <span class='ocrx_word' id='word_1_325' title='bbox 1251 3539 1258 3550; x_wconf 79' lang='grc'><strong>’</strong></span> 
     </span>
    </p>
   </div>
   <div class='ocr_carea' id='block_1_4' title="bbox 823 3611 1534 3752">
    <p class='ocr_par' dir='ltr' id='par_1_38' title="bbox 823 3611 1534 3752">
     <span class='ocr_line' id='line_1_43' title="bbox 823 3611 1534 3670; baseline 0.008 -6"><span class='ocrx_word' id='word_1_326' title='bbox 823 3611 995 3665; x_wconf 89' lang='lat' dir='ltr'><strong>Humillimae</strong></span> <span class='ocrx_word' id='word_1_327' title='bbox 1014 3612 1164 3667; x_wconf 84' lang='lat' dir='ltr'><strong>devotionis</strong></span> <span class='ocrx_word' id='word_1_328' title='bbox 1183 3613 1376 3670; x_wconf 89' lang='lat' dir='ltr'><strong>documentum</strong></span> <span class='ocrx_word' id='word_1_329' title='bbox 1394 3631 1410 3670; x_wconf 94' lang='lat' dir='ltr'><strong>a</strong></span> <span class='ocrx_word' id='word_1_330' title='bbox 1427 3614 1534 3670; x_wconf 86' lang='lat' dir='ltr'><strong>Joauue</strong></span> 
     </span>
     <span class='ocr_line' id='line_1_44' title="bbox 872 3681 1481 3752; baseline 0.011 -17"><span class='ocrx_word' id='word_1_331' title='bbox 872 3681 1001 3752; x_wconf 83' lang='lat' dir='ltr'><strong>iicplero,</strong></span> <span class='ocrx_word' id='word_1_332' title='bbox 1018 3682 1173 3750; x_wconf 77' lang='lat' dir='ltr'><strong>Maiestatis</strong></span> <span class='ocrx_word' id='word_1_333' title='bbox 1191 3701 1258 3741; x_wconf 90' lang='lat' dir='ltr'><strong>suae</strong></span> <span class='ocrx_word' id='word_1_334' title='bbox 1275 3685 1481 3742; x_wconf 89' lang='lat' dir='ltr'><strong>Mathematico.</strong></span> 
     </span>
    </p>
   </div>
   <div class='ocr_carea' id='block_1_5' title="bbox 1558 1895 1563 1929">
    <p class='ocr_par' dir='ltr' id='par_1_39' title="bbox 1558 1895 1563 1929">
     <span class='ocr_line' id='line_1_45' title="bbox 1558 1895 1563 1929; baseline 0 0"><span class='ocrx_word' id='word_1_335' title='bbox 1558 1895 1563 1929; x_wconf 91' lang='lat' dir='ltr'><strong>i</strong></span> 
     </span>
    </p>
   </div>
   <div class='ocr_carea' id='block_1_6' title="bbox 285 3823 1533 3896">
    <p class='ocr_par' dir='ltr' id='par_1_40' title="bbox 285 3823 1533 3896">
     <span class='ocr_line' id='line_1_46' title="bbox 285 3823 1533 3896; baseline 0.002 -21"><span class='ocrx_word' id='word_1_336' title='bbox 285 3827 317 3878; x_wconf 90' lang='lat' dir='ltr'><strong>D.</strong></span> <span class='ocrx_word' id='word_1_337' title='bbox 338 3823 443 3874; x_wconf 87' lang='lat' dir='ltr'><strong>Hassier</strong></span> <span class='ocrx_word' id='word_1_338' title='bbox 460 3826 486 3874; x_wconf 91' lang='lat' dir='ltr'><strong>in</strong></span> <span class='ocrx_word' id='word_1_339' title='bbox 505 3825 658 3876; x_wconf 86' lang='lat' dir='ltr'><strong>bibliotheca</strong></span> <span class='ocrx_word' id='word_1_340' title='bbox 676 3826 787 3876; x_wconf 88' lang='lat' dir='ltr'><strong>Ulmeusi</strong></span> <span class='ocrx_word' id='word_1_341' title='bbox 811 3827 858 3874; x_wconf 91' lang='lat' dir='ltr'><strong>boo</strong></span> <span class='ocrx_word' id='word_1_342' title='bbox 876 3825 980 3890; x_wconf 84' lang='lat' dir='ltr'><strong>lleplsri</strong></span> <span class='ocrx_word' id='word_1_343' title='bbox 997 3828 1089 3889; x_wconf 80' lang='lat' dir='ltr'><strong>pddma</strong></span> <span class='ocrx_word' id='word_1_344' title='bbox 1112 3827 1278 3892; x_wconf 82' lang='lat' dir='ltr'><strong>deprehendit</strong></span> <span class='ocrx_word' id='word_1_345' title='bbox 1302 3831 1426 3896; x_wconf 88' lang='lat' dir='ltr'><strong>uobisque</strong></span> <span class='ocrx_word' id='word_1_346' title='bbox 1442 3829 1533 3880; x_wconf 84' lang='lat' dir='ltr'><strong>libera·</strong></span> 
     </span>
    </p>
   </div>
   <div class='ocr_carea' id='block_1_7' title="bbox 179 3895 1083 4016">
    <p class='ocr_par' dir='ltr' id='par_1_41' title="bbox 179 3895 1083 4016">
     <span class='ocr_line' id='line_1_47' title="bbox 179 3895 390 3948; baseline 0 -3"><span class='ocrx_word' id='word_1_347' title='bbox 179 3895 236 3946; x_wconf 89' lang='lat' dir='ltr'><strong>liter</strong></span> <span class='ocrx_word' id='word_1_348' title='bbox 253 3899 390 3948; x_wconf 85' lang='lat' dir='ltr'><strong>concessit:</strong></span> 
     </span>
     <span class='ocr_line' id='line_1_48' title="bbox 629 3961 1083 4016; baseline 0.002 -1"><span class='ocrx_word' id='word_1_349' title='bbox 629 3961 679 4016; x_wconf 90' lang='lat' dir='ltr'><strong>Die</strong></span> <span class='ocrx_word' id='word_1_350' title='bbox 699 3961 881 4016; x_wconf 86' lang='lat' dir='ltr'><strong>anniversario</strong></span> <span class='ocrx_word' id='word_1_351' title='bbox 901 3961 928 4015; x_wconf 88' lang='lat' dir='ltr'><strong>S.</strong></span> <span class='ocrx_word' id='word_1_352' title='bbox 948 3961 1083 4016; x_wconf 86' lang='lat' dir='ltr'><strong>Matthiae</strong></span> 
     </span>
    </p>
   </div>
   <div class='ocr_carea' id='block_1_8' title="bbox 481 4031 1231 4367">
    <p class='ocr_par' dir='ltr' id='par_1_42' title="bbox 714 4031 1000 4086">
     <span class='ocr_line' id='line_1_49' title="bbox 714 4031 1000 4086; baseline -0.007 -1"><span class='ocrx_word' id='word_1_353' title='bbox 714 4033 745 4085; x_wconf 86' lang='grc' dir='ltr'><strong>Δ.</strong></span> <span class='ocrx_word' id='word_1_354' title='bbox 763 4033 790 4086; x_wconf 91' lang='lat' dir='ltr'><strong>O.</strong></span> <span class='ocrx_word' id='word_1_355' title='bbox 809 4031 846 4085; x_wconf 90' lang='grc' dir='ltr'><strong>Μ.</strong></span> <span class='ocrx_word' id='word_1_356' title='bbox 866 4033 922 4086; x_wconf 91' lang='lat' dir='ltr'><strong>DO.</strong></span> <span class='ocrx_word' id='word_1_357' title='bbox 941 4031 1000 4085; x_wconf 87' lang='lat' dir='ltr'>XII.</span> 
     </span>
    </p>

    <p class='ocr_par' dir='ltr' id='par_1_43' title="bbox 481 4101 1231 4367">
     <span class='ocr_line' id='line_1_50' title="bbox 649 4101 1064 4158; baseline 0 -2"><span class='ocrx_word' id='word_1_358' title='bbox 649 4102 780 4156; x_wconf 88' lang='lat' dir='ltr'><strong>Memoria</strong></span> <span class='ocrx_word' id='word_1_359' title='bbox 798 4103 897 4156; x_wconf 88' lang='lat' dir='ltr'><strong>natalis</strong></span> <span class='ocrx_word' id='word_1_360' title='bbox 915 4101 1064 4158; x_wconf 77' lang='lat' dir='ltr'><strong>felicissimi</strong></span> 
     </span>
     <span class='ocr_line' id='line_1_51' title="bbox 481 4169 1231 4242; baseline 0.005 -16"><span class='ocrx_word' id='word_1_361' title='bbox 481 4171 651 4227; x_wconf 80' lang='lat' dir='ltr'><strong>Serenissimi</strong></span> <span class='ocrx_word' id='word_1_362' title='bbox 668 4169 907 4240; x_wconf 88' lang='lat' dir='ltr'><strong>Potentissimique</strong></span> <span class='ocrx_word' id='word_1_363' title='bbox 926 4173 1059 4242; x_wconf 88' lang='lat' dir='ltr'><strong>Principis</strong></span> <span class='ocrx_word' id='word_1_364' title='bbox 1079 4183 1106 4230; x_wconf 91' lang='lat' dir='ltr'><strong>et</strong></span> <span class='ocrx_word' id='word_1_365' title='bbox 1123 4176 1231 4232; x_wconf 88' lang='lat' dir='ltr'><strong>Domini</strong></span> 
     </span>
     <span class='ocr_line' id='line_1_52' title="bbox 565 4241 1152 4313; baseline 0.007 -17"><span class='ocrx_word' id='word_1_366' title='bbox 565 4242 673 4296; x_wconf 91' lang='lat' dir='ltr'><strong>Domini</strong></span> <span class='ocrx_word' id='word_1_367' title='bbox 691 4241 824 4297; x_wconf 88' lang='lat' dir='ltr'><strong>Matthiae</strong></span> <span class='ocrx_word' id='word_1_368' title='bbox 842 4242 877 4297; x_wconf 88' lang='lat' dir='ltr'><strong>lt.</strong></span> <span class='ocrx_word' id='word_1_369' title='bbox 896 4243 979 4310; x_wconf 81' lang='lat' dir='ltr'><strong>Regis</strong></span> <span class='ocrx_word' id='word_1_370' title='bbox 997 4243 1152 4313; x_wconf 83' lang='lat' dir='ltr'><strong>Huugariaa</strong></span> 
     </span>
     <span class='ocr_line' id='line_1_53' title="bbox 726 4309 984 4367; baseline -0.016 0"><span class='ocrx_word' id='word_1_371' title='bbox 726 4320 754 4367; x_wconf 91' lang='lat' dir='ltr'><strong>et</strong></span> <span class='ocrx_word' id='word_1_372' title='bbox 770 4309 915 4366; x_wconf 88' lang='lat' dir='ltr'><strong>Bobemiae</strong></span> <span class='ocrx_word' id='word_1_373' title='bbox 935 4321 984 4367; x_wconf 87' lang='lat' dir='ltr'><strong>etc.</strong></span> 
     </span>
    </p>
   </div>
   <div class='ocr_carea' id='block_1_9' title="bbox 667 4451 1040 4520">
    <p class='ocr_par' dir='ltr' id='par_1_44' title="bbox 667 4451 1040 4520">
     <span class='ocr_line' id='line_1_54' title="bbox 667 4451 1040 4520; baseline -0.003 -13"><span class='ocrx_word' id='word_1_374' title='bbox 667 4451 754 4508; x_wconf 84' lang='lat' dir='ltr'><strong>Nixus</strong></span> <span class='ocrx_word' id='word_1_375' title='bbox 772 4452 908 4520; x_wconf 79' lang='lat' dir='ltr'><strong>egentium</strong></span> <span class='ocrx_word' id='word_1_376' title='bbox 926 4454 1040 4510; x_wconf 90' lang='lat' dir='ltr'><strong>nomine.</strong></span> 
     </span>
    </p>
   </div>
   <div class='ocr_carea' id='block_1_10' title="bbox 459 4539 1250 4969">
    <p class='ocr_par' dir='ltr' id='par_1_45' title="bbox 459 4539 1250 4969">
     <span class='ocr_line' id='line_1_55' title="bbox 460 4539 1210 4610; baseline 0.005 -16"><span class='ocrx_word' id='word_1_377' title='bbox 460 4541 554 4596; x_wconf 90' lang='lat' dir='ltr'><strong>Panno</strong></span> <span class='ocrx_word' id='word_1_378' title='bbox 573 4539 621 4595; x_wconf 92' lang='lat' dir='ltr'><strong>tibi</strong></span> <span class='ocrx_word' id='word_1_379' title='bbox 641 4548 752 4610; x_wconf 89' lang='lat' dir='ltr'><strong>accepta</strong></span> <span class='ocrx_word' id='word_1_380' title='bbox 769 4539 898 4607; x_wconf 87' lang='lat' dir='ltr'><strong>imposuit</strong></span> <span class='ocrx_word' id='word_1_381' title='bbox 915 4557 965 4610; x_wconf 92' lang='lat' dir='ltr'><strong>pro</strong></span> <span class='ocrx_word' id='word_1_382' title='bbox 982 4557 1050 4610; x_wconf 90' lang='lat' dir='ltr'><strong>pace</strong></span> <span class='ocrx_word' id='word_1_383' title='bbox 1069 4543 1210 4610; x_wconf 83' lang='lat' dir='ltr'><strong>Coronam,</strong></span> 
     </span>
     <span class='ocr_line' id='line_1_56' title="bbox 546 4609 1194 4678; baseline 0.003 -14"><span class='ocrx_word' id='word_1_384' title='bbox 546 4611 638 4666; x_wconf 86' lang='lat' dir='ltr'><strong>Mente</strong></span> <span class='ocrx_word' id='word_1_385' title='bbox 656 4617 703 4664; x_wconf 86' lang='lat' dir='ltr'><strong>tua</strong></span> <span class='ocrx_word' id='word_1_386' title='bbox 722 4625 834 4665; x_wconf 88' lang='lat' dir='ltr'><strong>concors</strong></span> <span class='ocrx_word' id='word_1_387' title='bbox 854 4609 971 4678; x_wconf 79' lang='lat' dir='ltr'><strong>dustria,</strong></span> <span class='ocrx_word' id='word_1_388' title='bbox 989 4611 1062 4666; x_wconf 88' lang='lat' dir='ltr'><strong>facta</strong></span> <span class='ocrx_word' id='word_1_389' title='bbox 1080 4621 1128 4667; x_wconf 87' lang='lat' dir='ltr'><strong>tua</strong></span> <span class='ocrx_word' id='word_1_390' title='bbox 1145 4621 1194 4668; x_wconf 88' lang='lat' dir='ltr'><strong>est.</strong></span> 
     </span>
     <span class='ocr_line' id='line_1_57' title="bbox 461 4677 1145 4752; baseline 0.003 -18"><span class='ocrx_word' id='word_1_391' title='bbox 461 4681 592 4736; x_wconf 87' lang='lat' dir='ltr'><strong>Hostibus</strong></span> <span class='ocrx_word' id='word_1_392' title='bbox 610 4681 731 4750; x_wconf 87' lang='lat' dir='ltr'><strong>expulsis</strong></span> <span class='ocrx_word' id='word_1_393' title='bbox 749 4677 907 4742; x_wconf 79' lang='lat' dir='ltr'><strong>mercedem,</strong></span> <span class='ocrx_word' id='word_1_394' title='bbox 926 4689 1034 4752; x_wconf 89' lang='lat' dir='ltr'><strong>sceptra</strong></span> <span class='ocrx_word' id='word_1_395' title='bbox 1051 4683 1145 4744; x_wconf 86' lang='lat' dir='ltr'><strong>tulisti,</strong></span> 
     </span>
     <span class='ocr_line' id='line_1_58' title="bbox 549 4751 1243 4818; baseline -0.003 -13"><span class='ocrx_word' id='word_1_396' title='bbox 549 4751 624 4818; x_wconf 83' lang='lat' dir='ltr'><strong>Quae</strong></span> <span class='ocrx_word' id='word_1_397' title='bbox 642 4767 702 4805; x_wconf 88' lang='lat' dir='ltr'><strong>cum</strong></span> <span class='ocrx_word' id='word_1_398' title='bbox 720 4751 901 4806; x_wconf 87' lang='lat' dir='ltr'><strong>Marcomanis</strong></span> <span class='ocrx_word' id='word_1_399' title='bbox 919 4758 991 4806; x_wconf 87' lang='lat' dir='ltr'><strong>terra</strong></span> <span class='ocrx_word' id='word_1_400' title='bbox 1009 4751 1129 4806; x_wconf 85' lang='lat' dir='ltr'><strong>Bobema</strong></span> <span class='ocrx_word' id='word_1_401' title='bbox 1145 4751 1243 4806; x_wconf 89' lang='lat' dir='ltr'><strong>tremit.</strong></span> 
     </span>
     <span class='ocr_line' id='line_1_59' title="bbox 459 4820 1250 4889; baseline 0.003 -15"><span class='ocrx_word' id='word_1_402' title='bbox 459 4821 538 4877; x_wconf 87' lang='lat' dir='ltr'><strong>Nunc</strong></span> <span class='ocrx_word' id='word_1_403' title='bbox 557 4835 666 4889; x_wconf 88' lang='lat' dir='ltr'><strong>quoque</strong></span> <span class='ocrx_word' id='word_1_404' title='bbox 685 4820 825 4876; x_wconf 82' lang='lat' dir='ltr'><strong>Caesareis</strong></span> <span class='ocrx_word' id='word_1_405' title='bbox 844 4830 958 4876; x_wconf 88' lang='lat' dir='ltr'><strong>centeno</strong></span> <span class='ocrx_word' id='word_1_406' title='bbox 976 4838 993 4874; x_wconf 85' lang='lat' dir='ltr'><strong>a</strong></span> <span class='ocrx_word' id='word_1_407' title='bbox 1010 4837 1102 4875; x_wconf 89' lang='lat' dir='ltr'><strong>meuse</strong></span> <span class='ocrx_word' id='word_1_408' title='bbox 1121 4820 1250 4876; x_wconf 86' lang='lat' dir='ltr'><strong>ministris</strong></span> 
     </span>
     <span class='ocr_line' id='line_1_60' title="bbox 545 4889 1162 4969; baseline -0.005 -23"><span class='ocrx_word' id='word_1_409' title='bbox 545 4889 645 4954; x_wconf 86' lang='lat' dir='ltr'><strong>Debita</strong></span> <span class='ocrx_word' id='word_1_410' title='bbox 662 4891 686 4956; x_wconf 86' lang='lat' dir='ltr'><strong>si</strong></span> <span class='ocrx_word' id='word_1_411' title='bbox 704 4889 811 4946; x_wconf 85' lang='lat' dir='ltr'><strong>dederis</strong></span> <span class='ocrx_word' id='word_1_412' title='bbox 828 4891 962 4969; x_wconf 85' lang='lat' dir='ltr'><strong>praemia:</strong></span> <span class='ocrx_word' id='word_1_413' title='bbox 982 4891 1082 4946; x_wconf 87' lang='lat' dir='ltr'><strong>ansar</strong></span> <span class='ocrx_word' id='word_1_414' title='bbox 1100 4890 1162 4963; x_wconf 75' lang='lat' dir='ltr'><strong>eris.</strong></span> 
     </span>
    </p>
   </div>
   <div class='ocr_carea' id='block_1_11' title="bbox 0 0 1836 5544">
    <p class='ocr_par' dir='ltr' id='par_1_46' title="bbox 0 0 1836 5544">
     <span class='ocr_line' id='line_1_61' title="bbox 0 0 1836 5544; baseline 0 11"><span class='ocrx_word' id='word_1_415' title='bbox 0 0 1836 5544; x_wconf 95' lang='lat' dir='ltr'><strong> </strong></span> 
     </span>
    </p>
   </div>
  </div>
 </body>
</html>
