3624 5554
267 415 331 487 t1e
665 491 672 506 ‚
791 413 855 472 vsa
871 415 987 474 somna
1004 415 1124 489 uepres.

265 563 398 676 promisi,
429 597 506 658 velle
532 613 580 657 ma
609 597 686 658 intra
716 597 865 659 octiduum
892 613 1000 659 arcana
1032 599 1130 658 omnia
1159 595 1323 658 absolvere.
1367 593 1483 660 Pmieci
1513 605 1613 658 autem

265 693 387 759 tantum,
411 693 443 744 ut
465 686 589 746 eoccntrl
613 685 853 762 inaequalitatem
876 687 1059 748 mediocriter
1081 685 1225 745 salvarem
1240 687 1309 759 (nisi
1329 685 1410 762 quod
1424 703 1484 744 una
1505 686 1616 746 lunda-

244 829 246 836 ,
264 773 436 833 mentalium
458 775 698 834 observationum
722 780 762 834 20
779 776 898 833 minutis
920 777 1028 835 vitiosa
1050 774 1105 832 luit
1127 772 1269 852 assumta)
1292 781 1322 833 et
1343 771 1531 833 minuendam
1547 789 1613 834 essa

265 860 342 921 Solis
372 863 615 922 eccentricitatem
645 861 791 922 callerem.
821 871 865 907 '—
886 867 989 922 Porro:
1021 861 1100 922 lnter
1129 863 1297 938 potissimae
1331 878 1437 921 causas
1465 861 1614 920 invisendi

264 948 413 1027 Tychonia
436 949 490 1008 iult
512 956 543 1008 et
564 949 646 1022 haee,
670 956 703 1008 ut
724 951 853 1010 veriores
876 952 1124 1011 ecoentrieitatum
1143 952 1347 1026 proportiones
1369 967 1406 1010 ex
1429 951 1493 1026 ipso
1516 949 1616 1009 disce-

264 1053 334 1096 rem.
382 1036 489 1096 Verum
513 1036 616 1115 'l'ycho
647 1039 763 1114 copiam
792 1053 891 1097 earum
919 1039 990 1098 mihi
1017 1054 1076 1097 non
1106 1037 1191 1112 lecit,
1222 1039 1278 1095 nisi
1301 1046 1442 1112 quantum
1466 1037 1562 1097 obiter
1583 1044 1615 1096 et

264 1123 345 1184 aliud
368 1141 459 1202 agens
482 1129 556 1184 inter
579 1124 761 1185 coenandum
781 1126 844 1200 jam
868 1125 905 1185 de
927 1141 1060 1203 apogaeo
1083 1123 1182 1201 hujus,
1202 1123 1264 1200 jam
1289 1123 1324 1184 de
1348 1124 1427 1184 illius
1451 1122 1536 1184 uadis
1550 1139 1615 1184 me·

265 1213 359 1274 minii.
398 1210 456 1272 Sed
479 1227 543 1272 cum
559 1212 681 1284 videret,
705 1229 769 1272 esse
784 1213 856 1272 mihi
872 1215 1021 1289 ingenium
1044 1212 1151 1284 audax,
1175 1215 1336 1272 rectissime
1358 1214 1484 1272 tortasse
1499 1229 1615 1271 meatum

266 1317 354 1377 agere
377 1315 408 1359 sa
431 1300 627 1373 existimabat,
651 1297 771 1359 indultis
794 1300 833 1359 ad
856 1318 952 1372 meum
975 1301 1100 1360 lubitum
1124 1301 1380 1361 observationibus
1403 1302 1475 1376 ipsis
1498 1299 1614 1360 biartis.

267 1387 301 1446 ln
325 1387 382 1447 hoc
404 1393 519 1464 tempus
541 1390 609 1448 trivi
632 1405 687 1447 nee
708 1387 746 1448 de
769 1386 892 1448 aliorum
915 1389 1099 1465 planetarum
1122 1388 1376 1448 observationibus
1398 1387 1439 1446 iai
1456 1387 1614 1446 sollicitas:

266 1477 421 1552 sperabam
444 1475 575 1550 quotidie
598 1478 708 1535 exitum
730 1477 759 1532 in
783 1475 897 1536 theoria
919 1477 1033 1547 Martis,
1057 1482 1124 1552 post
1145 1475 1220 1535 alias
1236 1491 1354 1552 quoque
1376 1474 1555 1535 habuissem.
1574 1506 1615 1520 --

268 1563 411 1622 ANonis
434 1563 585 1622 Februarii
616 1579 711 1640 usque
741 1562 779 1624 ad
801 1561 864 1622 Cal.
887 1562 985 1639 Junii,
1017 1566 1042 1623 sl
1066 1573 1124 1623 tres
1155 1564 1268 1622 circiter
1289 1565 1468 1640 septimanas
1491 1565 1612 1636 eximas,

267 1653 407 1710 continuo
435 1667 500 1710 cum
523 1650 664 1728 'lychoue
693 1653 782 1727 inque
812 1653 949 1711 convictu
978 1650 1042 1727 ejus
1073 1653 1142 1712 viai.
1188 1650 1369 1710 Invitaverat
1396 1653 1421 1709 la
1444 1665 1490 1709 mc
1522 1649 1614 1710 alteta
1695 1661 1698 1667 '

264 1739 330 1797 vice
351 1755 494 1814 perquam
518 1738 653 1798 humanis
676 1738 713 1798 ad
737 1755 784 1798 me
799 1741 913 1816 scriptis
931 1739 1031 1799 literis.
1070 1738 1128 1798 Sed
1147 1756 1197 1798 eas
1212 1755 1268 1814 ego
1284 1738 1382 1797 literas
1398 1738 1445 1798 die
1464 1744 1513 1797 10.
1530 1737 1615 1797 Junil

266 1825 382 1884 demum
406 1825 540 1885 Viennae
570 1829 599 1884 iu
629 1824 725 1886 reditu
749 1828 858 1902 accepi.
904 1825 954 1888 Sic
977 1843 1047 1904 ergo
1070 1841 1128 1884 non
1148 1835 1268 1886 'tautum
1291 1835 1392 1903 gratus
1414 1825 1466 1885 sed
1489 1841 1616 1902 exspec-

263 1921 344 1974 tatus
369 1915 455 1973 etiam
480 1914 535 1972 luit
557 1912 704 1973 adventus
732 1931 824 1974 meus.
870 1914 907 1973 Et
929 1913 966 1976 de
990 1914 1134 1974 sumtibus
1162 1929 1298 1973 accessus
1328 1915 1385 1972 mei
1408 1921 1527 1974 cautum
1551 1931 1615 1973 esse

264 2000 368 2075 voluit,
393 2003 417 2062 si
442 2001 611 2072 voluissem,
635 2008 665 2060 et
687 1999 722 2061 de
744 2001 856 2061 viatico
879 2001 917 2060 ad
940 2002 1064 2064 reditum
1080 2003 1245 2062 necessario
1261 2001 1406 2060 Viennam
1428 2017 1521 2076 usque
1544 2017 1616 2077 pro·
1661 2047 1662 2054 ,

262 2091 368 2165 spexit.
414 2087 535 2149 Summa
558 2105 628 2149 vero
651 2091 834 2149 tractationis
855 2097 974 2150 austrae
996 2092 1051 2149 iult
1073 2089 1155 2165 haec,
1179 2097 1212 2148 ut
1234 2097 1402 2165 procuraret
1424 2088 1495 2148 mlhi
1511 2087 1614 2170 Tycha

262 2175 363 2236 literas
392 2175 543 2250 (laesuris,
576 2178 685 2253 quibus
715 2181 745 2236 ei
775 2193 896 2237 vocarer
926 2180 955 2236 iu
986 2179 1135 2238 biennium
1169 2179 1199 2235 ln
1228 2177 1400 2236 Bohemiam
1433 2175 1615 2236 maturandis

232 2286 238 2299 ¹
263 2263 413 2342 Tychonis
436 2264 625 2344 editionibus,
649 2271 678 2324 et
699 2263 792 2324 nihilo
814 2267 912 2324 minua
934 2264 1073 2325 salarium
1096 2281 1192 2326 meum
1216 2266 1245 2323 in
1268 2264 1367 2342 Styrla
1389 2265 1521 2324 obtinere
1543 2281 1616 2340 pos·

262 2367 339 2426 sem;
370 2352 572 2430 suppeditaret
598 2361 628 2412 et
656 2361 771 2412 sumtus
798 2354 895 2412 itineri
924 2355 1103 2413 necessarios
1138 2352 1175 2412 ad
1205 2351 1346 2411 familiam
1375 2351 1614 2412 transferendam.

265 2439 379 2514 Quibus
401 2457 420 2499 a
442 2457 488 2500 me
511 2442 669 2517 propositis
693 2437 952 2518 insuper'adjecit,
976 2449 1142 2501 curaturum
1165 2457 1207 2514 se,
1230 2447 1264 2499 ut
1285 2441 1435 2498 minimum
1462 2445 1524 2498 100
1548 2439 1616 2498 tha-

261 2527 339 2587 leros
363 2529 515 2604 accipiam.
553 2528 626 2588 Post
649 2527 763 2604 aliquot
777 2530 920 2588 mansium
938 2531 1190 2590 conversationem
1213 2543 1348 2588 reversus
1364 2525 1498 2587 Gratiam
1521 2543 1616 2604 nego-

263 2616 336 2674 tium
359 2615 463 2692 reliqui
487 2613 656 2693 pendulum.
776 2619 781 2626 '
1138 2633 1141 2640 ’

365 2713 447 2770 Brevi
464 2721 610 2784 postquam
628 2713 764 2784 Keplcms
790 2713 824 2769 ad
842 2713 1000 2786 Tyehonem
1025 2715 1183 2771 Beuaticam
1205 2715 1370 2770 transiverat
1394 2721 1422 2770 et
1444 2714 1558 2784 propius
1575 2713 1615 2769 iu·

262 2801 364 2872 epactis
382 2801 518 2871 Tychonis
540 2801 649 2871 ingenio
674 2808 702 2857 et
724 2801 855 2866 moribus,
877 2796 934 2859 'nec
956 2819 1010 2858 nou
1034 2819 1089 2872 qua
1113 2803 1218 2858 ratione
1242 2801 1329 2857 habiti
1351 2801 1453 2858 luerint
1476 2801 1617 2858 domestici

261 2889 346 2960 illius,
370 2891 502 2946 conseritis
525 2889 596 2946 sorte
619 2887 770 2946 fautoribus
794 2889 956 2945 Hoffmauno
982 2897 1010 2945 et
1033 2889 1198 2960 conducio,
1228 2905 1280 2945 nee
1309 2905 1363 2945 non
1386 2889 1492 2944 medico
1517 2887 1617 2946 celebri

261 2975 402 3042 leccenic,
428 2977 603 3048 conscripsit,
630 2984 661 3032 ut
679 2991 709 3032 se
728 2983 755 3031 et
772 2975 900 3032 familiam
919 2979 954 3034 ab
978 2977 1050 3032 omui
1070 2976 1230 3032 detrimento
1249 2983 1336 3032 tutum
1354 2981 1521 3047 praestaret,
1545 2977 1617 3031 hauc

262 3063 518 3123 Delibevctionem
541 3063 577 3122 de
599 3081 687 3124 mora
702 3061 876 3136 Bohemicu,
897 3081 978 3135 qnam
997 3065 1078 3120 etiam
1097 3067 1190 3122 amicis
1208 3066 1237 3120 iu
1256 3065 1346 3136 styrie
1368 3063 1513 3134 legendam
1531 3069 1559 3118 et
1576 3061 1616 3118 di·

153 3175 162 3190 ι
258 3153 434 3224 judicandam
452 3153 564 3210 tradidit
583 3155 616 3220 (v.
636 3173 655 3207 t.
674 3173 701 3223 p·
722 3159 791 3222 ml·

368 3245 596 3306 Deliberationis
619 3263 702 3306 meac
726 3247 823 3324 capita
846 3251 915 3306 sunt
936 3247 1028 3305 varia.
1073 3243 1212 3320 Primum,
1237 3253 1270 3305 ut
1292 3261 1400 3304 aunum
1423 3261 1512 3303 unium
1527 3249 1616 3320 atque

264 3332 387 3394 alterum
415 3333 445 3392 lu
470 3333 613 3394 Bohemia
635 3351 729 3394 morer
759 3341 787 3394 el
816 3343 952 3396 eventum
985 3349 1079 3393 rerum
1104 3333 1134 3390 iu
1158 3331 1256 3411 Scyria
1285 3336 1397 3392 eminus
1427 3333 1614 3410 contempler,

265 3419 430 3480 consultum
452 3421 539 3480 rebus
563 3421 636 3481 meis
658 3421 792 3498 adeoque
815 3431 845 3482 et
866 3421 971 3481 studiis
995 3437 1059 3481 esse
1074 3419 1201 3496 videtur,
1223 3423 1349 3482 maxime
1372 3423 1397 3480 si
1415 3418 1494 3506 quod
1510 3419 1615 3498 'tycho

263 3507 417 3586 pollicetur
433 3509 556 3569 obtineri
573 3517 670 3586 queat,
695 3517 727 3569 ut
742 3509 880 3569 salarium
904 3509 1069 3586 Styriecum
1092 3507 1183 3567 nihilo
1206 3510 1301 3568 secius
1318 3510 1511 3569 continuetur.
1550 3507 1616 3568 Hac

266 3598 421 3656 occasione
444 3603 559 3673 tempos
581 3598 653 3656 mihi
669 3597 913 3674 suppeditaretur,
937 3597 1079 3658 liberandi
1095 3595 1181 3656 iidem
1197 3615 1291 3668 meam
1314 3599 1344 3654 in
1359 3597 1503 3674 promisso
1527 3603 1615 3655 auto·

266 3691 345 3743 mate
368 3681 488 3744 coelesti
508 3693 659 3750 (1.tasa.),
682 3703 799 3761 possam
822 3686 965 3761 paulatim
988 3687 1178 3756 innotescere,
1202 3694 1234 3744 ut
1250 3684 1437 3761 postmodum
1452 3685 1483 3741 in
1499 3699 1615 3744 omnem

265 3778 403 3832 eventum
427 3769 463 3830 de
486 3770 654 3832 conditione
677 3774 777 3850 aliqua
799 3773 871 3831 mihi
898 3789 957 3831 nou
984 3770 1102 3831 difficile
1130 3780 1209 3831 esset
1230 3775 1404 3848 prospicere.
1451 3771 1563 3830 Forsan
1586 3778 1616 3830 et

267 3859 300 3919 C.
323 3855 364 3918 ΜΙ
387 3860 597 3920 innotescerem
620 3860 876 3937 conditionemque
899 3861 1136 3920 honestissimam
1159 3859 1343 3938 adipiscerer.
1374 3859 1408 3918 lu
1423 3857 1529 3918 studiis
1544 3860 1617 3918 meis

264 3947 321 4007 hoc
341 3949 460 4008 noudue
482 3947 660 4024 proficerem,
685 3949 763 4025 quod
778 3947 968 4025 particulares
985 3946 1191 4024 dispositiones
1207 3949 1320 4008 orbium
1343 3945 1521 4021 coelestium,
1545 3945 1617 4006 mihi

265 4033 302 4096 ad
320 4051 392 4095 mea
414 4036 535 4094 inventa
556 4035 732 4112 percolenda
754 4040 829 4096 scitu
852 4037 1031 4096 necessarias
1047 4033 1157 4111 diuque
1173 4034 1361 4105 desideratas,
1386 4051 1524 4095 successu
1539 4043 1617 4093 tern-

264 4123 342 4202 poris
365 4121 554 4182 addiscerem.
593 4121 785 4202 speraveram
809 4123 936 4202 quidem,
960 4139 1006 4182 me
1029 4125 1086 4182 ista
1106 4122 1184 4199 apud
1200 4123 1236 4182 l).
1253 4123 1422 4200 Tychonem
1434 4123 1497 4198 jam
1512 4130 1617 4198 parata

240 4213 460 4284 inventurum,
484 4209 535 4270 sed
558 4211 652 4288 major
674 4229 719 4274 res
743 4219 796 4288 cst,
821 4230 908 4288 quam
932 4219 965 4270 ut
987 4219 1046 4270 tam
1069 4209 1166 4282 iacile,
1190 4217 1250 4269 tam
1273 4211 1357 4270 brevi
1380 4217 1509 4288 tempore
1534 4205 1617 4270 deci-

265 4299 359 4360 datur.
404 4297 507 4376 Tycha
531 4300 752 4362 ohservationes
776 4299 866 4360 hahet
889 4302 1024 4377 optimas,
1049 4315 1126 4375 quae
1149 4299 1239 4358 instar
1261 4299 1401 4358 materiae
1424 4297 1545 4357 suntad
1562 4295 1627 4358 hoc*

267 4385 432 4447 aedificium
463 4387 684 4462 exstruendum,
715 4387 806 4446 habet
837 4396 865 4447 et
894 4388 1043 4466 operatios
1074 4393 1111 4445 et·
1135 4385 1277 4463 quicquid
1308 4386 1467 4447 desiderari
1498 4388 1617 4444 omnino

265 4481 372 4554 potest.
418 4471 502 4533 Unus
532 4473 574 4532 illi
600 4475 682 4536 deest
704 4474 896 4546 arclritectns,
928 4477 978 4550 qul
1001 4473 1046 4531 his
1069 4473 1204 4532 omuibus
1224 4475 1310 4550 J'uxta
1332 4491 1364 4533 sc
1387 4481 1496 4532 utatur.
1542 4471 1617 4532 Nam

268 4565 323 4622 etsi
346 4561 495 4639 ingenium
518 4561 547 4620 iu
570 4565 634 4640 ipso
658 4561 858 4622 felicissimum
882 4569 911 4620 et
933 4561 1019 4640 plane
1043 4559 1299 4621 architectonicum
1316 4569 1370 4636 est,
1393 4563 1496 4638 ingens
1519 4567 1616 4620 tamen

267 4652 397 4711 varietas
421 4657 452 4710 et
474 4651 503 4708 in
526 4649 650 4726 singulis
672 4647 898 4726 profundissima
927 4649 1022 4710 lateus
1050 4649 1159 4709 veritas
1182 4647 1334 4726 hucusque
1363 4645 1618 4726 diligentissimum

266 4735 437 4814 'l'ychonem
461 4737 603 4809 detinuit,
632 4753 698 4796 cam
717 4737 780 4812 jam
803 4743 938 4796 senectus
960 4735 1003 4794 illi
1026 4735 1162 4813 obrepat,
1194 4738 1341 4814 ingenium
1365 4745 1394 4799 et
1417 4753 1518 4798 omnes
1542 4740 1618 4796 vires

266 4841 410 4884 enervans
434 4833 487 4884 aut
508 4841 566 4885 non
582 4823 691 4884 multoe
706 4829 772 4904 poet
787 4839 880 4884 annos
903 4830 1085 4896 enervatum,
1109 4822 1184 4883 adeo
1199 4833 1232 4884 ut
1247 4825 1402 4886 difficulter
1423 4825 1504 4885 solus
1520 4825 1618 4884 omnia

263 4911 379 4976 olhcerc
400 4913 522 4992 possit..
551 4913 657 4991 ltaque
679 4913 705 4974 si
728 4911 783 4974 fine
805 4914 863 4975 mel
884 4913 997 4973 itineris
1025 4911 1095 4971 nolo
1118 4913 1246 4993 privari,
1274 4912 1397 4974 duorum
1427 4914 1552 4975 alterum
1575 4915 1620 4973 est
