3612 5538
17 413 19 476 ν
306 443 392 515 1028
677 476 682 484 ·
833 445 896 518 Vita
914 449 1029 507 Jounuis
1047 449 1166 524 Kopieri.

303 635 332 688 et
354 627 458 688 stellae
480 633 610 688 errantes
632 635 773 708 perpetuo
794 627 849 690 s‘oo
874 634 1078 710 constantique
1101 649 1186 694 cursu
1215 634 1293 692 omni
1316 630 1480 708 posteritati
1504 629 1646 690 omnium·

302 733 360 792 que
382 716 549 778 seculorum
571 719 727 778 memoriae
750 716 904 794 prodent.“

404 803 439 864 In
463 811 591 864 extremo
615 821 702 882 opere
725 811 826 866 nostro
848 809 942 867 satius
966 805 1101 866 duximus
1124 805 1246 867 aliorum
1269 805 1305 868 de
1321 805 1450 884 Kepiero
1472 804 1578 866 reierre
1598 803 1647 880 ju·

301 887 387 964 dicia,
412 909 500 969 quam
523 889 603 969 quod
625 909 660 952 ex
682 893 729 952 his
751 895 822 971 ipsis
846 897 899 954 riri
922 897 1059 972 operibus
1082 895 1199 954 anobis
1223 894 1308 955 editis
1333 893 1561 955 redundaturum
1589 897 1648 952 erat

300 981 357 1057 ipsi
385 978 567 1040 concludere.
615 979 750 1058 Amplius
778 983 854 1041 enim
886 985 1005 1060 triginta
1034 999 1177 1042 annorum
1205 999 1323 1060 operam
1353 990 1383 1043 et
1401 981 1532 1042 laborem
1563 982 1592 1038 in
1616 995 1648 1038 eo

301 1069 525 1141 consumsimus,
549 1073 582 1127 ut
605 1085 649 1144 ea,
674 1085 750 1144 quae
774 1085 861 1147 opere
883 1070 1020 1130 nuno'ad
1043 1069 1294 1146 tinemperducto
1311 1071 1504 1143 continentur,
1528 1065 1649 1143 collige·

235 1153 262 1218 “,
298 1171 396 1214 remus
420 1163 449 1214 et
471 1154 617 1232 quendam
640 1159 669 1214 in
694 1156 823 1216 ordinem
846 1157 1051 1235 redigeremus.
1098 1155 1176 1233 Quid
1200 1159 1303 1216 mirum
1325 1159 1427 1234 igitur,
1452 1159 1476 1215 si
1500 1154 1650 1214 dubitavi·

300 1259 364 1300 nnus
387 1247 561 1303 sententiam
585 1243 658 1303 serre
682 1242 721 1304 de·
742 1261 777 1302 eo
802 1247 874 1318 viro,
899 1248 948 1323 qui
972 1253 1016 1320 tot
1038 1261 1090 1322 per
1113 1261 1206 1304 annos
1230 1247 1368 1305 continuo
1386 1247 1483 1305 animo
1500 1243 1649 1318 oculisque

298 1333 406 1390 nostris
429 1333 467 1389 sit
490 1330 689 1390 obversatus?
718 1331 839 1392 Poterat
862 1335 939 1392 enim
961 1331 1032 1405 fieri,
1056 1342 1090 1392 ut
1113 1331 1234 1411 Kepieri
1257 1349 1377 1410 opernm
1400 1331 1495 1392 editor
1517 1329 1649 1405 idemque

299 1421 439 1494 interpres
461 1435 519 1478 non
544 1417 690 1478 rideretur
712 1420 738 1478 is
762 1437 836 1493 esse,
861 1421 945 1496 cujus
968 1423 1166 1497 incorruptum
1182 1423 1385 1498 integrumque
1401 1425 1487 1484 esset,
1497 1417 1650 1494 judicium.

299 1504 380 1581 Quas
403 1507 585 1582 suspiciones
600 1513 633 1565 ut
648 1509 834 1581 evitaremus,
857 1508 1015 1568 maluimus
1032 1507 1107 1568 aiios
1129 1517 1228 1568 nostro
1244 1511 1362 1568 nomine
1376 1508 1473 1568 iacere
1488 1505 1650 1583 loquentes.

401 1593 513 1666 Restat,
538 1602 569 1652 ut
593 1592 673 1652 nulla
696 1592 755 1653 alia
778 1597 886 1655 renisi
910 1595 1103 1656 admiratione
1126 1599 1231 1656 summi
1255 1599 1311 1655 viri
1334 1594 1372 1654 ad
1387 1591 1606 1672 suscipiendum
1623 1599 1651 1651 et

298 1680 504 1758 perficiendum
533 1697 607 1758 opus
635 1679 758 1741 arduum
788 1683 930 1761 impulsos
953 1701 1007 1743 nos
1038 1700 1102 1744 esse
1125 1682 1321 1760 profiteamur.
1368 1683 1539 1760 accipiatur
1563 1681 1650 1757 igitur

297 1774 329 1826 ut
353 1768 469 1828 debitae
495 1771 557 1827 viro
581 1771 779 1828 venerationis
800 1773 917 1845 signum
940 1779 970 1831 et
993 1773 1207 1845 testimonium,
1231 1787 1381 1848 quormque
1404 1773 1429 1828 ci
1443 1768 1562 1829 ‘abhinc
1585 1776 1649 1828 octo

296 1871 411 1915 menses
434 1857 462 1912 in
487 1855 626 1934 oppidulo
650 1856 741 1916 natali
767 1858 912 1918 collocata
935 1861 973 1916 sit
995 1867 1093 1918 statua
1117 1875 1220 1932 aerea,
1252 1857 1402 1918 literarum
1434 1855 1492 1917 hoc
1519 1863 1649 1916 nostrum

296 1951 515 2003 munumentum
537 1961 574 2003 ne
598 1943 648 2003 iiio
672 1941 809 2004 videatur
831 1945 980 2023 indignius
1003 1963 1067 2007 esse
1092 1963 1269 2024 magnopere
1293 1953 1439 2025 optamus.

399 2100 502 2161 Mense
525 2101 685 2162 Febrrrario
707 2101 963 2163 Mucccnxxl.

1284 2255 1348 2338 lu·
1378 2255 1544 2340 sumn.
