3624 5554
266 379 330 458 666
576 385 756 450 summan
773 387 1117 448 numennumen
1136 388 1228 448 secu
1246 389 1316 454 666

503 561 660 624 emanue
676 572 802 626 66666666
819 573 927 626 mres
941 575 1118 626 6666666666
1131 583 1184 639 per
1201 585 1292 626 annos
1328 569 1333 586 '

504 651 713 721 6166166666
729 672 812 712 sensu
828 673 862 714 66
878 657 989 714 scene
1006 657 1098 714 611666
1112 663 1250 727 putarem,

507 740 583 811 Quae
600 745 727 800 66666666
744 761 818 800 auae
836 751 952 802 attrecta
969 752 1099 816 uncoque
1116 752 1232 816 reperta,

502 827 691 902 Posteaquam
709 833 741 887 in
758 833 872 890 dubium
888 833 989 890 6666666
1005 849 1077 903 nepe
1096 833 1191 902 opinio
1209 834 1283 904 vulpi

505 915 602 986 Lapsa
619 925 659 976 est
677 927 703 977 66
719 921 810 992 cipido
828 927 959 990 reputato
976 921 1102 978 66666666
1119 920 1215 990 dipsa,

507 1003 689 1075 emamus
707 1007 855 1080 Stopyrito
871 1025 961 1066 aarum
976 1010 1132 1080 6666666666
1142 996 1259 1078 'eioqcc
1371 999 1393 1064 ’,

504 1091 724 1165 draconumque
742 1097 840 1154 6616666
857 1098 1017 1167 Italamque
1035 1097 1214 1167 Arabumque
1231 1097 1380 1168 sophorum

510 1179 651 1240 Vincireut
668 1185 800 1252 animum,
818 1202 984 1257 concorsque
1000 1186 1110 1256 [6666116
1128 1191 1218 1242 anm.

467 1317 472 1336 ,
503 1266 576 1324 lade
593 1271 650 1339 ubi,
662 1270 802 1338 judicium
819 1274 930 1344 topacio
947 1275 1107 1346 6666166666,
1126 1273 1233 1342 operiri

506 1353 734 1426 Ooepmsoi'crri
749 1361 842 1429 foster
854 1362 1093 1431 pulrbcsrimoque
1109 1361 1160 1416 6116

504 1441 628 1502 Eminuit
644 1462 737 1502 666666
753 1449 856 1517 species
875 1450 953 1518 (aare
970 1466 1012 1506 me
1028 1449 1106 1504 Deus
1124 1448 1198 1502 61666

510 1527 646 1588 Verteatia
662 1535 728 1589 secli
745 1537 866 1592 melioris
883 1555 942 1594 aori
958 1537 1121 1594 mediocrem

505 1615 689 1674 1166666666-
707 1621 784 1678 loce
800 1625 885 1680 veluti
902 1624 993 1680 6666166
1010 1624 1136 1692 61661666
1155 1651 1184 1662 -
1203 1621 1381 1688 ministrum),

502 1703 594 1776 Atque
610 1708 659 1764 uba¹
676 1717 828 1766 6666666666
844 1713 987 1770 rationum
1004 1711 1167 1766 6111666661

505 1791 668 1864 Ooaeeptcm
686 1799 809 1868 speciem,
826 1799 921 1867 focalia
938 1804 1041 1854 6666666
1058 1803 1176 1866 reperto,

507 1879 575 1936 Tum
593 1883 700 1954 6666666
717 1887 795 1942 licuit
813 1903 919 1958 quoque
932 1892 1015 1956 ¹posse
1030 1886 1127 1954 fovere
1145 1881 1281 1942 Maricas

506 1967 624 2040 Iapenio
638 1974 783 2044 partimus
801 1980 849 2030 666
867 1974 1025 2030 rationibus
1041 1974 1104 2028 uti·
1177 2001 1188 2022 ,

515 2059 551 2116 Ut
568 2061 619 2116 tibi
638 2061 743 2118 limaci
760 2078 869 2120 6666666
883 2063 1022 2131 6616666666
1039 2061 1153 2118 libenter

506 2143 616 2216 Accepi,
634 2149 774 2218 Aepemae,
793 2151 939 2218 Nisuetae,
957 2146 1198 2220 Pythoporoeque.

504 2232 574 2289 Jam
590 2237 642 2292 tibi
660 2253 718 2294 666
737 2239 827 2294 Tollere
845 2241 954 2294 tautum
971 2237 1062 2294 6666116
1080 2250 1136 2292 ease
1153 2237 1280 2305 6666166,

507 2319 588 2390 Quod
604 2325 703 2394 reliqui
717 2332 834 2394 potuere
852 2326 922 2381 66666
938 2326 1025 2381 multo
1043 2329 1107 2380 6666
1124 2321 1224 2388 uidae,

491 2413 493 2419 ’
510 2405 610 2464 Verum
628 2411 711 2466 etiem
728 2411 827 2468 666616
843 2428 914 2483 pyro
933 2412 1036 2468 circum
1053 2411 1130 2466 atrio
1147 2407 1222 2464 Solis

506 2495 621 2562 (Odiosa
637 2515 687 2556 666
703 2501 809 2570 reliquo
826 2499 894 2558 hoec
910 2507 1012 2570 septem
1029 2498 1213 2562 comentrico)
1230 2495 1307 2563 66666,

505 2581 582 2640 Dum
598 2587 703 2654 raptim
721 2587 796 2642 circo
810 2589 958 2657 proprium
977 2603 1083 2658 quoque
1101 2586 1210 2642 6666666
1227 2589 1350 2640 melmin

506 2671 650 2732 Mandaei
666 2675 754 2744 666616
771 2682 861 2733 motus
877 2677 1005 2746 fallitque
1023 2676 1126 2742 6166666,

508 2758 660 2816 Tantorum
677 2763 750 2820 unde
767 2765 842 2820 subit
859 2765 951 2822 661666
968 2765 1121 2834 circumque
1137 2767 1281 2818 6666666666

503 2846 618 2904 Delirat
634 2851 748 2918 soboles,
767 2868 836 2921 qiroe
853 2858 919 2910 6666
936 2857 1075 2921 conperta
1092 2851 1221 2908 1116616661.

367 2931 444 2989 Haec
461 2936 586 3004 seqnitur
606 2938 728 2994 oratione
746 2940 836 2996 soluta
855 2939 1002 3010 explicatio
1015 2939 1129 2996 rationis
1142 2937 1345 3007 Copernicanae
1357 2929 1559 3001 compendiosa,
1578 2928 1622 2984 his

263 3017 437 3084 praemissis:
463 3022 591 3090 ,Mirum
611 3040 628 3079 o
648 3025 811 3095 Copernice,
837 3034 868 3084 ut
885 3041 901 3082 e
919 3033 997 3084 tanta
1014 3027 1100 3082 nostri
1119 3025 1205 3082 seculi
1222 3023 1369 3091 caecitate,
1395 3019 1505 3090 quando
1531 3017 1622 3072 omnis

264 3103 456 3177 philosophiae
474 3108 522 3166 lux
541 3127 603 3168 enm
622 3127 668 3180 ea,
692 3129 763 3182 quae
787 3113 901 3170 aliarum
925 3129 1035 3183 qnoque
1054 3127 1143 3168 rerum
1166 3112 1230 3166 inde
1249 3108 1474 3178 consequentium
1492 3113 1547 3172 est,
1574 3119 1621 3158 ex·

265 3191 365 3250 stincta
380 3193 469 3262 jacet,
496 3211 633 3266 emergere
651 3201 787 3271 potueris,
812 3206 843 3258 66
861 3217 894 3257 66
912 3217 983 3271 quae
1002 3202 1192 3272 suppressione
1215 3213 1280 3254 voce
1299 3197 1420 3266 proxime
1437 3189 1621 3263 praecedente

258 3287 355 3336 aetate
373 3281 401 3337 in
416 3281 487 3340 libro
505 3284 540 3340 de
558 3285 639 3342 docta
656 3287 811 3356 ignorantia
828 3288 959 3344 Nicolaus
979 3289 1103 3343 Cusanns
1122 3286 1292 3353 enunciant,
1318 3283 1458 3351 aliquanto
1484 3278 1621 3350 proferres

264 3365 408 3435 audacius,
427 3385 459 3424 eo
477 3386 575 3442 nempe
593 3374 689 3444 clypeo
707 3375 843 3445 confisus,
867 3377 942 3445 quod
960 3376 983 3432 si
1001 3376 1093 3446 opinio
1113 3391 1177 3430 6666
1195 3389 1246 3444 per
1263 3389 1291 3428 66
1311 3379 1342 3426 66
1365 3369 1550 3437 susciperetur
1567 3380 1623 3418 non

264 3461 338 3510 esset
356 3455 464 3523 efficax,
484 3459 580 3516 saltem
598 3477 648 3530 pro
668 3463 762 3530 majori
781 3479 862 3532 quam
874 3465 903 3518 iu
916 3462 1156 3534 supputationibus
1169 3458 1357 3516 astronomicis
1370 3456 1460 3512 adfert
1477 3451 1622 3508 commodi·

265 3546 350 3596 tatem
369 3541 419 3598 sub
438 3547 530 3614 specie
549 3550 745 3620 suppositionis
764 3549 962 3608 admitteretur.
1000 3551 1069 3608 Heio
1087 3549 1187 3620 quibus
1205 3555 1232 3606 66
1250 3545 1340 3602 666616
1363 3543 1470 3598 divinus
1493 3539 1540 3596 ills
1558 3548 1623 3594 tuus

263 3627 360 3698 penius
377 3629 503 3704 incitarit,
522 3649 572 3704 epo
592 3624 733 3694 reserans

367 3899 430 3958 lan
448 3919 580 3962 66666666
598 3921 706 3977 eorum,
726 3921 796 3975 qnae
814 3906 1026 3976 disputavimus,
1044 3922 1099 3962 nno
1117 3912 1268 3976 conspectu
1279 3919 1381 3974 ponem
1393 3903 1491 3973 placet.
1516 3899 1624 3957 Aetatis

264 4009 346 4065 qnam
364 3991 583 4050 adumbravimus
600 3993 739 4061 ingenium
761 3993 815 4050 hoc
832 4009 893 4050 6666
915 4001 1042 4064 apparet:
1067 3994 1144 4051 vides
1167 3995 1236 4050 alios
1253 3993 1367 4063 impigro
1386 3991 1475 4048 666616
1493 3991 1624 4055 16666666,

265 4089 295 4136 66
318 4085 391 4138 artes
414 4082 566 4151 provehant
590 4089 760 4151 naturaeque
782 4095 883 4138 666666
908 4083 1032 4151 aperiant
1053 4088 1082 4137 et
1105 4081 1258 4149 illustrent,
1287 4081 1354 4138 alios
1378 4081 1532 4150 opinionem
1554 4077 1624 4134 anti·

265 4170 357 4239 quitus
374 4169 502 4224 traditam
521 4168 657 4224 mordicus
676 4177 810 4226 tenentes.
836 4171 868 4225 In
886 4169 946 4225 aliis
958 4171 1083 4226 liberiore
1097 4170 1333 4239 utunturjudicio,
1351 4169 1380 4225 in
1397 4169 1456 4224 aliis
1475 4183 1509 4223 ne
1528 4167 1563 4223 ab
1583 4183 1624 4238 aa,

266 4273 337 4328 qnae
362 4255 638 4327 quiremanserat,
662 4272 753 4314 rernm
776 4258 955 4314 humanarum
979 4258 1182 4327 divinarumque
1207 4259 1321 4314 seientia
1340 4257 1491 4313 desciscere
1515 4255 1624 4312 videau-

265 4353 324 4414 tur,
348 4345 430 4402 anxie
454 4352 558 4400 666666
600 4343 698 4414 Iidem,
723 4361 785 4401 cnm
808 4346 954 4414 plurimum
976 4345 1097 4401 tribuant
1120 4345 1259 4402 veteribus
1282 4343 1494 4413 mathematicis,
1523 4345 1625 4414 quihus

265 4434 295 4488 hi
312 4432 438 4488 laborent
455 4432 605 4500 erroribus,
625 4449 696 4501 qnae
714 4433 834 4489 habeant
851 4449 954 4502 manea,
977 4435 1063 4501 magis
1087 4435 1228 4504 magisque
1253 4433 1463 4503 perspicientes,
1487 4432 1515 4486 in
1534 4447 1625 4489 emen·

267 4519 363 4574 dandis
386 4527 414 4576 et
437 4520 579 4590 explendis
602 4519 657 4576 illis
680 4522 753 4577 varie
777 4528 928 4578 versantur.
966 4521 1019 4576 Sed
1043 4521 1071 4575 in
1093 4521 1261 4594 inquirendis
1284 4521 1367 4575 rebus
1390 4519 1507 4588 partiam
1532 4518 1625 4574 stadio

268 4605 376 4662 deducti
393 4607 517 4664 officiunt
534 4610 656 4676 integrae
669 4607 828 4678 disciplinae
845 4607 980 4665 luminiet
994 4609 1091 4678 siquis
1109 4607 1249 4664 erectionis
1267 4607 1348 4664 animi
1359 4613 1410 4674 est,
1429 4621 1490 4661 enm
1509 4605 1624 4661 vinculis

268 4693 451 4764 adstringunt.
487 4695 572 4764 Quam
592 4696 627 4750 ob
645 4711 702 4750 rem
721 4697 895 4765 Capernions,
912 4711 944 4750 66
962 4698 1072 4752 maximi
1089 4697 1217 4752 momenti
1235 4695 1355 4763 detecta,
1373 4698 1429 4750 stat
1446 4690 1480 4746 ab
1500 4691 1624 4748 omnibns

268 4778 325 4834 iere
342 4779 466 4851 relictus,
492 4784 587 4854 paucis
605 4787 712 4837 6666666
733 4783 874 4840 excelsam
897 4783 947 4838 riri
970 4801 1079 4840 sensum
1102 4784 1312 4852 assequentibus
1335 4789 1364 4836 66
1386 4779 1519 4835 rationem
1538 4781 1573 4835 ab
1592 4795 1624 4834 eo

267 4865 396 4928 66661666
414 4877 508 4951 aperte
525 4869 728 4946 profitentibus,
748 4870 872 4942 plurimis
889 4877 938 4930 666
954 4871 1142 4934 Ptolemaeum
1162 4869 1350 4942 probantibus,
1367 4873 1416 4928 666
1433 4866 1506 4942 quod
1518 4867 1624 4943 heho·
