3516 5540
37 1521 39 1586 f
131 1481 232 1592 iram
277 1477 554 1580 astronomiae
602 1477 795 1578 colendae
845 1476 1129 1600 ducendaeque
1173 1480 1370 1580 rationem
1414 1510 1461 1579 en

194 1623 328 1718 monio
361 1621 443 1718 ili.
473 1621 668 1720 traditam
699 1621 901 1742 somperil
930 1625 1133 1743 lteplerus,
1164 1630 1388 1723 enammnr.

213 1973 353 2044 Quantum
370 1973 399 2028 in
416 1977 520 2044 mbbus
538 1981 567 2032 et
582 1973 667 2032 literis
679 1976 810 2044 superus
828 1977 876 2034 uni
889 1975 997 2033 cnidum
1015 1973 1073 2032 rino
1091 1976 1267 2034 tribuendum
1284 1976 1334 2048 sit,
1353 1976 1377 2036 ei
1395 1974 1465 2034 alios

127 2060 159 2115 db
173 2061 211 2118 rel
228 2068 324 2118 aetate
341 2063 480 2132 proximos
497 2061 541 2118 rel
562 2063 704 2134 aequales,
728 2063 775 2134 qui
793 2065 864 2121 idem
881 2063 1021 2120 literarum
1039 2079 1126 2134 penus
1144 2065 1302 2136 coluerunt,
1326 2080 1465 2136 compara·

127 2149 196 2218 ruis,
217 2148 327 2208 facilius
351 2150 504 2220 apparebit.
542 2150 630 2220 Quam
653 2152 767 2206 obrem
789 2159 818 2210 et
841 2151 908 2209 utile
930 2157 959 2208 et
971 2152 1124 2221 jucundum
1142 2151 1201 2209 iore
1214 2152 1413 2223 judicavimus,
1440 2151 1465 2209 si

127 2235 221 2306 depleri
236 2237 266 2292 in
283 2235 469 2308 provehendis
486 2237 574 2296 literis
591 2238 688 2296 landes
705 2238 877 2312 illustratum,
896 2254 978 2310 quam
995 2239 1043 2296 ille
1056 2239 1268 2310 deprehenderit
1284 2239 1466 2298 astronomiae

37 2401 38 2404 Ἴ
125 2323 283 2398 alarumque,
304 2341 377 2396 quae
394 2325 488 2396 aliqua
504 2326 705 2384 necessitudine
722 2326 799 2383 illam
816 2326 968 2396 attingunt,
987 2325 1192 2396 disciplinarum
1209 2327 1358 2396 rationem,
1377 2333 1467 2384 osten·

125 2411 235 2469 reinna
270 2411 352 2470 Haec
368 2421 460 2470 autem
485 2413 532 2486 qni
550 2413 642 2484 legent
658 2422 690 2472 ut
708 2420 811 2484 quma
835 2415 1003 2472 incrementa
1026 2415 1130 2484 ceperit
1152 2413 1206 2486 boe
1223 2414 1364 2472 literarum
1381 2429 1468 2484 penus

125 2505 265 2572 mumque
287 2499 392 2558 decora
414 2501 465 2556 riri
488 2501 580 2558 studia
599 2501 649 2558 iila
676 2501 796 2559 colentes
824 2503 981 2574 pepererint
1005 2501 1130 2572 judicare
1153 2502 1253 2568 edant,
1280 2501 1413 2574 quidquid
1439 2503 1468 2558 in

123 2588 260 2646 subaudis
277 2588 356 2646 nlius
373 2589 473 2646 aetatis
490 2589 568 2648 libris
584 2596 735 2648 memoratu
754 2589 865 2660 dignum
876 2589 965 2648 risum
983 2595 1036 2661 est,
1053 2605 1104 2646 nos
1121 2589 1189 2660 ipsis
1202 2590 1365 2660 scriptorum
1377 2591 1467 2650 verbis

124 2675 259 2746 reddemus,
277 2677 469 2748 incomptum
487 2684 516 2733 et
532 2669 649 2734 liberum
666 2678 801 2736 servaturi
818 2693 919 2748 eoram,
937 2677 986 2748 qni
1003 2677 1185 2734 aeconomiae
1201 2676 1343 2734 historiam
1355 2694 1469 2748 eognos-

123 2765 220 2822 oaodam
243 2764 299 2820 eibi
323 2771 495 2832 sumserunt,
518 2763 662 2834 judicium.
681 2797 714 2806 -
732 2767 811 2824 Hane
828 2766 912 2838 igitur
930 2765 1000 2820 viam
1018 2765 1149 2835 ingressi,
1172 2769 1277 2821 utnon
1294 2781 1377 2820 unum
1394 2765 1467 2837 Kep-

122 2849 206 2924 ltrurn,
221 2852 272 2910 sed
290 2851 363 2908 alios
380 2867 490 2924 quoque
512 2851 648 2910 adiremtm
666 2854 827 2928 scriptores,
854 2857 1023 2924 quantopere
1041 2852 1176 2924 Kepleraa
1201 2852 1235 2909 de
1259 2852 1313 2910 boc
1329 2853 1468 2912 literarum

121 2954 203 3007 rosere
219 2939 499 3009 mansionesque
516 2946 607 2998 aetate
626 2941 780 3012 superiores
798 2941 992 3012 antecesserit,
1011 2942 1119 3012 qmtis
1137 2939 1256 3011 deniqne
1273 2941 1468 2998 astronomiam

120 3025 276 3084 bumentia
301 3027 424 3096 auxerit,
449 3025 567 3084 dilucide
590 3026 755 3098 explanasse
778 3027 858 3084 nobis
880 3027 1011 3085 ridemur.
1055 3027 1160 3085 Eadem
1177 3027 1223 3086 ria
1246 3027 1404 3086 incedentes
1422 3029 1470 3100 qui

121 3121 198 3172 nostra
213 3115 350 3186 legerint,
372 3115 475 3184 majore
495 3130 577 3186 quam
594 3115 676 3184 uulgo
700 3115 815 3172 aradum
841 3117 972 3187 eborum,
991 3117 1039 3187 qui
1061 3115 1156 3172 literas
1174 3114 1310 3183 auxerint,
1335 3121 1469 3186 proventu

120 3203 224 3260 warns
241 3203 321 3260 xvi.
341 3201 476 3271 dormisse,
494 3202 688 3258 astronomiam
705 3218 723 3258 a
741 3201 894 3262 Purbaebio
911 3203 975 3260 inde
993 3211 1022 3260 et
1039 3204 1255 3274 Regiomoutano
1274 3202 1309 3260 ad
1322 3203 1471 3273 Keplerum

119 3305 192 3361 nsque
213 3307 269 3348 uno
294 3295 395 3346 tenore
418 3295 576 3359 provectam
601 3304 674 3360 esse,
699 3305 743 3346 res
760 3305 778 3346 a
796 3290 917 3361 Keplero
939 3291 1076 3363 detectas,
1102 3291 1202 3360 quibus
1226 3306 1297 3362 quae
1321 3289 1403 3348 hodie
1427 3297 1471 3347 est

118 3380 269 3436 monentia
287 3377 400 3444 nititur,
418 3377 471 3432 nisi
488 3377 529 3432 uir
544 3377 592 3434 iiie
609 3377 731 3450 uestigiis
749 3385 860 3436 secutus
876 3385 951 3436 esset
968 3378 1040 3434 viros
1058 3385 1181 3450 tempore
1197 3379 1360 3450 superiores,
1379 3379 1470 3449 detegi

118 3479 164 3522 son
177 3467 303 3536 potuisse
322 3463 487 3534 intelligent.

205 3551 410 3624 complectitur
428 3558 519 3608 antem
540 3553 609 3610 baec
628 3553 764 3610 enarratio
785 3559 892 3624 tempus
913 3552 948 3610 ab
961 3569 1033 3610 auno
1051 3553 1120 3610 1543
1138 3551 1173 3610 ad
1185 3552 1267 3610 finem
1282 3567 1370 3623 usque
1383 3555 1470 3612 seculi

37 3675 38 3678 =
115 3641 179 3710 nst,
195 3653 227 3700 ut
241 3643 371 3715 repetita
387 3658 405 3698 a
423 3629 574 3712 liopernico
599 3641 635 3698 ad
661 3641 847 3700 Prcdromcm
868 3639 981 3710 Kepleri
1005 3638 1162 3698 descendat.
1198 3641 1237 3696 Et
1253 3646 1471 3700 astronomorum

115 3729 211 3796 rudem
230 3745 304 3802 prae
324 3727 426 3785 cetenis
448 3729 585 3786 mentione
607 3728 710 3799 injecta
731 3729 813 3786 etiam
836 3727 1055 3786 mathematicam
1073 3735 1103 3782 et
1127 3729 1305 3786 theoreticam
1323 3736 1352 3784 et
1369 3731 1469 3801 practi-

114 3832 172 3887 cam,
188 3825 327 3888 quanm
345 3813 381 3872 ad
398 3817 591 3872 astronomiam
609 3815 689 3888 salet,
708 3831 759 3873 nec
777 3832 832 3872 nou
850 3815 1035 3888 annologiam,
1053 3815 1082 3872 in
1099 3832 1154 3887 qua
1171 3816 1280 3888 plurimi
1298 3816 1374 3874 illius
1393 3825 1467 3876 aeta·

114 3903 143 3960 iia
158 3906 310 3964 mosomi
330 3919 443 3976 operam
461 3905 635 3975 studiumque
654 3911 818 3976 posuerunt,
837 3904 948 3975 paucis,
967 3903 1014 3960 ubi
1032 3918 1103 3976 opus
1121 3906 1174 3960 erit
1190 3905 1272 3973 facto,
1292 3905 1468 3976 attingemus.

37 4050 39 4062 ἶ
114 3991 144 4046 lit
162 4009 223 4050 sero
247 3991 436 4050 illustriorum
459 3992 622 4062 scriptorum
645 4007 729 4062 opera
752 3991 910 4062 diligentins
932 3991 1117 4065 excutientur¹
1147 3991 1188 4048 ita
1210 3991 1325 4048 aliorum
1360 4005 1469 4061 quoque

37 4079 38 4090 ¹
113 4081 204 4152 scripta
229 4077 438 4149 laudabuntur,
465 4095 540 4151 cum,
569 4093 640 4150 qnae
662 4081 753 4136 minus
775 4087 904 4136 accurate
929 4094 987 4136 rem
1014 4080 1221 4136 aestimantibus
1247 4077 1314 4135 nibil
1340 4077 1469 4134 momenti

37 4159 38 4210 t
115 4165 192 4224 lasere
213 4168 361 4235 ridentur,
390 4164 465 4223 baud
487 4166 528 4221 ita
548 4181 611 4222 raro
628 4182 673 4222 res
695 4167 724 4222 in
746 4165 924 4238 amplioribus
947 4167 1076 4239 operibus
1100 4169 1214 4224 omissas
1232 4167 1355 4224 minusne
1374 4163 1469 4234 expla-

37 4243 38 4250 '
114 4261 179 4310 naas
195 4254 352 4314 munirent
386 4251 550 4325 Tempornm
574 4260 665 4311 autem
688 4253 784 4311 ordine
809 4271 891 4325 quarn
913 4255 1015 4327 poterit
1037 4255 1155 4312 maxime
1175 4261 1299 4322 aurato,
1316 4251 1368 4307 nisi
1386 4251 1469 4306 rebus

114 4343 187 4412 nans
202 4343 233 4400 in
251 4359 313 4402 nno
333 4348 483 4414 conspectu
501 4341 599 4412 positis
617 4358 686 4414 opus
703 4341 795 4410 tuerit,
812 4359 868 4401 uon
886 4339 1056 4400 recedemus.

204 4646 456 4712 monumentorum,
472 4656 544 4714 quos
560 4639 658 4699 babuit
674 4641 815 4712 praevios,
838 4641 967 4714 operibus
986 4642 1065 4714 qnasi
1081 4637 1263 4699 fundamentis
1281 4651 1348 4696 usus
1368 4639 1468 4711 cpper·

113 4731 179 4789 meos
196 4749 270 4806 opus
290 4729 363 4786 ssiud
382 4731 472 4800 exegit
489 4746 552 4788 aere
570 4730 726 4802 perennius,
743 4746 798 4802 quo
816 4729 960 4787 emendata
977 4731 1274 4786 etcorrectaueterum
1292 4729 1466 4800 astronomia,

112 4833 174 4888 pne
191 4827 420 4877 momorum
437 4825 501 4874 aute
519 4835 582 4876 eum
599 4816 704 4874 offusae
721 4825 801 4875 erasm
817 4818 913 4875 animis
925 4818 1055 4877 dismssit
1071 4815 1207 4872 tenebras.
1239 4813 1293 4884 Qui
1308 4816 1363 4887 ipsi
1375 4818 1468 4874 melio·

111 4908 177 4967 rlbns
201 4908 310 4980 qan'bus
334 4905 422 4964 bodo
442 4907 590 4966 utronomi
613 4905 735 4977 pandant
757 4907 883 4979 auxiliis,
909 4911 1024 4976 atquae
1042 4900 1334 5048 ‘eoelesidegr’Ybusque
1352 4921 1467 4976 eognos-
