3588 5540
776 425 949 488 0001000.
1029 383 1036 394 ”
1469 427 1534 500 oon

185 613 241 670 tor.
286 607 356 670 Filii
379 608 438 670 mei
460 611 663 688 argumentum
686 613 744 670 eelz
768 608 799 669 in
821 606 928 669 multoe
950 608 1031 670 inleti
1051 607 1196 686 liberalia,
1221 611 1328 688 quibus
1351 627 1406 689 ego
1428 609 1536 688 potiori

185 698 263 756 niter
280 697 355 774 jure.
401 698 510 775 Pnngit
531 696 689 772 hominem,
712 695 792 774 qnod
813 713 956 758 novercae
980 698 1044 774 eine
1070 707 1205 775 nepotem
1228 701 1353 777 pecunia
1383 697 1535 774 nonnulla,

186 800 310 861 eponeor
331 785 436 859 lecina,
458 785 604 868 promovi.
649 783 746 846 Velim
769 787 963 862 cogitationes
994 785 1044 846 ille
1073 803 1142 846 eune
1165 785 1293 848 hicnon
1316 785 1355 847 00
1378 785 1536 846 muliebres

186 869 329 950 querelas,
353 872 390 933 ad
405 889 550 935 novercae
564 888 669 947 meree,
692 871 731 934 00
746 877 855 933 eororie
869 890 953 934 meae
968 873 1225 948 ineueurrationee,
1248 873 1300 936 eed
1315 874 1354 935 ad
1369 892 1465 934 meam
1477 874 1536 932 dn-

188 961 368 1036 genuitatem
392 961 562 1022 conformet.
606 959 682 1022 Sunt
703 959 819 1038 aliquot
838 959 952 1034 floreni,
976 961 1032 1024 etei
1056 961 1185 1022 nondum
1208 965 1346 1043 expensi,
1370 979 1429 1024 noe
1452 977 1536 1022 meae

187 1055 284 1108 tamen
307 1051 472 1124 poteetntie.
517 1047 679 1126 spopondi,
702 1047 910 1126 praestandum
932 1054 987 1122 eet,
1008 1051 1124 1111 etiamel
1147 1049 1269 1110 etmihi
1292 1058 1322 1112 et
1344 1051 1417 1110 mele
1440 1050 1537 1110 omni·

188 1137 244 1196 bue
265 1137 305 1196 eit
327 1135 522 1200 eeurlendum.
560 1133 713 1214 spopondi
733 1143 842 1210 autem,
865 1153 931 1196 enm
953 1135 1119 1198 secundiori
1142 1136 1213 1198 flatu
1237 1139 1416 1214 navigarem.
1454 1135 1536 1198 Red-

188 1221 255 1284 dam
277 1232 375 1285 tamen
399 1225 487 1284 etiam
508 1225 637 1286 ratioeee
658 1223 729 1284 lacti
745 1225 801 1284 mei
824 1223 887 1306 (hui
902 1241 990 1301 quern
1014 1226 1137 1302 turpiter
1158 1221 1245 1303 filiole
1267 1241 1326 1286 nou
1341 1225 1408 1286 dedi
1422 1242 1464 1288 ee.
1479 1224 1537 1284 boc

187 1311 270 1372 uxori
293 1329 386 1386 ureae,
411 1313 457 1372 cni
480 1319 515 1373 ut
536 1314 637 1372 matria
659 1329 732 1372 0000
753 1310 849 1372 locum
872 1313 983 1372 tenenti
998 1313 1143 1373 obtrectat
1165 1313 1280 1374 animur
1304 1312 1368 1390 ejne
1390 1314 1536 1380 laemiatrr

190 1401 332 1474 vitiosior,
356 1416 424 1459 nam
446 1401 503 1461 ecit
524 1401 671 1478 apprime,
695 1416 760 1459 eam
783 1417 801 1458 e
823 1416 869 1460 rue
894 1401 1013 1460 minime
1037 1399 1161 1461 delicate
1183 1399 1302 1472 haberi,
1326 1399 1378 1460 eed
1401 1402 1536 1462 mieertne

189 1504 254 1548 enm
276 1487 406 1548 familiae
430 1491 509 1548 omui
532 1505 588 1565 ope
612 1487 778 1548 deetitutae.
817 1485 901 1548 Haec
924 1485 1111 1570 eleemosyna
1133 1495 1186 1562 eet,
1210 1489 1358 1550 abstineat
1379 1487 1429 1550 ille
1452 1488 1537 1548 cobi-

190 1576 319 1652 beatque
342 1575 501 1654 eacrilegee
524 1574 668 1652 querelae.
699 1573 788 1634 Aliud
811 1581 893 1636 tunm
916 1584 1120 1654 argumentum
1142 1585 1193 1644 eet,
1202 1577 1296 1636 bonae
1313 1583 1418 1651 notae:
1444 1575 1537 1654 ,baec

190 1665 356 1724 neeeeearie
377 1670 455 1738 eunt,
477 1661 595 1725 eordide
617 1680 725 1723 evarne
747 1661 873 1738 haberis,
895 1665 950 1722 ulei
973 1663 1175 1740 suppeditee“.
1208 1664 1241 1724 si
1262 1665 1383 1740 poesim,
1405 1666 1536 1740 inquam.

190 1751 232 1812 At
253 1768 332 1812 nnnc
353 1751 471 1828 quidem
493 1749 565 1812 mihi
587 1753 617 1810 in
640 1751 729 1812 breve
750 1757 865 1827 tempue
888 1759 917 1812 et
940 1749 978 1810 ad
992 1759 1079 1830 typos
1102 1753 1213 1830 operia,
1231 1749 1310 1828 quod
1331 1752 1387 1811 aab
1402 1752 1538 1812 manibus

190 1840 293 1914 enrgit,
316 1845 503 1917 prospectum
527 1845 572 1901 eet
594 1837 825 1916 0000000100οη
849 1845 882 1900 nt
905 1839 951 1900 vel
975 1839 1123 1900 tantillum
1145 1839 1213 1900 binc
1235 1837 1390 1917 decerpam
1413 1845 1442 1898 ln
1464 1857 1537 1900 neue

190 1925 244 1985 filii
266 1929 340 2001 mei,
372 1926 452 2004 quod
479 1944 621 1988 remoram
652 1928 749 2004 pariat
778 1929 874 2004 operi,
906 1945 980 2004 pene
1011 1927 1136 1988 alterum
1162 1927 1191 1986 id
1214 1935 1318 2004 reputo
1341 1926 1537 2004 eacrilegium.

192 2013 260 2073 l'iat
282 2013 360 2089 quod
381 2014 495 2090 juetum
516 2021 576 2090 eet,
608 2014 696 2075 etiam
719 2015 744 2074 ei
766 2013 859 2087 illiue,
890 2015 936 2074 cui
956 2015 1017 2092 jam
1041 2015 1077 2076 de
1106 2017 1187 2076 viotn
1208 2023 1411 2093 prospectum,
1441 2023 1539 2076 cetera

192 2103 312 2178 propria
333 2101 477 2164 industria
498 2108 621 2180 cogatur
642 2103 802 2179 acquirere.
847 2099 893 2162 Ob
916 2119 991 2180 opue
1022 2102 1162 2170 conduxit
1190 2120 1237 2163 me
1261 2101 1385 2176 Caesar,
1416 2118 1475 2162 non
1499 2104 1537 2164 ob

192 2189 285 2248 lilium
308 2188 454 2266 alendum,
475 2190 598 2267 jamque
620 2190 650 2248 in
674 2207 710 2250 eo
730 2206 778 2249 roe
799 2198 852 2265 eet,
876 2196 910 2249 ut
931 2197 982 2252 eut
1004 2191 1059 2250 bae
1074 2191 1139 2252 vice
1160 2190 1298 2251 adfinem
1321 2189 1539 2268 perducendum

193 2275 329 2337 videatur
350 2293 442 2356 opne,
470 2285 522 2337 ant
543 2293 630 2356 porro
653 2294 811 2354 nunquam.
857 2275 943 2354 Quod
966 2279 1054 2355 igitur
1076 2281 1182 2350 attinet
1210 2279 1374 2355 posteriora
1395 2283 1538 2356 tempora,

192 2365 235 2425 alc
257 2381 360 2442 egam:
393 2363 536 2442 quidquid
563 2364 719 2426 locationle
746 2367 864 2428 nomine
894 2367 1020 2428 alratre
1047 2384 1114 2428 meo
1144 2365 1354 2444 christophoro
1382 2368 1539 2443 quotannis

191 2451 324 2512 eolvetnr
354 2454 447 2512 eorori
477 2470 562 2514 meae
591 2451 627 2512 00
649 2452 775 2530 praediis
806 2454 879 2515 mele
909 2455 1063 2528 maternis,
1096 2453 1127 2514 id
1149 2473 1186 2515 ex
1208 2453 1304 2515 dictae
1327 2455 1434 2514 rororis
1456 2471 1540 2516 meae

191 2542 329 2600 manibne
353 2542 479 2617 accipiet
500 2558 584 2602 mene
606 2539 685 2600 filine
707 2540 886 2615 Ludovlcur,
909 2541 952 2602 ele
966 2549 1074 2614 tamen,
1099 2549 1132 2602 ut
1153 2559 1172 2602 a
1193 2542 1281 2603 tratre
1297 2557 1363 2603 meo
1386 2543 1449 2619 ipre
1465 2541 1539 2602 nihil

191 2629 352 2706 anticipato
368 2635 459 2706 peter.
490 2627 566 2688 Mllrl
589 2643 660 2690 vero
682 2631 844 2706 ceterisque
866 2630 939 2690 meir
954 2628 1053 2690 liberie
1069 2629 1160 2704 Deua,
1183 2631 1226 2694 uti
1248 2645 1344 2706 epero,
1367 2630 1536 2706 prospiciet,

191 2717 307 2776 etiamsi
331 2715 366 2776 de
394 2721 498 2778 10000
523 2715 687 2777 debitorum
709 2714 782 2776 nihll
804 2715 852 2778 vel
874 2718 960 2777 eortie
984 2717 1031 2778 vel
1054 2734 1161 2778 usurae
1182 2719 1309 2792 nornine,
1332 2722 1456 2777 utnunc
1470 2725 1540 2777 eunt
1619 2726 1624 2735 ’

189 2802 304 2880 perdita
326 2811 473 2882 tempora,
495 2804 648 2881 accipiam.
692 2803 777 2882 Rogo
800 2805 888 2880 igitur
910 2804 1070 2866 admoneae
1093 2804 1189 2880 illum,
1219 2803 1293 2864 nibil
1315 2821 1335 2864 a
1355 2811 1460 2880 patruo
1481 2821 1538 2865 erro

188 2899 280 2968 petet.
325 2891 393 2953 Scio
417 2909 506 2969 qnam
527 2897 658 2970 promtus
680 2890 730 2952 tlle
753 2894 792 2952 eit
814 2893 926 2952 interne
948 2891 987 2952 ad
1010 2891 1154 2969 dandum,
1182 2899 1215 2952 nt
1237 2909 1285 2954 me
1308 2909 1396 2970 quam
1417 2893 1538 2953 minimo

187 2995 242 3040 eno
266 2979 414 3056 impendio
437 2997 455 3040 a
477 2982 664 3058 poeeeeeione
685 2978 899 3058 praediolornm
923 2978 1066 3042 detrudat.

294 3066 381 3143 Quod
404 3073 545 3128 eertorem
561 3073 590 3128 et
605 3073 736 3128 autorem
750 3071 862 3142 attinet,
886 3069 945 3129 vim
968 3069 1032 3146 ipee
1056 3067 1126 3128 milri
1148 3067 1235 3142 lario,
1258 3075 1292 3127 nt
1313 3066 1350 3130 00
1373 3072 1538 3128 commeate

188 3171 264 3230 rneo,
288 3173 376 3232 quem
406 3155 455 3216 bic
476 3155 588 3230 habeo,
620 3161 734 3216 tantum
757 3155 926 3233 decerpam,
957 3173 1016 3232 qno
1045 3163 1075 3216 tn
1105 3154 1239 3216 libereris
1261 3155 1406 3220 molestia
1451 3155 1539 3216 Nova

187 3242 259 3301 milri
282 3241 513 3303 excandeeoeudi
536 3259 626 3304 cauea
647 3244 789 3304 naecitnrr
820 3243 898 3321 quod
917 3243 980 3320 jann
1006 3243 1085 3304 filine
1113 3261 1196 3304 mene
1226 3243 1383 3304 creditores
1405 3259 1475 3304 enoe
1497 3242 1537 3304 ad

187 3338 217 3389 te
240 3328 369 3407 ablegat.
401 3327 531 3392 Obsecro
554 3333 658 3392 sartori
680 3329 782 3391 eednlo
805 3331 956 3409 injungas,
980 3347 1016 3392 ne
1039 3331 1207 3395 illeclierat
1230 3334 1258 3390 in
1280 3331 1397 3408 vulgae,
1420 3339 1450 3391 te
1466 3330 1539 3391 milri

187 3417 236 3478 lrlc
259 3435 378 3496 operam
399 3417 507 3482 locare.
533 3416 636 3478 Hebae
659 3418 824 3495 imperiales
839 3426 965 3496 quatuor
974 3419 1016 3497 l),
1040 3436 1092 3480 eor
1113 3423 1146 3479 ut
1169 3436 1288 3482 0000000
1310 3421 1365 3480 erit
1387 3415 1539 3493 distribue,

188 3511 222 3567 nt
243 3509 370 3566 maxime
392 3506 563 3583 importunis
586 3503 623 3567 00
645 3513 728 3584 parte
750 3503 851 3584 alique
873 3507 1006 3568 eatieliet.
1046 3505 1203 3586 Reliquum
1225 3509 1349 3580 mitum,
1372 3507 1423 3568 nbi
1436 3506 1540 3568 Ratia-

187 3593 284 3655 benae
300 3593 424 3654 enbeidii
439 3591 510 3669 qnid
526 3609 674 3671 accepero.
705 3597 744 3664 tin
762 3603 885 3662 nunno:
911 3593 1002 3654 Miror
1016 3596 1124 3671 quibne
1139 3595 1274 3673 apicibus
1290 3594 1441 3656 literarum
1456 3611 1539 3656 mea·

186 3698 250 3740 rum
274 3683 489 3742 existimaveris
511 3679 593 3740 illurn
616 3683 650 3740 iri
665 3681 787 3740 laeuum.
820 3682 866 3740 00
889 3689 1021 3752 tenerum
1042 3681 1174 3760 theologi
1196 3685 1326 3743 animum
1349 3689 1378 3743 et
1400 3683 1460 3743 lctu
1475 3683 1537 3742 inr-

186 3775 276 3828 tunae
300 3771 433 3828 rarreium
465 3770 577 3842 innuis,
601 3775 712 3828 utnon
736 3775 884 3846 apunetu
910 3775 1038 3845 tanturn,
1069 3769 1121 3830 000
1145 3772 1234 3831 etiam
1257 3771 1295 3832 ab
1326 3771 1537 3849 imaginatione

187 3863 314 3933 punctae
341 3855 464 3919 dolenti
509 3855 625 3916 Aboleo
656 3863 753 3916 tamen
782 3855 881 3918 literae
904 3867 933 3918 et
956 3857 1059 3918 ditiore
1085 3855 1125 3918 ad
1148 3859 1244 3936 ipeum
1272 3859 1412 3933 rcribere,
1443 3857 1536 3920 donec

186 3944 302 4004 rolvam
325 3942 478 4020 debitum.)
501 3975 542 3988 -—
565 3945 629 4004 Elei
651 3947 792 4022 optarim,
823 3945 861 4006 D.
885 3945 1073 4006 Thnmmium
1094 3946 1278 4022 aegritudine
1305 3947 1395 4006 animi
1422 3961 1538 4019 vacare,

187 4039 219 4090 et
242 4032 412 4110 compellari
435 4034 529 4109 poerit
551 4031 588 4091 de
611 4047 699 4109 opere
721 4030 847 4092 locanda
868 4034 898 4090 in
922 4032 1027 4093 debitia
1046 4032 1327 4112 Hemmingerianle,
1350 4048 1427 4109 qnae
1449 4031 1539 4092 Sino·

186 4117 304 4180 cardine
336 4120 521 4196 colliguntur,
552 4117 725 4180 delibandis.
771 4117 858 4180 Mitto
882 4119 920 4181 D.
943 4119 985 4182 M.
1008 4119 1208 4197 Hemmingerl
1235 4119 1373 4182 ecbedam
1396 4125 1538 4194 autogra-

185 4206 275 4284 phon.
306 4205 444 4284 Tubinge
459 4205 659 4270 Stuccerdiam
674 4205 768 4270 crebri
790 4215 956 4270 commeant
977 4209 1089 4270 nuncii:
1112 4217 1211 4288 poteet
1233 4203 1411 4286 interpellari
1426 4207 1538 4268 Deelor

186 4294 235 4358 ille
257 4295 495 4356 Steccarrlianee.
1404 4335 1416 4348 ,

292 4387 345 4443 Die
365 4387 404 4442 10.
421 4385 582 4442 Novembris
600 4385 695 4443 eenblt
711 4386 860 4457 lieplerue:
885 4382 958 4445 000
988 4389 1093 4447 exacto
1122 4383 1287 4464 Septembri
1314 4381 1538 4442 Francolurtum

289 4567 314 4632 *l
333 4573 500 4624 800101000οε
517 4573 545 4622 10
562 4573 675 4635 margine
691 4575 766 4637 liniue
784 4573 907 4640 eplrtolae
924 4576 987 4626 baec
1004 4578 1147 4629 annouvlt:
1172 4576 1230 4624 Von
1247 4574 1320 4624 01000
1338 4577 1356 4624 4
1375 4573 1468 4622 Dderu
1487 4574 1535 4623 trab

187 4647 228 4696 leb
246 4643 310 4694 eall:
329 4643 386 4692 dem
404 4641 540 4694 Schneider
557 4643 612 4695 311.
634 4647 666 4694 ie
679 4647 724 4702 kr..
743 4645 799 4695 dem
817 4643 936 4697 Sebnatm
954 4645 1010 4700 211.
1030 4645 1137 4698 111300
1164 4646 1230 4693 ler
1249 4645 1323 4698 stret
1342 4647 1359 4695 0
1377 4645 1414 4694 tr.
1433 4643 1536 4694 Summa

185 4717 242 4768 ee.
262 4715 296 4766 18
308 4715 356 4772 tr„
374 4713 442 4762 01000
456 4713 488 4764 18
500 4715 537 4766 lrr.
557 4714 666 4775 gebdren
684 4716 732 4764 mir
749 4716 847 4771 herena.
874 4717 937 4766 lteur
956 4718 996 4766 sier
1007 4717 1077 4768 lirici
1091 4717 1157 4766 0000
1174 4712 1233 4764 11101
1251 4715 1326 4780 itu,
1344 4711 1473 4764 etllobmal
1489 4729 1537 4776 gen

185 4785 493 4850 8101000210010,
517 4785 627 4834 trinkeld
644 4784 701 4834 dem
719 4787 811 4835 Borea
831 4789 867 4836 tr.
901 4788 966 4840 ,item
990 4787 1046 4836 dem
1065 4785 1142 4836 Amor
1160 4785 1240 4845 voret
1262 4785 1303 4833 l'iir
1321 4785 1371 4835 000
1387 4783 1469 4834 Pater
1487 4798 1534 4835 von

185 4855 245 4904 Vim
264 4855 298 4908 18
316 4856 354 4906 kr.
393 4853 438 4902 Am
462 4854 608 4904 Jahrrnerkt
630 4855 688 4904 vmb
712 4857 755 4905 010
777 4855 909 4907 0010000110
932 4857 1012 4908 lile.
1042 4857 1080 4906 Ze
1102 4853 1271 4918 Bellebtopler
1294 4857 1308 4904 1
1327 4853 1373 4908 ez.
1414 4855 1457 4908 18.
1474 4853 1536 4920 Hali

188 4928 221 4982 1⁰
237 4927 276 4983 tr.
308 4923 513 4987 crumenam.
542 4925 691 4979 vinem.
721 4926 759 4980 zu
776 4927 823 4980 tut
840 4926 889 4978 1010
907 4929 941 4982 ib
957 4928 994 4978 ir.
1029 4921 1321 4980 enumerarem.
