3516 5540
438 369 625 430 Smilla!
639 368 776 428 metonae
792 365 985 428 memnonias
1002 365 1095 426 meula
1112 363 1185 423 xvi
1434 356 1499 432 595

153 539 371 616 Mom'hua,
391 547 426 618 h)
446 548 492 605 Da
507 547 642 620 eruuplls
662 547 716 605 100
731 547 928 618 geniturarum.
963 543 1073 600 nidus
1095 539 1208 612 insuper
1226 537 1340 596 Tabulis
1363 538 1419 594 are
1442 551 1499 593 ree·

155 635 213 686 ιιιι
227 639 257 687 et
275 633 471 705 obliquamrn
490 635 640 707 aelipdcae,
657 641 687 692 et
702 634 846 692 stellarum
865 641 893 691 et
904 633 1050 698 mdiorum,
1069 643 1157 701 usque
1175 629 1211 684 ad
1228 625 1399 683 latitudinem
1410 625 1428 682 8
1439 639 1501 696 par·

157 719 206 774 ium
230 720 391 793 Ejusdem,
411 727 498 779 antea
514 740 569 780 non
587 723 669 794 adita,
688 721 912 793 Aphorismorum
926 719 1168 778 astronomicarum
1186 722 1326 786 segmenta
1337 715 1399 772 Vll.
1412 715 1501 786 Opus-

158 807 219 864 uluu
232 809 493 882 incomparabile*
525 813 557 868 In
574 813 745 885 praefatione
762 810 911 881 alloquitur
927 809 1086 879 episcopum
1104 803 1256 875 summique
1274 801 1410 873 pontificis
1428 802 1501 858 rica

159 897 206 952 riou
217 896 389 970 Philippum
408 898 582 968 erminum,
601 899 738 958 salmana:
759 900 851 970 ,Quae
864 897 898 954 de
910 897 1061 965 astrologia
1078 892 1197 950 adhunc
1215 907 1304 961 usqua
1316 891 1388 948 diem
1401 891 1502 960 scripta

160 991 212 1056 curt
224 985 388 1042 Ptolemaei
406 987 532 1057 exceptis
550 989 735 1060 monimentis,
757 989 865 1044 tantum
882 1003 900 1042 a
917 986 1033 1042 veritate
1052 983 1214 1052 abhorrent,
1239 987 1271 1036 nt
1292 979 1394 1036 tabulis
1410 981 1503 1050 potius

159 1072 234 1130 thilia
249 1075 413 1132 rideantur.
450 1074 539 1144 Quam
563 1076 598 1132 oh
616 1093 673 1133 rem
691 1093 753 1132 eum
776 1081 862 1131 artem
887 1075 926 1130 sio
950 1071 1091 1142 traditam,
1115 1063 1308 1142 praeterquam
1333 1068 1407 1139 quod
1428 1069 1504 1125 nulla

160 1169 223 1232 emet,
238 1163 419 1232 professores
437 1164 520 1220 etiam
537 1163 666 1220 ridiculos
684 1163 776 1220 faeere
795 1163 1008 1232 conspexissem,
1027 1160 1061 1216 ah
1075 1159 1134 1230 ejus
1148 1159 1239 1216 studio
1258 1175 1366 1230 semper
1376 1159 1504 1229 abstinui,

161 1247 299 1306 iouoetuis
312 1251 563 1322 adhortationibus,
582 1252 659 1323 quasi
674 1251 733 1322 jum
745 1251 821 1307 illam
833 1257 964 1317 tenerem,
983 1247 1117 1320 impulsus
1133 1263 1192 1304 rem
1210 1248 1324 1302 arduam
1341 1261 1373 1302 ac
1391 1247 1506 1303 incredi-

159 1337 226 1394 iila·
243 1355 396 1408 eggressum
412 1355 489 1409 aum,
513 1339 732 1408 industriamque
749 1345 880 1409 quantam
899 1338 977 1410 potui
996 1337 1115 1394 adhibui.
1152 1325 1257 1406 Quibus
1275 1335 1376 1392 factum
1394 1341 1450 1407 est,
1474 1339 1506 1392 nt

158 1427 196 1494 qui
211 1427 309 1484 unicus
326 1435 390 1483 erat
406 1433 467 1482 tum
485 1427 639 1484 inveniendi
656 1434 715 1482 tum
733 1426 858 1484 tradendi
871 1427 1041 1497 disciplinam
1054 1425 1159 1491 modus,
1178 1433 1210 1482 ut
1227 1423 1332 1480 scilieet
1348 1423 1421 1479 illius
1432 1423 1506 1493 prin·

157 1513 218 1584 dph
235 1514 432 1586 philosophiae
450 1513 600 1586 principiis,
619 1513 678 1584 ejus
698 1515 807 1572 decreta
825 1531 886 1571 cum
899 1515 1093 1585 experimentis
1105 1521 1287 1580 annecterent,
1305 1529 1367 1567 eum
1378 1509 1421 1567 uie
1433 1527 1506 1567 asse·

158 1610 241 1658 cutum
253 1603 417 1660 existimem.
442 1603 610 1673 Scripseram
628 1603 698 1660 haec
717 1605 807 1663 omnia
826 1607 859 1662 10
877 1603 954 1660 libris
973 1603 1009 1659 ab
1026 1603 1111 1672 initio,
1127 1601 1186 1671 jam
1205 1616 1275 1670 quac
1294 1599 1391 1656 diffuse
1404 1599 1507 1670 scripta

155 1697 238 1756 aaut,
255 1691 285 1746 iu
304 1690 439 1748 danatus
457 1692 609 1759 brevesque
627 1691 778 1748 sententias
794 1691 900 1761 redegi,
924 1692 964 1746 sic
982 1695 1013 1745 ut
1031 1691 1100 1744 nihil
1118 1690 1227 1746 omnino
1250 1695 1459 1759 praeceptorum
1479 1689 1508 1745 in

155 1785 208 1833 crte
224 1777 378 1834 desiderari
396 1785 503 1849 posset.
537 1779 596 1835 Nec
613 1780 690 1850 piget
707 1777 843 1845 laborum,
862 1795 923 1835 cum
941 1795 1025 1835 unum
1043 1779 1217 1850 perfecerim,
1237 1778 1311 1846 quod
1330 1778 1366 1832 ad
1384 1793 1427 1832 rue
1445 1780 1507 1832 utti-

154 1865 246 1934 nehat,
271 1866 458 1922 inventionem
482 1865 592 1935 quidem
610 1875 692 1936 atque
716 1867 916 1926 absolutionem
934 1867 1000 1923 artis
1002 1907 1096 1924 .....
1131 1867 1281 1936 Postquam
1299 1867 1474 1936 astrologiam
1494 1881 1509 1922 e

153 1953 273 2010 tenebris
293 1954 362 2022 ιιιί,
380 1954 614 2024 metoposcopiam
630 1953 721 2012 inveni
739 1973 772 2012 ae
789 1957 817 2013 in
834 1963 921 2012 artem
938 1954 1040 2025 redegi,
1060 1954 1260 2010 arithmeticam
1271 1954 1382 2025 perfeci,
1401 1955 1510 2010 medici·

152 2057 211 2098 ιιι
229 2057 333 2111 magna
348 2057 384 2098 ex
402 2048 482 2113 parte
501 2042 654 2114 dilucidari,
675 2045 850 2114 geometriam
867 2043 932 2100 auxi
950 2044 978 2097 in
996 2043 1157 2097 immensum
1180 2043 1257 2098 novis
1280 2042 1401 2111 undique
1417 2044 1510 2098 invon-

152 2129 272 2186 tiomhus
289 2129 464 2198 excogitatis,
481 2129 622 2200 multaque
639 2129 693 2186 alia
710 2132 851 2202 praeclara
870 2134 897 2189 in
915 2132 1000 2190 libros
1018 2130 1084 2185 rarii
1101 2130 1209 2199 generis
1227 2130 1345 2200 eontuli3
1365 2138 1510 2202 postquam

150 2217 257 2274 nullum
276 2231 346 2288 opus
364 2217 505 2287 egregium
521 2235 594 2274 nunc
611 2217 640 2274 in
658 2219 747 2276 lucem
764 2219 861 2290 editur,
882 2219 956 2291 quod
974 2237 1029 2276 nou
1048 2218 1082 2274 te
1093 2219 1173 2274 nohis
1184 2219 1329 2274 honestum
1341 2217 1424 2274 faciat
1437 2236 1510 2276 men·

151 2307 269 2376 donem,
287 2312 435 2378 postquam
453 2313 549 2366 nostra
566 2307 621 2378 legi
639 2308 842 2379 desiderarique
860 2309 894 2364 ab
908 2305 1032 2365 omnibus
1044 2307 1099 2362 ridi
1109 2307 1333 2376 impressoribus:
1351 2324 1425 2364 nunc
1438 2309 1512 2364 omni

149 2393 370 2452 mundone
387 2395 515 2467 deposita
532 2396 662 2452 mortales
681 2395 812 2466 perfidiae
829 2395 998 2453 aemulorum
1017 2395 1225 2464 commonefeci,
1249 2402 1308 2452 tum
1332 2395 1414 2450 etiam
1432 2397 1511 2465 prin·

148 2483 225 2552 cipes
244 2491 478 2556 aequepotentes
497 2465 634 2555 admonui,
651 2499 687 2540 ne
706 2484 843 2540 occasioni
857 2483 972 2554 jurandi
989 2481 1120 2551 mortales
1132 2481 1356 2554 propagandique
1373 2483 1402 2537 in
1420 2491 1512 2552 poste·

147 2587 208 2626 rum
225 2571 347 2628 nominis
367 2573 411 2627 sui
429 2571 527 2628 deesse
544 2571 646 2628 uellent
662 2589 696 2630 ae
713 2571 794 2630 simul
812 2573 845 2628 ab
864 2571 995 2630 armillae
1018 2589 1051 2629 ac
1068 2573 1251 2644 negligentiae
1274 2573 1316 2628 rel
1336 2574 1418 2628 etiam
1435 2574 1511 2644 iguo-

146 2659 258 2716 ranh'ae
274 2661 433 2731 suspicione
452 2677 483 2718 ae
501 2661 574 2731 ipsos
592 2661 776 2717 vindicarent“
797 2667 849 2716 etc.

256 2751 299 2806 De
316 2749 515 2820 astrologia
532 2749 613 2807 dicit:
634 2749 679 2815 ,Si
690 2765 746 2821 qua
757 2750 840 2805 estin
852 2748 977 2804 humarris
994 2748 1088 2805 usibus
1101 2765 1146 2806 ars
1164 2751 1320 2806 necessaria
1337 2749 1513 2820 disciplinare

144 2835 231 2906 nuth,
252 2843 302 2894 aut
313 2837 509 2908 comtemplatio
523 2836 646 2907 jucunda
663 2837 706 2892 rel
726 2837 816 2894 divina
836 2837 984 2908 supientia,
1003 2837 1160 2910 Astrologia
1178 2845 1252 2895 certe
1269 2857 1325 2896 non
1344 2839 1432 2894 solum
1449 2839 1513 2894 talis

147 2931 200 2994 eet,
219 2941 318 2982 rerum
336 2925 419 2983 etium
437 2925 558 2981 omnium
577 2925 690 2982 aliarum
708 2932 766 2982 tum
779 2926 878 2982 artium
890 2933 947 2984 tum
961 2928 1137 2984 scientiarum
1148 2929 1392 2998 praestantissima,
1412 2927 1514 2996 quippe

146 3027 212 3068 mm
230 3013 294 3070 sola
312 3021 342 3069 et
359 3021 424 3070 ante
440 3015 511 3070 alias
529 3029 623 3070 omues
641 3021 777 3072 astrorum
795 3015 883 3084 primo
903 3031 1008 3083 cursus,
1025 3015 1184 3086 dignitates,
1204 3021 1336 3086 tempora,
1355 3021 1439 3085 atque
1452 3014 1514 3070 hinc

146 3099 225 3156 Deos
244 3103 324 3170 ipsos
347 3101 432 3157 etiam
450 3117 512 3157 esse
528 3101 678 3158 ιιιιιιιιιι.ιι
694 3139 722 3158 ..
739 3141 767 3159 ..
806 3103 1006 3173 ,Astrologiam
1029 3104 1165 3161 utiliorem
1189 3104 1248 3159 fore
1271 3104 1344 3159 omui
1364 3104 1417 3158 alia
1434 3103 1514 3159 disci·

145 3185 235 3256 plina,
255 3188 318 3257 quis
337 3188 454 3260 dubitat,
475 3205 536 3244 curn
555 3195 583 3245 et
599 3187 700 3256 lutura,
712 3189 744 3245 'si
755 3205 889 3260 prospera
902 3190 964 3258 sint,
983 3191 1062 3262 sequi
1074 3193 1179 3263 doceat,
1198 3192 1221 3247 si
1234 3192 1355 3260 adversa,
1373 3190 1417 3246 rel
1430 3191 1515 3248 vitare

145 3275 191 3328 rel
210 3277 332 3346 aequius
350 3275 441 3332 ferre?
472 3277 543 3334 Num
568 3291 639 3346 quac
663 3275 710 3332 diu
734 3277 850 3348 quisque
877 3283 941 3334 ante
967 3277 1146 3350 praeviderit,
1170 3279 1260 3336 leuius
1283 3279 1367 3350 feret,
1392 3278 1517 3335 etiamsi

146 3363 276 3420 minuere
298 3370 429 3434 nequeat
466 3366 551 3422 Porro
576 3381 657 3435 quam
681 3365 804 3434 jucunda
827 3367 865 3422 sit
888 3367 1041 3423 futurorum
1059 3368 1188 3434 scicntia,
1213 3368 1334 3424 ostendit
1355 3367 1517 3422 tumetium
1545 3415 1548 3432 ,

146 3451 367 3517 mierum
385 3457 444 3506 turn
462 3453 648 3521 praesentium
667 3454 792 3523 cognitio,
811 3469 883 3525 quaa
898 3453 967 3511 adeo
985 3472 1035 3512 noa
1048 3455 1176 3526 oblectat,
1195 3463 1226 3512 ut
1243 3457 1311 3512 nihil
1323 3456 1420 3512 horum
1433 3471 1518 3512 causa

146 3551 205 3592 non
217 3538 500 3608 praetermittamus‘
515 3579 521 3592 .
536 3580 542 3592 .
555 3581 562 3596 .
577 3580 583 3593 .
612 3541 646 3596 In
660 3542 882 3608 ,Commentariis
894 3543 923 3601 in
935 3542 1084 3600 Ptolemaei
1096 3545 1130 3600 dc
1143 3551 1278 3601 astrorum
1287 3543 1399 3613 judiciis
1412 3543 1513 3600 librom

147 3625 222 3691 (Bas.
247 3629 327 3694 itti)
353 3627 424 3682 haee
449 3626 689 3696 deprehendimus:
715 3629 887 3700 ,Astrologia
912 3629 1082 3688 nobilissima
1104 3631 1249 3703 disciplina
1270 3632 1305 3688 ab
1326 3631 1517 3688 innumerabili

146 3714 235 3768 turha
254 3713 426 3771 nehrulcuum
451 3713 563 3771 foedata
580 3723 637 3781 eat,
664 3717 737 3774 uude
758 3717 862 3774 factum
886 3723 941 3788 est,
967 3727 999 3773 ut
1015 3719 1101 3788 ipsius
1119 3719 1270 3774 Ptolemaei
1295 3718 1366 3774 liher
1390 3717 1518 3787 squalore

145 3799 274 3866 jacuerit
297 3810 328 3858 et
350 3802 413 3872 ipso
438 3803 493 3857 situ
516 3802 643 3859 foedatus
665 3819 716 3874 per
736 3805 804 3861 1400
821 3821 909 3861 annos
932 3807 970 3862 ita
989 3806 1127 3876 abjectus,
1156 3813 1186 3862 ut
1208 3807 1262 3863 nisi
1280 3822 1379 3862 nomeu
1397 3806 1516 3862 auctoris

149 3887 230 3943 iliam
257 3888 442 3957 defendisset,
464 3887 584 3944 maxima
605 3907 666 3948 enm
685 3891 796 3962 jactura
820 3892 951 3948 bonarum
976 3891 1116 3950 literarum
1140 3895 1290 3965 periisset.“
1332 3893 1431 3950 Verum
1456 3907 1518 3948 esse

151 3983 260 4050 ctus,
287 3977 432 4034 Cardenus
456 3977 549 4034 multia
575 3993 590 4033 e
613 3977 670 4034 rita
691 3995 742 4036 sua
768 3986 797 4034 et
820 3979 935 4036 aliorum
961 3979 1093 4038 deaumtis
1115 3983 1283 4052 argumentis
1307 3983 1423 4053 probare
1446 3981 1517 4048 rult3

154 4065 293 4124 aelatae
311 4073 342 4122 et
359 4066 473 4136 politiae
493 4065 590 4122 edictis
607 4083 661 4122 non
679 4066 871 4138 astrologiam,
889 4069 938 4125 sed
956 4070 1097 4140 vaticinia,
1123 4073 1253 4140 magiam,
1276 4073 1418 4140 augurium
1435 4069 1518 4122 inter·

51 4201 54 4240 ,ἲ
156 4149 230 4208 ficta
247 4167 323 4210 aaa.
358 4153 464 4221 Legem
481 4151 556 4208 illam
574 4153 757 4210 Romanorum
770 4155 805 4210 de
818 4155 1048 4221 ,mathematicis“
1067 4157 1129 4214 illos
1142 4167 1274 4230 spectare,
1292 4161 1339 4229 qui
1355 4173 1405 4228 per
1417 4159 1519 4226 puncta

53 4253 54 4261 ¹
157 4242 187 4292 ει
201 4255 333 4297 umeros
351 4247 489 4310 notasque
508 4239 691 4296 divinaverint
726 4242 803 4298 Inter
820 4258 877 4314 eos,
896 4260 1013 4314 quorum
1031 4246 1169 4317 genituras
1185 4244 1311 4320 pluribus
1328 4245 1414 4302 refert
1428 4244 1457 4299 in
1475 4243 1518 4298 hia

160 4329 406 4394 ‚Communis
428 4330 471 4397 (in
488 4328 557 4386 libro
576 4347 656 4400 quem
674 4330 751 4402 prius
770 4331 887 4388 diximus
903 4333 998 4391 meunt
1017 4337 1069 4393 100
1080 4337 1221 4407 geniturae
1240 4352 1273 4391 ex
1285 4341 1363 4405 purte
1381 4332 1520 4387 homiuum

156 4417 319 4490 οιιιιιιιιιι,
337 4437 365 4477 ι.
384 4435 409 4476 c.
429 4419 587 4488 Petrureae,
605 4421 695 4476 Caroli
712 4420 746 4486 V,
766 4419 912 4490 Ciceronis,
930 4421 1053 4494 lutheri,
1072 4423 1187 4494 Erasmi,
1205 4421 1323 4479 Neronia
1334 4419 1403 4486 eta),
1421 4417 1520 4487 quihus

154 4507 329 4580 molegica
349 4509 407 4564 rin
431 4506 615 4562 demonstrari
637 4513 728 4577 putat,
754 4507 982 4579 deprehendimus
1001 4510 1147 4568 chuerum.
1183 4507 1383 4578 objectionem,
1408 4504 1520 4575 impium

156 4607 228 4668 me,
247 4598 320 4668 quod
337 4594 606 4654 hancmatisiiatem
622 4585 776 4667 inseruerit,
795 4594 839 4652 his
856 4596 982 4653 refellere
1000 4596 1105 4655 studet:
1124 4596 1192 4654 nihil
1209 4597 1238 4650 in
1255 4595 1308 4648 hac
1326 4592 1451 4662 genitura
1465 4608 1520 4647 uon

159 4681 305 4760 flirlfieum,
317 4703 375 4746 non
387 4691 510 4752 castum,
523 4681 605 4753 pium,
617 4691 751 4755 sanctum,
761 4683 868 4742 illustre
880 4702 942 4744 esse
953 4693 982 4743 et
992 4685 1021 4762 in
1032 4687 1106 4742 huno
1118 4697 1229 4752 scopum
1241 4679 1315 4733 illam
1327 4693 1389 4734 esse
1402 4677 1521 4748 allatum

154 4775 220 4848 mit,
234 4779 281 4850 qui
290 4777 493 4838 Hadrumetum
506 4770 630 4841 adorent,
648 4772 809 4842 intelligant,
828 4783 954 4842 ,mosmos
971 4789 1062 4830 mores
1079 4777 1226 4838 nostraque
1244 4764 1370 4822 instituta
1386 4781 1448 4822 essa
1464 4764 1521 4835 pie-

148 4869 220 4941 ἢ,
241 4870 410 4930 medatis
429 4871 468 4922 et
480 4861 618 4934 justitiae,
636 4877 687 4920 aaa
704 4877 768 4920 vero
784 4865 905 4923 uiolenta
922 4869 951 4922 ct
970 4862 1092 4920 crudelia
1109 4865 1137 4915 et
1154 4856 1189 4914 ab
1207 4856 1280 4911 omni
1297 4854 1400 4924 pietate
1419 4855 1520 4920 aleuas

1256 4945 1316 5004 39·
