3612 5538
267 355 335 428 978
686 420 690 438 1
779 349 1117 424 suessanumque.

267 535 360 596 linum
384 533 478 610 datis,
508 533 562 596 sed
584 535 672 596 etiem
702 533 797 610 magis
820 549 856 594 ax
886 531 945 592 iliis
974 529 1013 592 sd
1041 529 1189 594 Davidem
1215 531 1399 608 Fabricium,
1426 531 1645 619 namnum„

267 621 407 697 Remum,
430 621 620 698 Hurriotnm,
647 617 849 700 Branggerum
878 619 995 698 scriptis
1025 617 1188 698 intelligere
1214 618 1283 682 iicet
1314 630 1360 696 et,
1391 625 1462 701 ipsis
1489 619 1618 699 epistolis

267 709 455 790 Keplorionis
478 709 680 771 deficientibus
704 728 739 770 ex
762 708 910 785 responsis
933 726 951 768 e
974 705 1118 782 Besoldo,
1141 705 1335 785 Schickardo,
1365 709 1539 787 BenJamino
1562 707 1618 770 Ur-

267 799 341 875 sino,
363 797 584 859 Hebeuetreitio
607 796 734 874 aliisque
756 793 842 855 datis.

372 885 447 946 Cum
469 885 590 963 longum
612 886 661 958 sit,
684 892 745 946 tam
767 885 887 961 copiose
904 887 937 941 nt
950 877 1048 942 adhuc
1062 879 1184 959 Kepleri
1205 881 1352 960 reliquum
1374 880 1523 946 literarum
1539 901 1621 944 com·

267 975 406 1034 mercium
430 975 585 1051 persequi,
606 971 694 1033 uobis
717 973 746 1030 in
770 987 806 1031 oo
829 976 875 1031 est
898 968 1160 1046 acquiescendum,
1183 977 1217 1028 ut
1237 971 1268 1029 in
1290 969 1431 1048 legendas
1454 973 1534 1049 ipsas
1557 975 1621 1050 epi-

267 1061 361 1122 stolas
384 1061 524 1122 lectorem
545 1061 738 1134 remittamus,
763 1075 840 1136 quse
864 1068 892 1116 et
909 1057 937 1114 iu
953 1063 1071 1117 nostres
1095 1054 1232 1118 editionis
1254 1055 1454 1120 voluminibus
1476 1061 1621 1136 prioribus

268 1158 298 1210 ct
320 1151 349 1207 iu
374 1147 464 1226 hujus
489 1147 646 1209 voluminis
669 1148 786 1226 paginis
809 1143 1051 1206 antecedentibus
1075 1141 1184 1206 allatae
1207 1154 1276 1206 sunt
1290 1155 1422 1206 cunctae.
1452 1145 1497 1206 Er
1513 1148 1619 1225 quibus

268 1235 409 1297 nonnulla
441 1238 531 1296 verbs
559 1243 587 1296 et
611 1235 690 1296 dicte
718 1233 875 1311 eligemus,
907 1249 944 1293 ea
966 1248 1043 1310 qnae
1072 1233 1101 1290 iu
1134 1231 1222 1309 hujus
1250 1235 1354 1312 cupitis
1381 1233 1562 1313 praelatione
1585 1235 1621 1296 do

266 1323 396 1404 Keplero
420 1323 546 1386 diximus
569 1323 696 1401 amplius
719 1319 925 1382 confirmaturi.

375 1411 418 1470 Ex
442 1410 575 1489 epistolis
599 1410 636 1470 sd
660 1409 821 1488 Keplerum
845 1406 914 1467 dum
937 1404 1032 1466 Gratii
1056 1412 1119 1467 erat
1140 1407 1238 1468 missis
1261 1415 1375 1488 praeter
1397 1406 1621 1472 Maestliniunss

267 1499 399 1578 inprimis
430 1497 638 1559 memorandae
665 1503 734 1557 sunt
765 1494 896 1572 theologi
928 1491 1070 1574 epistolae
1103 1492 1392 1572 Heleureiieri,
1428 1499 1478 1574 qni
1507 1491 1623 1578 eom'per

267 1591 360 1660 timet,
383 1603 420 1646 no
444 1589 555 1646 amicus
579 1585 744 1645 anthimio
768 1581 922 1662 Copernici
945 1579 1043 1642 studio
1067 1599 1085 1640 a
1108 1579 1198 1642 Sacra
1219 1581 1369 1662 Scriptura
1397 1581 1550 1646 dissentiet
1569 1592 1623 1646 aut

267 1672 367 1735 multis
390 1675 452 1734 suis
475 1671 684 1734 catholicorum
708 1672 844 1732 amicitiis
873 1669 941 1730 iidai
965 1686 1036 1730 ause
1055 1668 1201 1744 jacturam
1230 1669 1327 1732 iaciat.
1372 1669 1481 1734 Postea
1503 1691 1621 1751 quoque

267 1764 296 1820 iu
321 1761 457 1821 omnibus
481 1759 613 1840 epistolis
643 1777 712 1837 erga
740 1755 959 1818 dilectissimum
982 1771 1068 1816 enum
1091 1755 1266 1836 discipulum
1288 1757 1448 1838 Keplerum
1475 1779 1507 1820 se
1530 1764 1622 1840 patris

267 1852 358 1909 instar
372 1849 493 1928 praebet
509 1848 748 1923 benignissimum
765 1855 794 1905 et
812 1847 993 1904 verissimum
1008 1841 1177 1922 Keplerioni
1199 1849 1304 1905 summi
1320 1849 1442 1924 ingenii,
1467 1847 1622 1928 chieria·

267 1953 370 1996 norum
386 1953 506 2014 operum
523 1934 738 1995 admiratorem.
768 1931 851 1992 Idem
866 1931 995 2010 Koplero
1011 1939 1114 1991 auctor
1135 1940 1212 2006 erat,
1235 1941 1268 1994 nt
1289 1935 1318 1994 in
1341 1931 1501 1996 Prodromo
1524 1936 1621 1996 iocum

268 2021 415 2102 quendam
444 2021 571 2096 deleret,
603 2039 662 2099 qno
693 2018 842 2081 studuisse
871 2017 988 2079 videtur
1016 2017 1246 2097 Copernicenem
1276 2020 1313 2080 de
1344 2021 1452 2082 mundo
1479 2025 1622 2084 rationem

267 2127 334 2170 cnm
349 2109 449 2171 Sacris
465 2109 571 2170 Literis
587 2125 770 2190 componere.
803 2107 1045 2185 „Disputationes
1062 2105 1244 2184 theologicas
1260 2107 1339 2184 quod
1356 2110 1491 2186 attinet“,
1507 2114 1623 2191 scripsit

267 2197 484 2258 llaienreh'erns
499 2195 624 2278 (1598),
651 2213 728 2278 „uon
743 2194 845 2254 dubito
861 2197 931 2270 quin
947 2195 1046 2253 omnia
1068 2195 1110 2257 ite
1131 2197 1171 2252 sis
1187 2194 1393 2274 explicaturus,
1417 2205 1450 2256 ut
1471 2207 1502 2258 et
1523 2201 1621 2275 vigere
1699 2225 1702 2232 ¹

267 2283 481 2363 Scripturartrm
505 2283 646 2360 analogia
668 2292 698 2344 at
721 2291 773 2342 tua
796 2281 897 2342 florere
920 2281 1107 2341 incolumitas
1131 2283 1234 2360 possit,
1263 2281 1295 2342 Si
1318 2284 1445 2344 iratcrno
1468 2303 1534 2346 meo
1550 2304 1621 2347 con·

266 2371 342 2445 siiio,
368 2373 411 2432 uti
433 2370 553 2434 firmiter
574 2386 673 2449 sparo,
705 2367 787 2430 iocus
817 2368 925 2445 aliquis
954 2377 1012 2442 est,
1046 2385 1131 2448 porro
1162 2371 1190 2427 iu
1214 2370 1358 2446 eJusmodi
1387 2371 1621 2432 demonstrandis

267 2455 480 2538 hypothesibus
496 2458 606 2518 nudum
629 2457 867 2518 mathematicum
883 2475 966 2533 ages.
1005 2453 1119 2532 Quibus
1142 2457 1260 2517 monitis
1275 2460 1299 2518 si
1316 2469 1356 2531 tu,
1381 2462 1422 2517 uti
1446 2469 1524 2520 certo
1548 2478 1619 2520 cou-

267 2543 335 2623 iido,
358 2547 499 2626 parueris,
524 2545 595 2604 nriril
612 2544 715 2605 dubito
738 2547 808 2621 quin
832 2545 1026 2620 cogitationes
1048 2551 1117 2602 tuac
1139 2543 1280 2622 plurimis,
1306 2547 1346 2604 uti
1365 2553 1443 2606 certe
1459 2547 1528 2608 mihi
1545 2566 1620 2624 quo-

267 2651 325 2711 qne
347 2643 424 2708 sunt,
444 2631 679 2710 iucundissimae
702 2634 761 2692 siut
783 2631 909 2692 iutnree.
948 2629 1010 2704 Sin,
1034 2629 1113 2709 quod
1135 2632 1280 2692 maximus
1303 2643 1332 2694 et
1355 2636 1483 2712 optimus
1505 2643 1621 2697 avertat

266 2720 359 2796 Deus,
384 2720 501 2800 publice
526 2723 597 2780 istus
620 2719 799 2800 hypotheses
824 2737 888 2779 cum
911 2715 1061 2796 Scriptura
1084 2715 1174 2778 Sacro
1197 2715 1352 2781 constitere
1384 2720 1477 2782 velles
1500 2731 1529 2784 et
1551 2740 1621 2802 pro·

267 2827 417 2888 pugnare,
449 2815 558 2869 certum
590 2817 703 2880 metuo,
735 2813 768 2865 nt
796 2809 825 2864 iu
859 2807 1057 2866 dissensiones
1079 2823 1125 2866 res
1147 2802 1259 2868 isthaec
1281 2817 1426 2886 crumpat,
1458 2825 1517 2886 quo
1550 2828 1620 2871 casu

268 2896 357 2956 selim
381 2913 446 2974 ogo,
470 2914 516 2957 me
537 2897 611 2954 istas
626 2895 820 2972 cogitationes
844 2901 928 2966 tuas,
952 2893 981 2950 in
1005 2908 1037 2952 se
1053 2891 1171 2969 quidam
1193 2895 1398 2956 mathematice
1423 2897 1621 2958 consideratus

268 2981 434 3064 praeclaras
457 2991 487 3042 et
507 2981 632 3056 nobiles,
657 2999 806 3058 uunquam
831 2979 950 3040 vidisse.
989 2977 1059 3040 Jam
1082 2979 1192 3040 dudum
1216 2985 1292 3042 cuim
1309 2985 1338 3044 iu
1353 2983 1486 3044 Ecclesia
1501 2983 1621 3044 Domini

267 3071 336 3152 pius
360 3071 555 3132 contentionis
579 3077 638 3144 est,
667 3085 756 3148 quam
778 3066 900 3127 infirmis
923 3067 1069 3145 expediat.
1115 3067 1174 3130 Sed
1197 3073 1314 3146 nescio,
1343 3088 1402 3147 quo
1426 3089 1472 3132 me
1494 3073 1622 3154 abripiat

268 3156 365 3236 stylus
388 3158 436 3219 val
460 3159 558 3236 potius
581 3155 723 3216 iraternus
747 3170 829 3216 meus
852 3158 880 3214 in
897 3155 940 3224 Te
963 3171 1053 3229 amor,
1078 3157 1128 3230 qui
1150 3157 1206 3218 nisi
1231 3156 1299 3218 talis
1322 3160 1351 3216 in
1367 3157 1409 3220 Te
1433 3169 1511 3220 asset
1525 3160 1621 3240 qualis

271 3253 325 3319 est,
349 3245 571 3306 ardentissimus
594 3245 729 3303 nimirum
752 3252 782 3303 et
803 3240 1038 3316 candidissimus,
1062 3249 1122 3301 tum
1145 3242 1268 3304 liberam
1291 3243 1369 3323 stylo
1391 3245 1540 3306 licentiam
1563 3265 1621 3308 nou

266 3335 472 3412 permisissem.
504 3330 563 3392 Sed
586 3331 634 3394 hic
657 3331 733 3392 idern
756 3348 838 3390 amor
860 3331 915 3390 ebs
930 3327 973 3390 'l'e
997 3329 1135 3408 postulet,
1160 3337 1192 3390 ut
1214 3334 1348 3392 nimirum
1372 3341 1520 3394 strenuum
1535 3336 1620 3397 nobis

266 3438 338 3498 eges
361 3419 600 3480 mathematicum
615 3426 644 3479 et
658 3436 746 3496 quam
763 3427 849 3478 antea
865 3417 932 3476 Tibi
950 3415 1181 3477 commendatam
1197 3437 1262 3480 esse
1283 3423 1345 3481 acio
1367 3417 1516 3482 Ecclesiae
1540 3433 1621 3484 uan-

266 3507 442 3586 quillitatem
467 3513 633 3574 constanter
655 3507 768 3566 iorcae.
794 3537 833 3550 —
858 3502 972 3581 Quibus
996 3501 1031 3564 de
1054 3503 1259 3566 Haicnreiserri
1283 3507 1515 3584 dubitationibus
1537 3505 1620 3590 Kep-

265 3594 344 3656 lerus
367 3611 508 3673 responso
532 3611 585 3654 suo
610 3593 743 3654 timidum
766 3593 851 3653 amici
875 3593 1003 3652 animum
1026 3591 1110 3654 leniit
1129 3600 1158 3652 et
1174 3593 1366 3670 confirmarit,
1391 3613 1455 3656 cnm
1471 3599 1621 3676 proximae

264 3681 459 3758 Hsiepredcri
484 3681 585 3742 literae
608 3681 654 3742 bis
676 3683 836 3760 inciperent
852 3679 968 3740 verbis:
995 3677 1207 3760 „Quanquam
1231 3683 1325 3743 amice
1347 3691 1376 3743 et
1398 3685 1487 3743 irater
1509 3683 1620 3746 charis·

267 3771 349 3844 sima,
374 3787 475 3830 omnes
498 3785 574 3847 quae
598 3786 616 3828 a
639 3777 666 3830 te
689 3769 760 3828 mihi
783 3767 966 3847 perferuntur
988 3765 1089 3828 literae
1108 3767 1341 3844 jucundissimae
1363 3780 1448 3845 sont,
1472 3775 1620 3852 proximae

265 3864 363 3919 umen
386 3857 528 3936 singulari
552 3857 679 3934 quedam
703 3864 733 3917 et
754 3855 903 3916 cumulata
924 3856 1073 3914 suavitate
1097 3861 1191 3916 totum
1214 3875 1260 3917 me
1287 3857 1481 3936 repleverunt.
1519 3861 1563 3920 Ex
1586 3863 1620 3921 iis

266 3947 343 4006 enim
375 3945 521 4018 intellexi,
552 3951 581 4004 te
609 3944 700 4024 pluris
722 3943 817 4004 iacere
842 3942 991 4003 Ecclesiae
1023 3942 1281 4020 tranquillitatem,
1311 3964 1399 4022 qnam
1428 3963 1620 4026 quoscunque

264 4034 448 4111 ingeniorum
470 4031 670 4092 nobilissimos
693 4039 721 4092 et
745 4032 931 4091 charissimos
954 4029 1049 4089 ioetus
1051 4071 1181 4092 ......
1227 4031 1308 4092 Tuos
1332 4036 1420 4094 etiam
1443 4051 1544 4108 casus,
1569 4039 1621 4114 qui

265 4123 304 4181 ab
327 4121 461 4182 diversae
483 4119 633 4196 religionis
655 4118 823 4179 hominibus
847 4119 922 4177 varii
944 4127 974 4176 et
996 4119 1068 4176 satis
1095 4133 1202 4196 graves
1235 4119 1428 4197 objiciuntur,
1457 4140 1493 4182 ex
1521 4125 1619 4184 animo

267 4206 363 4270 doleo.
409 4207 504 4268 Dabis
528 4223 662 4285 operam,
686 4215 718 4266 ut
741 4208 798 4285 piis
821 4206 956 4285 precibus
980 4211 1018 4279 et,
1042 4221 1131 4281 quum
1153 4205 1294 4271 Salvator
1316 4209 1402 4270 nobis
1425 4209 1619 4286 commendet,

266 4298 433 4374 serpentina
456 4291 610 4375 prudentia
633 4295 745 4355 iortiter
768 4293 826 4354 illie
850 4309 999 4366 occurras,
1022 4309 1059 4351 uc
1081 4291 1142 4353 leri
1165 4301 1281 4373 arrepto
1305 4297 1459 4356 occasione
1482 4299 1621 4374 graviore

265 4385 294 4441 in
319 4391 347 4444 te
369 4381 555 4444 meditentur.
584 4379 663 4443 Illud
685 4390 784 4442 sutem
801 4379 963 4460 perplacuit
985 4377 1065 4453 mihi,
1090 4379 1169 4458 quod
1192 4384 1336 4444 ititanteur
1359 4383 1442 4444 illum
1464 4384 1619 4464 hospitem,

266 4469 356 4530 dubia
388 4471 511 4531 itionum
541 4487 632 4530 causa
662 4471 826 4548 proposita,
858 4466 982 4527 aedibus
1012 4469 1069 4526 tuis
1102 4486 1201 4530 arcere
1225 4471 1363 4548 potuisti,
1394 4489 1504 4534 memor
1527 4476 1618 4536 vestis

189 4571 194 4584 ’
266 4557 390 4632 ovillas,
421 4575 509 4633 qnam
539 4556 643 4636 lupina
671 4557 809 4618 subducit
835 4554 941 4615 rabies.
987 4553 1072 4632 Rogo
1096 4563 1128 4616 ut
1150 4553 1321 4634 prolixiores
1353 4557 1390 4618 ad
1419 4575 1466 4620 me
1498 4563 1618 4636 scribes,

264 4643 338 4704 nihil
361 4646 438 4705 enim
453 4645 523 4704 mihi
540 4645 671 4706 accidere
694 4645 786 4724 possit
804 4637 992 4719 jucundius.“
1011 4687 1017 4702 .
1036 4686 1043 4700 .
1061 4687 1093 4708 ..
1132 4643 1204 4704 (ium
1228 4653 1327 4707 autern
1350 4643 1494 4726 Koplerne
1517 4655 1619 4727 poste-

265 4733 334 4791 riori
356 4739 486 4810 tempore
510 4733 539 4790 in
562 4731 629 4793 lites
652 4731 801 4792 incidisset
824 4746 888 4788 cum
912 4727 1058 4806 theologis
1075 4729 1279 4794 Lincienaibns
1302 4741 1331 4794 et
1353 4731 1390 4795 ad
1415 4735 1618 4796 consistorium

266 4817 496 4898 Stnttgartiense
519 4826 720 4900 prouocasset,
743 4815 961 4879 Haienretierne
985 4819 1160 4881 auctoritate
1175 4837 1231 4883 sna
1252 4819 1335 4882 illum
1350 4821 1388 4884 ad
1411 4820 1508 4900 tidem,
1531 4841 1628 4903 quarn,
