3662 5544
274 409 339 484 ses
780 407 1111 485 transmeassent.

274 595 403 672 buissel,
431 595 579 674 probatis,
602 593 741 656 adantum
764 593 800 658 de
822 612 878 657 sno
898 594 1012 656 aerario
1035 591 1192 670 adjiceret,
1223 592 1320 656 locnrn
1341 593 1518 656 habitationi
1538 613 1622 656 meaa

273 685 411 744 idoneum
435 684 529 744 Lincii
552 683 732 760 decerneret,
756 686 929 762 omniaque,
953 699 1030 760 quae
1052 681 1091 742 ab
1114 685 1323 758 augustissimo
1345 691 1529 746 aumcessore
1551 699 1621 760 pro-

272 775 364 834 missa
394 781 492 848 erant,
522 772 721 846 confirmaret,
752 779 843 848 utque
872 770 942 836 mihi
971 773 1065 847 primo
1094 786 1211 846 quoque
1242 779 1372 848 tempore
1394 772 1620 846 exsolverentur,

274 861 387 922 iteratis
410 859 557 920 mandatis
581 869 707 938 urgeret.
753 857 883 936 Quorum
907 875 967 934 ego
985 856 1190 918 mundatorum
1213 859 1347 922 effectum
1369 861 1621 936 exoptatissimum

274 949 344 1008 dum
367 957 519 1026 exspecto,
549 966 601 1025 spe
625 951 735 1025 optima
757 947 907 1020 suffultus,
941 953 1054 1016 tautum
1076 945 1148 1003 mibi
1172 948 1275 1006 virium
1299 949 1422 1024 ingenii,
1454 955 1566 1006 tantum
1590 951 1620 1006 in

275 1037 375 1096 labore
398 1037 558 1114 patientiae
581 1038 713 1106 accessit,
738 1043 769 1096 ut
785 1037 921 1112 quamvis
937 1033 1098 1093 mutatione
1113 1031 1171 1092 loci
1187 1032 1306 1109 difficili,
1329 1033 1487 1096 solitudine
1508 1035 1622 1114 domus,

274 1125 443 1198 itineribus,
475 1124 599 1202 denique
628 1124 730 1184 morbo
761 1122 897 1182 diuturno
921 1139 978 1182 non
1002 1137 1105 1197 parum
1130 1125 1269 1198 temporis
1290 1123 1472 1212 perderetur,
1504 1123 1621 1184 tandem

275 1222 373 1274 taruen
406 1229 441 1272 eo
472 1229 565 1289 usqne
593 1229 627 1272 ex
658 1211 885 1288 profundissimo
914 1209 1148 1288 speculationum
1179 1218 1208 1269 et
1235 1199 1485 1288 cornputatio'uum
1514 1209 1621 1288 pelage

274 1301 378 1360 luerim
401 1299 560 1372 eluctatus,
593 1307 625 1360 ut
646 1301 788 1360 restitutio
819 1300 947 1359 motibus
971 1297 1100 1356 omnium
1132 1296 1315 1374 planetarum
1337 1301 1466 1358 animum
1489 1297 1525 1357 ad
1548 1301 1622 1358 sori·

275 1387 389 1450 bandus
412 1387 623 1466 prerueridns
646 1404 788 1446 annorum
812 1389 853 1446 30
876 1387 1098 1464 praeteritorum
1123 1392 1152 1443 at
1175 1389 1216 1444 50
1233 1388 1344 1447 circiter
1361 1389 1543 1461 sequentium
1566 1387 1622 1446 ad·

271 1475 374 1552 jicere,
397 1477 578 1553 primamque
603 1477 688 1535 istam
712 1477 741 1532 in
764 1492 873 1534 annum
891 1478 1133 1549 ltcemputare
1158 1480 1186 1532 ct
1208 1475 1250 1533 sid
1273 1477 1420 1550 specimen
1442 1477 1622 1550 surgentium

274 1560 456 1624 Tabularum
480 1561 629 1639 lirrdnlphi
653 1561 790 1623 exhibere
813 1563 958 1639 potuerim
959 1603 1068 1620 .....
1115 1558 1201 1619 Certo
1217 1564 1385 1637 promittere
1407 1563 1510 1634 ausint,
1533 1563 1557 1620 si
1576 1560 1623 1622 rel

274 1650 371 1711 solum
395 1669 440 1726 ea,
463 1669 539 1728 quae
563 1649 621 1710 duo
644 1649 840 1726 Imperatores
859 1651 922 1726 jum
945 1646 1054 1708 dudum
1077 1646 1148 1706 mihi
1171 1647 1208 1706 ad
1232 1649 1305 1708 haec
1326 1649 1425 1708 studia
1446 1649 1623 1725 perficienda

274 1738 466 1813 destinarunt,
490 1741 667 1800 aerariorum
689 1738 839 1815 praefecti,
861 1736 899 1797 ad
915 1753 989 1814 qnos
1005 1732 1162 1795 devolutae
1184 1745 1252 1796 sunt
1268 1739 1342 1798 istae
1356 1735 1535 1814 largitiones,
1558 1739 1622 1796 sine

275 1845 356 1886 mora
379 1834 565 1904 exponerent,
588 1841 647 1886 nou
664 1825 812 1887 defuturos
836 1825 906 1886 mihi
921 1823 1080 1902 adjutores,
1104 1840 1193 1882 orrum
1216 1823 1253 1884 ad
1270 1823 1457 1884 calculandus
1480 1825 1622 1884 observa·

275 1917 370 1974 tiones
386 1914 565 1986 Braheanas,
581 1913 705 1975 alterum
720 1913 759 1974 ad
774 1910 986 1990 computandas
1002 1909 1129 1987 reliquas
1140 1909 1348 1987 lipbem'eridas
1363 1911 1468 1972 eodem
1478 1910 1622 1988 exemplo,

208 2075 211 2080 Ι
277 2001 356 2078 quod
378 2003 442 2079 ipae
465 2003 494 2060 in
517 2005 663 2079 praesenti
688 1999 881 2079 Ephemeride
903 2001 1029 2076 praeivi,
1054 2000 1170 2058 tertium
1193 1997 1231 2057 ad
1254 1999 1461 2077 descriptiones
1483 2017 1623 2060 necessa·

275 2093 344 2164 rias,
366 2088 404 2149 nd
427 2092 636 2150 correctionem
659 2097 794 2169 typorum
811 2098 840 2150 et
856 2087 1082 2150 delineationem
1106 2101 1229 2162 quorum
1253 2091 1348 2164 operis
1371 2089 1433 2164 ipse
1448 2087 1632 2148 sublevatus.

275 2177 314 2238 ad
337 2175 534 2238 absolvendas
558 2187 587 2238 et
610 2176 808 2238 emendandas
831 2175 958 2250 tabulas,
981 2174 1020 2234 ad
1035 2173 1256 2234 adornationem
1273 2177 1561 2248 demonstrationum,
1584 2173 1624 2235 ad

275 2268 497 2342 conceptionem
520 2275 549 2326 et
572 2263 812 2325 dilucidationem
834 2271 947 2337 textus,
971 2259 1187 2322 adlectionem
1210 2261 1335 2339 denique
1357 2261 1512 2336 librorum,
1527 2257 1625 2324 'antes

275 2356 304 2410 tn
328 2353 383 2414 bac
406 2355 529 2414 materia
552 2355 740 2429 scriptorum,
773 2360 866 2413 totum
888 2353 1018 2411 animum
1045 2349 1193 2426 applicare
1217 2358 1246 2410 et
1268 2350 1462 2426 pulcherrima
1484 2353 1541 2412 ista
1564 2350 1624 2410 duo

275 2459 376 2518 opera,
399 2443 489 2502 totius
512 2439 758 2501 orbisdoctorum
782 2439 932 2501 hominurn
946 2441 1025 2498 notis
1040 2439 1186 2515 expetitis,
1211 2437 1341 2498 Tabulas
1356 2441 1521 2516 praecipue,
1546 2455 1623 2516 quo-

275 2527 399 2590 rundam
422 2530 594 2606 importunis
618 2536 647 2588 et
669 2546 744 2606 pene
768 2525 987 2588 contumeliosis
1014 2524 1300 2601 expostulationibus
1328 2525 1518 2602 efflagitatas,
1547 2529 1624 2586 iuna

276 2619 432 2677 triennium
457 2615 503 2677 rel
527 2615 606 2693 quod
628 2618 724 2676 urinas
748 2624 792 2676 est
814 2617 844 2674 in
867 2612 993 2677 solidum
1009 2611 1164 2674 absolvere
1181 2621 1210 2672 et
1232 2611 1388 2674 accedente
1405 2613 1625 2676 Braheanorum

276 2705 436 2766 haeredum
459 2721 602 2765 consensu
622 2703 751 2781 publicis
774 2706 862 2764 etiam
884 2703 963 2780 typis
987 2701 1123 2762 exhibere
1147 2703 1265 2776 possim.
1291 2735 1329 2746 -

382 2798 525 2854 Lecturam
549 2795 691 2866 appellans
716 2795 782 2850 dicit
806 2795 955 2896 Keplerus.
976 2787 1134 2848 Cumhaec
1150 2787 1319 2864 Ephemeris
1334 2787 1574 2860 absolveretur,
1562 2757 1625 2864 Jam

277 2883 380 2942 tertius
403 2881 440 2946 ab
464 2886 568 2940 exacto
591 2879 655 2956 eJ'us
679 2895 755 2938 anno
771 2881 879 2938 meriste
899 2877 1051 2954 agebatur,
1074 2883 1205 2936 currente
1228 2893 1305 2936 anno
1328 2877 1391 2952 ejus
1415 2876 1625 2952 Ephemcridis,

278 2987 355 3046 quae
376 2967 452 3028 hanc
474 2969 615 3043 sequitur,
638 2983 689 3044 per
711 2975 850 3028 semestre
874 2965 998 3026 venalis.
1029 2962 1238 3024 Admonendus
1261 2965 1348 3040 igitur
1370 2965 1425 3024 luit
1447 2973 1548 3035 emtor,
1572 2963 1626 3024 de·

277 3063 386 3118 cretrrnt
402 3053 482 3128 mihi,
499 3057 591 3132 primo
610 3071 727 3130 quoque
742 3061 873 3130 ternpore
888 3052 1025 3130 perlicere
1041 3059 1070 3112 et
1086 3054 1200 3112 tertiam
1216 3053 1245 3110 in
1261 3069 1369 3110 anuum
1388 3058 1480 3115 1019.
1504 3049 1626 3112 eadem·

278 3162 336 3222 que
359 3144 401 3203 utt
426 3143 538 3202 ratione
560 3161 612 3218 per
634 3143 847 3218 subsequenter
871 3157 980 3202 annos:
1005 3143 1104 3216 itaque
1120 3137 1155 3198 de
1172 3141 1216 3214 iis,
1240 3150 1316 3215 quae
1339 3142 1368 3197 in
1391 3139 1627 3215 unuscujusque

175 3263 181 3278 =
278 3233 346 3292 antri
362 3234 485 3304 co'e'met,
506 3228 631 3306 ligandis
648 3229 696 3289 vel
711 3227 897 3288 reservandis
914 3226 1067 3289 commodo
1082 3229 1206 3303 quisque
1222 3244 1276 3286 suo
1292 3235 1410 3286 statuat.
1449 3225 1514 3301 Quo
1530 3227 1627 3286 minua

279 3329 377 3381 antem
397 3319 459 3395 jann
481 3318 582 3378 statim
604 3317 718 3392 aliquot
733 3333 874 3376 annnorum
889 3317 1051 3376 futurorum
1068 3313 1273 3392 liphemcridca
1295 3314 1382 3374 simul
1405 3313 1499 3389 edam,
1522 3319 1631 3374 cansas'

279 3409 371 3468 habes
394 3409 423 3464 in
439 3404 654 3482 prolegomenis
670 3407 743 3476 (vlt.
757 3408 808 3463 tce
822 3411 879 3474 ra),
903 3406 1003 3480 itaque
1018 3411 1047 3464 te
1064 3401 1152 3462 velim
1166 3399 1291 3474 credere,
1315 3419 1424 3462 moram
1440 3402 1515 3462 hanc
1530 3419 1626 3462 meam

280 3493 434 3557 commodo
457 3492 683 3570 premeridum
707 3491 837 3568 ipsarum
868 3491 1016 3570 interponi
1015 3533 1120 3552 .....
1165 3489 1306 3548 Nimirum
1337 3493 1413 3550 veris
1442 3490 1626 3567 planetarum

182 3593 191 3621 ³
280 3584 408 3644 motibus
432 3598 508 3640 nunc
530 3579 646 3642 demum
669 3581 805 3653 inventis,
830 3579 938 3656 abripit
960 3595 1006 3640 me
1029 3585 1212 3654 occupatque
1228 3575 1428 3638 divinissimae
1444 3576 1627 3653 contempla·

279 3672 369 3731 tionis
392 3667 609 3730 harmoniarum
638 3667 808 3727 coelestium
840 3665 986 3743 voluptas
1007 3665 1171 3726 ineffabilis.
1217 3663 1320 3742 Itaque
1343 3666 1369 3724 si
1398 3664 1487 3724 libros
1512 3665 1629 3738 Aristo·

280 3758 346 3819 telis
369 3755 405 3818 de
429 3756 537 3831 Coelo,
569 3758 594 3817 si
617 3755 750 3814 Platonis
773 3754 941 3826 Timaeum,
971 3755 995 3814 si
1018 3753 1197 3813 Harmonice
1219 3751 1382 3815 Ptolemaei
1412 3760 1441 3814 et
1461 3751 1627 3830 Porphyrii,

179 3905 182 3914 ,
280 3862 384 3908 manca
408 3847 506 3906 omnia
529 3853 559 3905 et
581 3845 710 3921 ipsorum
733 3849 885 3902 auctorum
908 3841 1091 3902 confessione
1115 3840 1183 3900 ad
1176 3857 1264 3900 rmum
1287 3839 1410 3917 gradum
1429 3841 1628 3914 consistentia,

280 3933 453 3996 hactenus
445 3951 473 3992 ιιι
496 3933 590 4008 pretio
614 3932 778 3992 habuerunt
800 3928 970 3990 academias
992 3936 1022 3988 et
1045 3928 1251 4001 bibliothecae,
1281 3931 1408 3988 existent
1429 3929 1518 3988 etiam
1540 3945 1627 4001 nuuc,

279 4025 330 4101 qui
353 4007 557 4100 philosophiae
581 4019 617 4080 de
639 4017 695 4078 hac
720 4027 809 4094 parte,
833 4017 1022 4077 nobilissimis
1044 4017 1264 4079 inventionibus
1288 4015 1412 4089 exculta,
1435 4015 1628 4092 gratulentur.

385 4123 460 4191 Quae
479 4137 563 4192 supra
582 4117 717 4188 Keplerus
742 4118 775 4173 de
795 4117 894 4172 salario
912 4117 1000 4172 aulico
1025 4123 1054 4172 et
1072 4117 1106 4172 de
1124 4116 1252 4172 subsidiis
1274 4115 1445 4184 imperatoris
1463 4115 1497 4170 ad
1516 4114 1630 4172 alendos

278 4213 417 4282 adjutores
435 4224 484 4280 spe
496 4208 639 4276 animoque
656 4205 784 4274 impletus
796 4203 964 4274 supplicibus
978 4204 1066 4259 rerbis
1085 4203 1222 4272 exprimit,
1241 4219 1273 4258 ea
1286 4218 1340 4258 nnn
1358 4202 1393 4258 ad
1411 4207 1503 4257 votnm
1521 4215 1629 4258 succes-

281 4306 384 4358 serunt.
420 4295 496 4352 Adiit
521 4294 630 4364 quidem
648 4293 719 4347 viros
737 4292 766 4346 in
784 4291 846 4346 aula
865 4306 994 4347 caesarea
1016 4306 1125 4359 gravas,
1146 4289 1222 4346 illum
1241 4305 1321 4359 quern
1340 4289 1399 4358 ipsa
1418 4287 1483 4345 dicit
1501 4289 1630 4346 baronem

281 4388 315 4444 de
334 4388 465 4453 Meclrau,
491 4383 625 4438 medicum
644 4379 761 4436 caesaris
781 4378 961 4448 lilingouium,
981 4385 1098 4434 veterem
1117 4377 1251 4433 fautorem
1271 4376 1478 4445 Wackherium,
1503 4375 1530 4432 J.
1549 4377 1630 4432 Hart-

280 4491 408 4532 mannum
426 4471 458 4526 L.
478 4471 511 4528 B.
531 4469 725 4537 Eninkelium‚
750 4483 846 4537 parum
870 4477 960 4522 autem
983 4463 1108 4534 proiecit.
1143 4464 1246 4520 Exstat
1266 4463 1407 4532 responsio
1426 4462 1571 4518 Euenlrelii
1589 4464 1630 4531 (d.

281 4562 402 4616 Viennae
420 4559 446 4614 d.
460 4557 595 4614 Matthaei
612 4559 697 4624 1616),
716 4556 744 4610 in
763 4569 818 4624 qna
835 4554 966 4624 legimus:
986 4549 1072 4610 Rhcte
1090 4568 1178 4622 neque
1197 4553 1331 4620 ingratum
1343 4549 1440 4615 iecisti,
1459 4551 1531 4618 quod
1544 4551 1631 4608 litoris

281 4649 334 4704 tuis
352 4663 395 4702 mo
414 4645 577 4714 conspellsre
589 4643 714 4712 voluisti3
732 4644 785 4698 huc
797 4659 895 4712 nempe
908 4642 1013 4698 radone
1023 4639 1217 4712 compararisti
1230 4640 1279 4696 tibi
1290 4640 1414 4708 amicum,
1433 4638 1480 4707 qui
1491 4638 1631 4708 rescribet,

282 4741 310 4787 et
326 4733 498 4803 typographo
522 4738 569 4786 tuo
592 4739 751 4802 patronum,
778 4731 824 4799 qui
851 4729 884 4784 ds
908 4729 1049 4786 laboribus
1071 4729 1112 4784 illi
1134 4728 1291 4800 prospiciat.
1327 4728 1426 4784 Potitio
1438 4735 1497 4792 ,tua
1516 4725 1631 4782 statibus

282 4819 384 4876 neruis
401 4819 494 4876 oblata
511 4826 561 4886 est,
580 4818 628 4876 sed
647 4819 711 4890 quia
728 4817 877 4875 modestior
894 4816 955 4886 luit,
974 4831 1063 4888 neque
1075 4816 1180 4890 aliquid
1192 4818 1241 4874 ubs
1254 4825 1283 4874 te
1300 4815 1460 4886 flamniam,
1478 4813 1547 4870 nibil
1558 4830 1631 4902 nunc
