3588 5540
252 407 318 484 tte
628 470 631 476 .
765 419 830 479 aru
847 417 962 480 reum
978 391 1100 494 ause.

250 591 344 660 asperi
375 587 429 648 Sed
446 589 499 650 hoe
516 593 596 652 unieo
614 595 712 653 solatio
730 595 803 654 hune
821 613 928 656 omnem
945 597 1085 668 (dolorem)
1102 604 1237 668 tempero,
1256 594 1279 653 ui
1298 593 1370 652 omui
1387 591 1538 650 subtilitate
1554 595 1602 647 tua

250 677 441 748 chronologica
458 681 540 752 hujus
558 685 680 740 veritatis
699 692 815 745 aetatem
834 687 898 742 mlbi
911 687 1043 757 explices:
1066 687 1119 754 ,Et
1136 685 1256 742 Verbum
1275 681 1457 760 carpisclum
1475 683 1542 734 est‘
1573 677 1602 750 Si

250 779 324 820 amaa
343 783 398 838 me,
418 770 442 826 si
459 773 557 826 ammti
575 789 706 845 unquam,
732 775 893 832 obliviscere
911 777 994 845 (quos
1011 778 1040 833 in
1057 777 1110 832 bac
1122 781 1260 846 postrema
1279 771 1395 843 epistola
1412 775 1460 825 tua
1476 766 1602 836 induisti)

200 886 202 891 ,
249 852 397 910 affectuum
415 864 525 914 tuorum
542 866 570 915 et
587 867 663 916 tenta
680 878 752 932 rem,
777 865 829 920 tria
846 865 929 920 rerba
950 871 1026 921 sunt:
1054 867 1076 920 l.
1098 865 1219 929 nmirum,
1237 861 1262 916 2.
1282 875 1358 928 caro,
1376 860 1402 917 3.
1421 857 1536 925 iactuum
1554 861 1603 910 aut

250 943 352 998 stultus
376 951 405 1001 et
428 961 521 1003 amens
545 963 597 1017 ego
621 965 694 1022 sum,
721 959 770 1007 aut
794 958 825 1006 tu
848 950 1049 1022 deprehendes,
1073 966 1153 1022 qnam
1176 949 1266 1020 stulti,
1292 951 1413 1002 amentes
1436 952 1464 1000 et
1483 943 1604 998 furentes

249 1029 333 1087 simus
350 1032 379 1087 ιιι
404 1034 501 1091 diuinis
519 1037 654 1106 mysteriis
678 1045 772 1100 nostra
796 1040 926 1096 stultitiae
949 1040 1055 1097 ratione
1079 1037 1241 1096 scrutandis.
1277 1035 1331 1094 Sed
1355 1039 1462 1092 tantum
1485 1029 1604 1088 suldciat

249 1116 283 1174 (lt
301 1119 387 1189 prima
405 1128 454 1178 tut
472 1123 652 1181 Harmonlt'
637 1145 859 1198 ueupuooroturqe.

355 1209 396 1264 De
418 1209 506 1267 altere
524 1213 716 1270 astronomica
738 1215 888 1271 Harmonia
912 1217 1084 1273 mansmlssos
1107 1215 1203 1272 titulos
1226 1177 1350 1271 distribui
1373 1215 1401 1265 et
1423 1206 1603 1280 typographo,

248 1299 280 1350 ut
297 1295 381 1350 valris
399 1300 545 1367 appendat,
566 1301 684 1356 monitor
702 1301 750 1371 iul,
769 1319 851 1374 spero
872 1319 942 1374 opus
963 1305 1041 1361 bonis
1055 1304 1179 1362 omnibns
1198 1309 1226 1358 et
1244 1301 1312 1357 utile
1330 1297 1520 1355 etmirandum
1531 1296 1604 1352 tutr-

249 1396 318 1436 rum.
356 1383 398 1438 Tu
416 1383 523 1440 interim
542 1389 579 1442 sis
592 1404 706 1460 mernor,
726 1392 800 1460 quud
818 1407 868 1461 per
888 1390 1025 1447 Christum
1043 1399 1072 1448 et
1089 1371 1205 1446 salutern
1222 1397 1297 1445 tnam
1314 1397 1343 1443 te
1360 1403 1416 1455 oro,
1437 1385 1605 1440 Christianae

182 1473 188 1499 ’
250 1483 327 1524 meae
344 1468 525 1530 distinctionis
543 1476 613 1532 inter
630 1479 851 1536 mathematicum
869 1485 897 1534 et
915 1487 944 1534 te
962 1479 1134 1551 theologum,
1154 1479 1201 1548 qui
1218 1475 1316 1534 titulus
1334 1475 1362 1530 ιιι
1387 1473 1533 1540 neminem,
1552 1471 1606 1526 nisi

167 1567 171 1575 ¹
249 1558 325 1614 verbi
347 1558 473 1617 coelestis
498 1562 661 1635 discipulum
693 1565 827 1636 quadcare
850 1573 965 1639 potest..
987 1567 1031 1623 Ad
1054 1567 1228 1622 Harmoniam
1255 1563 1372 1632 denique
1395 1559 1604 1630 Evangeliorum

251 1643 325 1717 quod
343 1649 456 1717 attinet,
480 1653 602 1721 memini,
626 1668 670 1707 me
696 1643 771 1708 illam
794 1655 894 1711 vidisse
916 1659 944 1710 et
961 1661 989 1708 te
1006 1655 1066 1724 ipso
1091 1659 1272 1710 monstratore
1290 1650 1437 1720 praecipua
1455 1646 1605 1708 delibasset

250 1750 348 1790 suasor
375 1751 484 1807 quoque
503 1753 564 1804 esse
587 1756 687 1811 pergo,
713 1747 744 1798 nt
762 1748 790 1797 et
808 1742 870 1796 nsui
892 1742 1001 1811 lucique
1025 1741 1152 1812 publicae
1175 1737 1320 1796 concedas.
1356 1736 1435 1792 Illam
1451 1750 1516 1789 vero
1534 1749 1605 1790 eona·

250 1823 460 1880 manicationern
480 1841 530 1896 ego
550 1829 684 1896 quomodo
703 1827 863 1901 promotore
879 1832 996 1902 possim,
1015 1847 1070 1885 non
1088 1830 1176 1885 rideo.
1211 1829 1313 1883 Auctor
1331 1823 1455 1895 equidem
1474 1823 1502 1879 in
1519 1822 1605 1876 multo

250 1910 434 1981 splendidiore
458 1913 527 1970 lucis
559 1919 748 1975 coruscatione
771 1929 909 1991 versatur,
937 1935 1018 1990 quam
1043 1935 1094 1988 ego
1118 1916 1291 1988 silicernium.
1327 1915 1366 1969 Et
1388 1914 1450 1968 rino
1477 1909 1607 1967 vendibili

250 1995 320 2052 nihil
338 2014 408 2068 opus
428 2009 471 2056 eat
490 2017 625 2073 suspensa
643 2005 760 2063 bederal
785 2008 862 2062 Faxo
880 2013 972 2062 tamen
990 2011 1021 2061 ut
1038 2006 1081 2063 rel
1101 2006 1135 2062 ad
1154 2003 1377 2068 licrcnalseuses,
1397 1999 1440 2055 rel
1451 1997 1486 2054 ad
1498 2005 1608 2054 nostros

252 2101 284 2142 eo
304 2085 476 2155 profecturos
494 2091 623 2164 scribam;
644 2110 714 2164 opus
733 2093 865 2149 artificem
883 2093 950 2150 satis
969 2109 1105 2163 superque
1129 2091 1337 2148 commendabit.
1373 2089 1415 2144 Tu
1433 2077 1489 2144 n'oli
1509 2087 1608 2144 dormi·

253 2179 322 2244 ture,
339 2173 388 2230 sed
407 2191 478 2244 quae
496 2177 523 2232 in
542 2179 689 2236 utilitatem
705 2180 843 2260 publicam
863 2181 1006 2239 elaborata
1023 2181 1120 2250 habes,
1139 2180 1320 2250 communium
1346 2175 1499 2234 benedictio
1516 2175 1609 2234 lutura

252 2263 305 2318 hoc
325 2271 367 2321 est
384 2264 556 2335 locupletior.
582 2269 627 2324 Sic
643 2268 705 2324 vale
719 2269 766 2348 ιιι,
786 2269 876 2326 animo
894 2285 955 2324 mco
974 2271 1055 2340 longe
1074 2271 1221 2340 carissime,
1241 2278 1269 2323 ct
1285 2281 1430 2324 excussum
1442 2266 1492 2322 tibi
1504 2265 1607 2321 creditu

252 2357 364 2422 metum,
384 2353 431 2422 qui
448 2370 491 2409 me
509 2356 539 2410 iu
558 2355 720 2412 offendendo
739 2357 826 2413 amico
846 2356 944 2414 salutis
958 2373 1040 2414 causa
1057 2358 1186 2415 retardet.
1211 2357 1279 2427 Legi
1298 2357 1383 2411 etiam
1397 2351 1607 2410 admonitionem

252 2439 428 2497 domesticam
453 2443 487 2499 de
510 2445 601 2500 Coena
623 2445 733 2500 Domini
751 2447 784 2514 (v.
803 2463 823 2501 s.
842 2465 869 2514 p.
890 2452 941 2500 124
960 2447 1018 2516 sel,
1042 2445 1070 2500 in
1095 2459 1150 2514 qua
1175 2460 1230 2499 non
1253 2442 1354 2514 probo,
1378 2459 1447 2514 quae
1470 2442 1504 2496 de
1523 2441 1608 2510 signis

251 2529 331 2598 panis
350 2534 378 2585 et
394 2530 460 2600 sini,
478 2547 533 2586 nou
552 2540 626 2588 tuam
646 2547 707 2588 csse
726 2531 908 2604 additionem,
928 2549 1011 2589 mann
1029 2539 1077 2588 tna
1095 2531 1253 2601 adsignasti.
1288 2531 1359 2586 Nem
1377 2529 1563 2600 superioribus
1581 2533 1610 2581 et

252 2615 396 2673 salvatoris
414 2619 503 2674 verbis
523 2620 733 2676 contrariantur.
765 2620 833 2677 Vale
852 2626 879 2677 et
890 2621 1088 2692 percutientem
1102 2620 1217 2676 amicum
1235 2611 1329 2674 amare
1343 2633 1435 2688 perge.
1466 2616 1608 2686 Signatum

188 2755 194 2772 ,
252 2705 369 2774 Tubing.
388 2708 428 2762 17.
446 2707 588 2764 Februarii
610 2710 685 2767 1619.

321 2797 470 2864 Inscriptio:
496 2800 591 2868 Noblll,
611 2801 757 2852 (llarisslmo
776 2806 801 2853 ct
818 2803 1034 2870 praestantissimo

253 2841 1037 2958 Vlru,DomlnoJohanulKeplero‚S”G··hla1estatls

252 2951 299 2988 nec
326 2952 376 2988 uon
406 2945 516 2990 etatrmm
546 2945 682 3008 superioris
713 2912 830 2994 A’rlstriae
848 2943 1036 2996 mathematico

252 3006 419 3072 nobilissimo,
438 3011 545 3062 Domino
559 3015 647 3064 Amico
660 3019 685 3064 et
696 3015 724 3064 lu
738 3013 837 3064 Dhrlsto
848 3015 932 3064 Fratri
944 3011 1079 3064 cherla-

253 3079 316 3130 tlmo
335 3080 480 3135 reddantur.
516 3077 598 3137 Liutr.

410 3237 602 3318 Keplerus
625 3241 948 3304 HalenreiieroS.
971 3241 1006 3303 P.
1029 3241 1068 3302 D.

357 3325 538 3408 Digniaslme
561 3329 597 3390 D
622 3331 816 3404 cancellarie,
841 3329 1013 3394 Reverende
1036 3337 1065 3390 et
1088 3327 1257 3389 Clarissima
1278 3321 1349 3401 Vir,
1375 3325 1569 3403 Praeceptor
1577 3331 1608 3386 et

252 3411 363 3473 Ventos
386 3411 626 3476 colendissimo.
645 3419 813 3480 LitcrsaD
829 3417 912 3479 Vuae
935 3435 954 3476 a
976 3417 1018 3479 M.
1034 3403 1183 3495 Wagnero
1207 3418 1316 3494 accepi,
1339 3413 1376 3474 ad
1392 3431 1466 3491 quas
1481 3429 1605 3491 respon

253 3499 350 3561 darem
373 3519 427 3562 nec
450 3519 495 3578 ne,
519 3513 665 3564 certarunt
688 3509 763 3566 inter
785 3525 817 3566 ee
841 3504 998 3566 modestia
1009 3515 1038 3566 et
1060 3506 1170 3596 pudor.
1200 3505 1251 3563 illa
1274 3503 1450 3586 parcendum
1473 3505 1606 3562 eminen-

253 3591 367 3650 tissimo
391 3593 465 3664 viro,
488 3591 666 3667 parcendum
689 3595 898 3655 existimationi
920 3610 1019 3668 meae,
1041 3611 1078 3654 ne
1095 3588 1186 3653 dicax
1210 3591 1327 3665 ridear,
1360 3594 1415 3650 iste
1439 3589 1607 3650 excusanda

176 3719 183 3730 .
254 3677 418 3750 dictitabat,
443 3695 519 3754 quae
542 3695 627 3739 secus
650 3698 737 3764 quam
761 3701 779 3742 a
802 3699 848 3742 me
871 3681 1003 3759 prolecta
1025 3689 1094 3741 sunt
1116 3681 1370 3756 suerintaccepta.
1401 3676 1480 3738 Vlcit
1502 3676 1606 3738 mode-

252 3767 326 3824 stiae
349 3765 489 3842 pudorem
513 3765 595 3828 dolor
618 3786 654 3828 ex
677 3771 788 3847 pudore
812 3773 953 3843 oriturus,
976 3771 1001 3828 si
1026 3759 1129 3828 Virum
1152 3767 1459 3828 benevolentissimum
1482 3767 1553 3826 milri
1576 3767 1606 3824 ln

251 3855 370 3913 sinistra
393 3853 428 3912 de
450 3857 523 3915 meis
546 3854 632 3916 dictis
653 3857 797 3934 lactisque
820 3860 958 3934 opinione
980 3855 1189 3934 relinquerem,
1213 3853 1305 3934 aquo
1329 3848 1469 3928 damnari,
1491 3854 1521 3914 id
1537 3871 1607 3914 vere

251 3943 346 4019 perire
375 3949 429 4000 est
475 3939 620 4022 Obsecro,
652 3945 762 4005 blando
793 3943 893 4004 vultus
923 3944 1032 4004 luneiuc
1056 3943 1211 4023 epistolum
1243 3944 1318 4004 hanc
1341 3943 1477 4017 irradies,
1509 3949 1542 4002 ut
1570 3959 1606 4002 eo

251 4031 330 4089 iotns
354 4035 383 4088 et
406 4040 552 4091 recreatus
575 4036 690 4092 animus
713 4036 831 4120 saucius
854 4015 989 4092 mitesca't
1012 4031 1209 4110 aliquatenus
1238 4031 1395 4107 Nunquam
1418 4030 1487 4089 mibi
1505 4029 1607 4089 videor

252 4111 327 4179 adeo
343 4117 432 4177 luisse
449 4135 558 4191 amens,
582 4127 614 4179 nt
637 4135 695 4179 non
712 4121 840 4180 viderem
856 4121 1126 4196 arrogantissimum
1149 4119 1272 4194 lacinus,
1296 4119 1388 4178 sollus
1404 4117 1606 4179 delectationis

227 4222 343 4266 -causa
366 4205 469 4265 Virum
498 4207 696 4284 amplissimae
725 4207 876 4284 dignitatis
908 4207 946 4268 ad
969 4210 1226 4268 commutationem
1255 4207 1403 4267 literarum
1434 4222 1605 4284 provocare.

252 4293 357 4370 Itaque
388 4292 474 4370 longe
503 4293 584 4354 aliud
614 4297 669 4355 sibi
702 4295 765 4355 vult
795 4295 914 4372 querela
942 4312 1016 4356 mea.
1068 4292 1308 4356 Consolationem
1341 4311 1392 4374 per
1418 4293 1507 4370 lruJus
1537 4295 1606 4352 anui

252 4384 379 4459 spatium
408 4390 661 4459 exspectaueram,
692 4399 750 4443 non
782 4383 964 4460 voluptatem
994 4387 1149 4444 canosam.
1195 4382 1267 4458 Illa,
1302 4381 1354 4442 illa
1387 4399 1432 4442 me
1464 4381 1608 4442 hactenus

253 4471 382 4530 caruisse
407 4467 496 4528 dolui.
543 4470 615 4530 Cum
639 4469 794 4548 'l'ubingae
817 4487 957 4549 praesens
980 4489 1092 4546 essem,
1116 4473 1355 4531 intercessionem
1377 4467 1414 4529 ad
1437 4468 1527 4546 bajas
1549 4467 1606 4528 loci

254 4561 417 4618 ministrum
448 4559 617 4634 primarium
642 4557 732 4618 Verbi
755 4559 812 4619 Dei
843 4561 915 4618 meis
945 4559 983 4619 ad
1012 4560 1100 4636 Dign.
1124 4559 1220 4618 Tuam
1244 4558 1342 4636 Ampl.
1373 4559 1488 4635 scriptis
1516 4557 1608 4617 literis

254 4648 378 4724 expetii,
412 4651 444 4702 ut
467 4661 504 4704 ne
527 4646 577 4704 ille
600 4663 646 4706 me
670 4646 779 4706 diutius
803 4645 894 4706 Sacra
917 4646 1129 4708 Communlone
1158 4646 1325 4707 excluderet
1350 4654 1467 4723 propter
1490 4646 1607 4704 unicam

254 4735 455 4811 exceptionem
487 4741 588 4793 contra
618 4736 799 4812 propositam
829 4735 1073 4812 subscriptionem
1101 4735 1167 4795 librl
1195 4733 1386 4795 Concordiae.
1432 4731 1506 4792 Cum
1536 4747 1607 4792 vero

254 4838 305 4901 per
327 4820 357 4878 ld
380 4819 585 4895 quadriduum,
610 4821 689 4898 qnod
712 4838 811 4881 morae
835 4837 916 4880 meae
940 4821 1096 4902 'tubingae
1120 4823 1229 4900 adjeci,
1254 4823 1326 4883 nibil
1350 4821 1437 4898 hujus
1459 4818 1532 4879 mibi
1553 4835 1607 4880 ne·

254 4925 313 4992 quc
337 4908 552 4988 promitteretur
566 4923 662 4989 neque
678 4915 884 4990 praestaretur,
905 4912 1035 4986 memini,
1058 4911 1147 4989 Digu.
1162 4909 1259 4973 Tuam
1280 4913 1311 4972 in
1325 4913 1390 4991 ipsa
1404 4907 1508 4982 ultima
1522 4907 1609 4984 salef
