3624 5554
674 423 738 490 rna
753 427 870 487 roano
887 425 1009 502 aaran.
1454 425 1520 526 ceo
1600 476 1605 485 ,

162 609 328 672 drouart
352 609 431 672 libro
453 609 536 690 (deb.
558 605 726 691 Koplanl.
765 611 873 686 stuttg.
902 609 1015 687 1868),
1039 615 1068 669 et
1090 625 1125 671 ex
1148 602 1362 688 monograpluia
1383 603 1522 683 Apulei

163 697 268 760 bansta
292 707 378 762 suut.
593 721 598 732 ⁸
696 751 698 762 ,
1055 729 1059 734 -

263 787 381 847 Forma
403 786 491 863 bnjus
514 788 593 847 vitae
616 805 635 847 a
656 787 743 846 nobis
766 787 946 862 compositas
970 783 1117 844 carbaso:
1141 784 1348 845 Praemirimus
1372 797 1422 856 ea,
1447 797 1522 857 quae

169 872 314 952 Keplsrus
337 875 402 952 ipse
426 874 463 934 de
477 874 540 934 sits
562 891 618 935 sna
639 873 755 951 scripsit
778 875 886 950 quippe
910 874 1039 931 maxima
1061 871 1118 932 lide
1141 872 1238 949 digna,
1263 887 1386 949 quorum
1401 877 1522 946 partem,

168 961 297 1038 nequid
320 963 558 1040 praetermissum
582 961 726 1035 rideatur,
750 963 908 1038 repetimus
928 961 990 1036 jam
1019 967 1087 1019 tom.
1105 959 1128 1020 l.
1153 977 1183 1037 p.
1210 965 1269 1020 311
1301 962 1380 1037 typis
1404 952 1524 1032 expres·

171 1067 246 1125 sam;
268 1049 415 1110 nonnulla
438 1065 514 1127 quae
531 1048 696 1109 addidimus
710 1067 746 1109 ex
763 1049 905 1126 epistolis,
930 1065 1007 1124 quae
1029 1050 1116 1107 tomis
1138 1048 1197 1124 jam
1220 1047 1306 1108 editis
1330 1047 1523 1117 continentur,

172 1136 217 1198 blo
239 1145 308 1197 sunt
339 1141 472 1215 repetita.
518 1137 604 1196 Hanc
627 1136 765 1197 tabellam
789 1143 822 1194 ut
843 1138 886 1195 ita
912 1135 1008 1194 dicam
1040 1138 1213 1195 stetisticam
1237 1135 1369 1211 sequitur
1392 1139 1524 1192 contem·

171 1225 262 1301 plotio
286 1227 367 1287 sitae
389 1243 561 1302 morumque
576 1225 706 1302 chleri,
730 1241 790 1301 qua
805 1224 891 1283 luerit
908 1225 1019 1300 ingenii
1032 1226 1180 1300 animique
1198 1227 1244 1299 vl;
1268 1233 1424 1301 postremo,
1438 1235 1525 1303 'qnae

173 1315 201 1370 in
223 1313 316 1373 literis
338 1313 502 1390 profecerit,
526 1317 689 1390 exponitur.
1495 1316 1498 1324 '

275 1400 359 1476 Quae
381 1400 527 1478 Keplsrus
550 1401 586 1460 dc
609 1403 671 1460 vita
693 1399 863 1474 familiaque
886 1415 941 1458 sus
963 1401 1121 1458 memoriae
1143 1396 1271 1472 tradidit,
1296 1417 1331 1459 ex
1353 1406 1433 1459 tomo
1449 1397 1525 1460 XX.

172 1491 432 1566 manuscriptorum
447 1487 687 1548 Pullroriensium
703 1497 772 1546 sunt
787 1495 933 1563 excerpta.
972 1485 1055 1547 Haec
1071 1489 1169 1546 omnia
1185 1505 1272 1546 manu
1288 1491 1405 1564 propris
1418 1489 1526 1563 scripta

171 1575 320 1652 Keplerus
342 1575 480 1652 deposuit
502 1573 573 1653 apta
595 1577 654 1636 lore
676 1583 773 1648 ratus,
803 1591 838 1633 ex
862 1575 969 1650 quibus
991 1575 1029 1634 ad
1053 1577 1159 1634 certius
1182 1575 1329 1651 quoddam
1352 1575 1526 1635 fundamen·

176 1672 237 1722 ium
261 1662 439 1740 astrologiae
461 1667 641 1740 perueniret,
672 1679 763 1740 quam
783 1677 869 1722 nemo
898 1663 992 1721 nescit
1017 1663 1190 1738 jubentibus
1213 1662 1371 1740 Rudolpbo
1394 1670 1423 1722 et
1445 1663 1527 1722 biat-

175 1750 237 1810 tbia
259 1751 498 1827 imperatoribus,
530 1750 680 1810 ordinibus
703 1749 820 1827 styriae
850 1751 1045 1826 austriaeque
1073 1753 1231 1826 superioris
1259 1759 1290 1810 et
1311 1749 1527 1811 Walleusteaio

173 1836 282 1897 multos
304 1855 357 1915 per
384 1855 477 1897 anuos
500 1839 538 1898 ab
562 1855 597 1899 eo
621 1855 686 1898 esse
709 1836 833 1910 cultam,
866 1853 924 1913 quo
946 1840 1131 1914 potissimum
1155 1855 1274 1898 munere
1303 1857 1348 1898 res
1371 1837 1410 1898 ad
1437 1843 1527 1900 sitam

172 1927 355 1986 nodomarius
376 1926 433 1985 sibi
455 1928 586 2002 pararit,
610 1941 700 2002 quum
716 1941 792 2000 quae
807 1923 899 1983 literis
914 1925 1037 2002 proiecit
1058 1943 1094 1986 ea
1116 1937 1214 1986 aetate
1229 1929 1326 2002 parrvi
1342 1927 1527 1990 haberentur.

173 2011 256 2088 Quae
278 2029 332 2090 pro
355 2013 486 2074 consiliis
509 2011 695 2090 astrologicis
710 2029 729 2071 a
742 2013 866 2088 privatis
889 2014 1003 2089 accepit
1027 2013 1118 2088 dona,
1143 2013 1222 2074 baud
1245 2017 1353 2091 exigua
1369 2024 1451 2074 erant
1473 2014 1528 2074 ad-

172 2100 334 2160 ditamenta
356 2099 456 2162 salarii
478 2101 641 2175 mediocris,
665 2091 745 2177 quod
760 2098 865 2172 Gratll,
889 2099 1012 2177 Pragae,
1035 2101 1139 2176 Linaii,
1164 2101 1273 2178 Saganl
1296 2104 1485 2178 magistratus
1500 2110 1529 2160 ct

171 2189 304 2248 lautores
326 2205 378 2264 pro
401 2205 520 2248 munere
542 2189 663 2266 publico
686 2187 731 2246 sel
754 2188 871 2264 privato
895 2191 921 2247 ei
944 2191 1152 2264 promiserant,
1185 2190 1292 2266 quibus
1322 2189 1528 2250 additamentis

171 2293 260 2353 saepe
275 2285 458 2336 sustentatus
474 2285 528 2348 est,
552 2293 642 2353 quum
659 2274 737 2334 haud
753 2291 817 2335 raro
833 2275 898 2350 ejus
914 2279 1020 2335 aetatis
1034 2277 1207 2337 tumultibus
1233 2277 1380 2337 ordinario
1400 2281 1528 2338 muueris

171 2365 215 2422 sui
231 2363 479 2423 salariucar'eret.
521 2362 672 2440 Ejusmodi
696 2361 775 2422 dona
797 2373 880 2422 erant
902 2366 1037 2439 pecunia,
1063 2365 1178 2440 fruges,
1203 2367 1395 2438 vestimenta,
1418 2367 1528 2424 nummi

172 2453 252 2510 aurei
268 2458 299 2510 et
313 2454 453 2526 argentei,
477 2458 604 2527 torques,
627 2449 743 2527 pocula.
784 2448 854 2509 Jam
871 2449 992 2510 hicnon
1008 2467 1164 2528 possumus
1178 2467 1237 2513 nou
1253 2453 1411 2527 aiiirmare,
1435 2459 1529 2530 scrip-

172 2546 249 2598 tores
271 2537 426 2615 quosdam,
451 2543 501 2614 qui
517 2538 637 2614 Kepleri
658 2539 749 2597 vitam
772 2545 942 2598 enarrarunt
956 2537 1139 2619 (Kiistnerus,
1164 2541 1248 2616 cujus
1264 2543 1428 2617 exemplum
1445 2542 1529 2600 multi

170 2628 263 2685 secuti
278 2623 374 2703 sunt),
396 2626 590 2685 lamentantes
606 2643 666 2702 qua
680 2627 797 2684 miseria
810 2623 958 2702 Keplerus
972 2627 1059 2685 luerit
1074 2627 1209 2702 sillictus,
1221 2661 1263 2672 -
1275 2628 1436 2706 Keplerum
1451 2629 1528 2688 ieme

171 2715 294 2789 periisse
317 2711 481 2773 Kistnerus
503 2714 787 2772 comminiscitur-
803 2711 891 2772 valde
906 2729 1108 2790 exaggerasse.
1145 2714 1295 2792 Epistulae
1312 2718 1398 2788 enim,
1422 2717 1529 2791 quibus

171 2800 318 2877 Koplerus
334 2807 622 2877 oratrogatque,·ut
636 2799 781 2864 „salarium
804 2800 935 2860 debitum
958 2801 1090 2861 solvatur
1113 2811 1164 2862 aut
1187 2812 1219 2861 ut
1242 2803 1279 2862 sd
1303 2803 1393 2878 opera
1415 2802 1530 2862 edenda

172 2887 351 2965 adiuvetur,
377 2905 436 2948 non
459 2889 545 2946 nimis
568 2896 637 2947 sunt
658 2887 829 2962 habendae,
862 2905 952 2966 quum
974 2893 1142 2965 gravimum
1169 2890 1353 2967 querelarum
1377 2893 1528 2950 certiorem

174 2993 240 3036 esse
264 2983 403 3036 arentum
427 2989 513 3035 nomo
535 2979 656 3035 nesciat.
702 2975 863 3052 chlernm
885 2993 1095 3053 nonnunquam
1124 2981 1251 3054 pecunia
1280 2981 1408 3038 caruisse
1432 2989 1460 3038 et
1484 2980 1529 3034 in·

173 3065 243 3140 opis
265 3069 406 3122 vexatum
429 3079 494 3122 esso
517 3079 574 3122 riou
598 3079 750 3140 negamus,
774 3081 863 3140 quum
887 3052 1067 3124 miseriarum
1084 3065 1154 3125 belli
1169 3067 1289 3142 triginta
1304 3083 1446 3125 annorum
1462 3083 1528 3124 eum

172 3151 261 3228 plane
285 3158 433 3227 expertum
457 3150 556 3224 luisse,
579 3167 645 3212 oum
669 3167 877 3228 nonnunquam
901 3169 957 3210 non
981 3152 1110 3228 graviter
1132 3154 1168 3212 iis
1192 3171 1255 3212 ese
1278 3153 1426 3227 afflictum,
1451 3153 1529 3212 baud

173 3238 336 3298 verisimile
358 3239 410 3313 sit,
434 3237 485 3298 aad
509 3239 638 3298 tabulam
660 3254 757 3298 rerrrm
780 3239 818 3298 ab
841 3255 877 3298 eo
893 3240 1059 3324 relictarum
1082 3243 1270 3318 inspicientes
1294 3247 1330 3314 (a.
1346 3245 1426 3314 inira)
1450 3240 1529 3301 baud

174 3343 298 3403 parram
322 3327 349 3387 si
371 3325 548 3402 superfuisse
572 3329 714 3404 pecuniae
742 3329 871 3403 copiam,
903 3328 1101 3405 majoremque
1124 3330 1212 3388 etiam
1234 3332 1261 3389 ei
1285 3329 1414 3388 debitam
1437 3330 1529 3388 luisse

174 3412 310 3473 ridemus
333 3413 428 3491 (oraru
450 3413 584 3474 undecim
616 3413 709 3474 millis
730 3413 931 3493 florenorum),
962 3417 1046 3493 cujus
1074 3417 1213 3492 majorem
1244 3423 1355 3494 partem
1386 3417 1529 3478 redditam

173 3517 234 3561 uon
257 3514 324 3561 osse
347 3500 544 3564 concedimus.

279 3587 476 3650 Revertamur
498 3589 536 3648 ad
558 3596 644 3649 nolas
666 3607 684 3649 a
706 3589 834 3666 Koplero
858 3590 1036 3668 astrologiae
1060 3609 1149 3652 causa
1172 3595 1305 3670 scriptas.
1349 3592 1469 3670 Kepleri
1493 3591 1529 3653 dc

175 3675 340 3752 annalogia
358 3675 501 3752 judicium
518 3695 536 3736 a
551 3677 665 3754 vulgari
680 3679 870 3754 plurimorum
885 3679 1052 3754 aequalium
1069 3683 1274 3758 superstitione
1297 3681 1385 3758 louge
1401 3682 1530 3742 abluisse

171 3763 236 3839 jam
266 3771 337 3824 tom.
361 3763 384 3823 l.
407 3779 436 3840 p.
461 3771 519 3824 sol
546 3783 585 3825 ss.
618 3763 759 3840 diximus3
791 3781 878 3841 quam
908 3768 992 3842 parvi
1016 3769 1206 3844 astrologiam
1236 3771 1462 3843 existimas-orit,
1494 3785 1530 3829 ex
1648 3837 1659 3852 ,

176 3851 317 3926 operibus
338 3851 403 3927 ejus
427 3851 610 3929 astrologicis
626 3859 698 3925 (tom.
712 3855 732 3909 1.
746 3855 873 3924 'pasdmt
892 3869 981 3930 saepe
1003 3863 1141 3933 apparet3
1165 3859 1332 3917 testimonio
1355 3863 1424 3917 sunt
1439 3857 1530 3917 rerba

177 3939 246 4014 ojus
264 3941 343 4010 (tom.
363 3943 399 3998 ll.
417 3943 469 3998 657
487 3943 522 4000 de
540 3941 626 3999 Stella
644 3943 744 4012 Norat:
776 3937 874 4016 ,Quid
897 3943 1018 4016 ringeris
1035 3943 1191 4004 delicatulo
1214 3945 1399 4024 philosophe,
1423 3949 1448 4004 si
1465 3961 1530 4002 ma·

178 4033 251 4085 uem
274 4028 521 4102 sapientissimam
545 4027 597 4087 sed
620 4044 777 4106 pauperem
801 4027 892 4087 strrlta
913 4027 981 4100 lilia,
1005 4028 1102 4106 qualis
1118 4033 1172 4092 tibi
1188 4032 1311 4106 videtur,
1336 4035 1448 4093 naeniis
1469 4033 1531 4090 suls

180 4119 328 4173 msteutat
350 4113 479 4174 stelit?
508 4117 533 4174 si
556 4115 652 4175 locum
676 4115 805 4175 debitum
834 4113 884 4174 illa
902 4116 981 4192 apud
1011 4119 1160 4179 bominum
1184 4129 1285 4180 coetus
1307 4120 1394 4196 longe
1417 4119 1531 4178 stultis·

180 4201 271 4259 umes
294 4199 380 4261 aliter
400 4217 458 4261 nou
482 4203 603 4276 invenit,
626 4205 682 4262 nisi
705 4221 758 4279 per
778 4201 866 4280 bajus
889 4203 1084 4282 simplicitatis
1106 4207 1352 4268 intercessiones?
1376 4207 1437 4266 Nisi
1453 4207 1529 4264 enirn

181 4290 328 4366 quispiam
351 4288 429 4348 alius
451 4288 532 4366 plius
555 4292 597 4348 its
619 4289 753 4350 credulus
768 4290 880 4366 luisset,
904 4300 938 4351 ut
959 4309 1025 4354 sese
1047 4311 1083 4353 ex
1098 4297 1182 4355 coelo
1205 4297 1302 4356 lutura
1317 4295 1530 4372 praedicturum

179 4385 320 4452 speraret,
343 4391 494 4454 nusquam
518 4380 613 4436 tulta
636 4381 753 4454 sapiens
776 4379 870 4438 iactus
893 4395 987 4455 esses,
1017 4390 1049 4440 ut
1071 4387 1277 4458 astronomiam
1301 4381 1420 4462 (quippe
1444 4383 1531 4455 igno-

179 4465 286 4542 ratam)
308 4479 362 4541 por
384 4481 417 4524 se
440 4464 609 4524 discendam
630 4481 703 4539 ⁴osse
732 4481 875 4527 censeres.
921 4466 953 4526 Si
976 4471 1032 4528 nisi
1055 4487 1106 4546 per
1133 4473 1308 4548 sapientiam
1337 4468 1374 4527 ad
1396 4467 1531 4544 philoso-

180 4551 279 4628 pblam
303 4569 363 4612 non
385 4551 566 4626 adducimur,
590 4569 739 4628 nunquam
762 4553 799 4612 ad
823 4569 887 4613 eam
910 4554 1119 4618 addrroemur.“
1167 4559 1249 4634 Quae
1272 4558 1362 4616 verba
1385 4555 1530 4633 Keplerus

177 4641 205 4698 iu
236 4639 312 4700 libro
345 4639 483 4716 ,Tertius
512 4641 728 4724 laressemensi
753 4643 795 4702 ita
826 4644 913 4701 vertit
935 4645 1024 4714 (Tem.
1045 4647 1067 4703 1.
1086 4649 1164 4718 bodl:
1201 4644 1260 4724 „lde
1289 4646 1328 4702 ist
1351 4643 1428 4703 stobi
1452 4643 1530 4704 dlese
1583 4661 1591 4680 ⁹

179 4727 351 4806 monteque
383 4729 432 4788 ein
462 4727 592 4788 nllrriscb
614 4727 818 4801 Tdcbterleln,
848 4729 919 4790 aber
940 4729 1033 4792 lisbsr
1055 4729 1140 4805 Gott,
1171 4747 1217 4790 rso
1239 4730 1321 4789 uelit
1340 4730 1389 4807 jlrr
1411 4731 1529 4806 Muttsr,

176 4815 221 4876 tlis
243 4813 523 4892 bocbsernilulitlge
539 4817 727 4876 Astronomia
745 4813 869 4893 bleibsn,
893 4833 978 4878 menn
1000 4821 1045 4878 sie
1067 4819 1147 4879 disse
1167 4819 1227 4877 ihre
1243 4819 1390 4881 uiuiscbe
1404 4819 1531 4880 'l'ocbter

173 4905 217 4972 ult
237 4905 331 4984 batte,
354 4907 395 4967 let
419 4902 498 4965 doob
521 4901 569 4966 die
584 4903 665 4967 Welt
687 4903 763 4966 nocb
788 4905 845 4968 slei
868 4904 1031 4968 nltrriscber
1053 4906 1111 4969 rud
1134 4921 1167 4966 so
1190 4905 1329 4987 nitriisob,
1353 4907 1421 4971 dass
1444 4907 1531 4970 dero-
