3516 5540
299 451 365 521 612
603 445 783 504 scammum
799 445 937 504 Historiae
953 445 1146 504 aeconomiae
1163 445 1256 504 seculo
1273 445 1347 505 XVL

299 627 390 686 editus
410 629 453 680 est
469 623 629 694 inscriptas:
647 623 693 680 De
709 641 783 682 uoco
801 625 881 682 delio
898 641 974 682 caco
987 629 1059 683 rata.
1077 625 1103 681 d
1122 633 1156 680 rr.
1168 625 1241 683 Noe.
1258 627 1412 699 oeeperiia
1430 627 1575 683 ιιιιιιιίιιιιο
1589 623 1647 682 ccc

298 715 422 785 sirpeam
439 714 514 770 circa
530 713 656 768 suthem
669 714 801 770 emicem
813 729 941 783 auosque
952 713 1107 783 insequenti
1117 714 1274 783 conmissa
1293 713 1340 770 sed
1352 729 1443 768 mnae
1454 711 1536 781 Maio
1547 714 1650 782 mogoi-

297 803 395 859 tudine
418 808 444 858 st
464 799 606 872 spiciam
624 799 688 869 jam
705 801 851 858 diminuto.
886 801 1014 870 Hcfssice
1031 805 1101 854 late.
1126 792 1202 870 ‘lpse
1220 800 1313 871 Tycho
1334 802 1363 856 iu
1387 813 1469 872 opere
1491 799 1597 868 majore
1618 797 1648 853 da

298 889 378 946 stella
396 890 461 944 enni
479 889 548 944 15⁷2
568 889 777 956 (Astrouomice
802 890 976 944 imtcarctae
993 887 1256 958 Proqymacsssatc.
1292 887 1392 954 Prima
1409 901 1492 957 pare,
1516 887 1552 941 de
1575 885 1649 940 resti*

296 978 404 1034 macac
420 983 544 1034 mutuum
561 976 636 1033 Solis
654 983 679 1034 st
698 977 798 1033 Lance
815 976 1006 1046 cellarumque
1022 977 1208 1031 inmundam
1224 983 1251 1032 ct
1262 983 1410 1046 prcetmeo
1433 975 1468 1030 ts
1485 972 1650 1030 &miraculo

296 1066 378 1122 estu
396 1081 472 1122 ceno
492 1068 551 1118 reti
569 1071 674 1120 scorta
713 1065 798 1136 Typia
814 1065 948 1124 inchoato
970 1067 1138 1137 Urcuidurqi
1154 1067 1277 1133 Dcuicc,
1293 1065 1422 1120 abactam
1438 1061 1554 1133 Prcqce
1566 1063 1649 1124 istit.)

297 1170 431 1210 summam
448 1170 550 1220 eorum,
569 1169 640 1222 quas
657 1153 733 1224 prius
752 1152 855 1208 editum
873 1154 1033 1224 opusculum
1047 1156 1176 1222 continet,
1196 1151 1289 1208 refert.
1319 1151 1485 1216 πΕιιιιιιιιιιι
1504 1157 1533 1204 et
1556 1165 1607 1216 ego
1619 1149 1649 1203 de

297 1243 351 1298 bac
368 1243 431 1312 ipsa
447 1241 530 1297 stella
548 1241 681 1310 quasdam
699 1241 822 1310 pagellas
841 1241 932 1296 statim
955 1243 1076 1310 aprima
1099 1242 1159 1310 ejus
1182 1239 1293 1296 exordio
1316 1239 1399 1306 idque
1423 1253 1478 1292 uon
1501 1253 1535 1292 eo
1554 1237 1650 1304 animo,

297 1337 329 1384 ut
346 1331 375 1385 in
393 1329 532 1399 publicum
551 1343 669 1398 unquam
692 1327 855 1382 emittendas
881 1327 1017 1384 ducerem.
1053 1327 1107 1384 Sed
1126 1343 1187 1383 cum
1212 1328 1285 1397 apud
1304 1327 1451 1382 Sicuonem
1469 1325 1540 1380 Billa
1571 1339 1650 1378 aruu-

299 1415 390 1472 culum
408 1432 499 1472 meum
517 1424 583 1470 tunc
601 1417 730 1486 temporis
745 1423 927 1470 commoratus
940 1430 1044 1482 essem,
1064 1414 1267 1491 cqnscribebam
1285 1413 1350 1468 mihi
1369 1413 1422 1482 ipsi
1440 1413 1560 1468 siderum
1579 1413 1649 1482 posi·

296 1509 342 1560 tus
361 1519 495 1560 unacum
515 1503 657 1558 exortibus
676 1509 757 1573 atque
777 1502 1038 1572 configurationibus
1055 1503 1137 1556 variis
1156 1501 1191 1557 ad
1210 1502 1331 1570 singulos
1351 1501 1418 1570 dies,
1437 1507 1465 1554 et
1483 1499 1651 1570 syzygiamm

300 1591 473 1646 luminarium
491 1591 702 1661 praecipuarum
721 1592 930 1646 constitutiones
948 1606 1010 1645 cum
1028 1590 1085 1645 sois
1105 1588 1300 1644 directionibus
1319 1589 1504 1658 designabam,
1523 1589 1608 1657 idque
1620 1604 1650 1642 eo

296 1680 460 1748 praesertim
478 1678 596 1744 nomine,
616 1685 647 1733 ut
664 1679 838 1746 inquirerem,
857 1678 953 1747 quales
971 1676 1200 1745 meteorologicae
1215 1677 1410 1746 impressiones
1428 1678 1456 1732 iu
1467 1683 1564 1732 nostro
1585 1676 1652 1730 hori·

295 1773 376 1821 route
399 1768 435 1822 ab
453 1766 510 1821 alia
527 1772 611 1835 atque
633 1766 687 1820 alia
711 1765 831 1820 siderum
853 1765 1034 1835 dispositione
1052 1763 1194 1833 prodirent
1217 1772 1300 1832 atque
1324 1764 1364 1819 ita
1387 1779 1437 1833 per
1455 1763 1652 1833 experientiam

296 1853 400 1924 aliquid
419 1857 487 1910 certi
506 1856 579 1911 circa
597 1855 668 1910 hanc
692 1867 742 1924 per
759 1869 789 1908 se
808 1850 919 1906 dubiam
942 1853 1122 1914 mutationum
1145 1853 1278 1906 aeriarum
1305 1851 1487 1921 cognitionem
1505 1849 1653 1920 persentis-

296 1957 396 2000 cerem.
426 1942 532 1998 Accidit
544 1943 647 2014 itaque,
665 1949 696 1998 ut
714 1939 846 1996 nonnulla
858 1955 892 1994 ex
905 1939 1140 1996 observationibus
1158 1939 1185 1993 in
1204 1937 1285 1994 stella
1302 1939 1354 1994 hac
1367 1938 1477 1994 insolita
1489 1953 1507 1991 a
1518 1951 1564 1991 me
1577 1937 1653 1991 iactis

300 2031 465 2096 geometrice
484 2045 605 2100 expensa
622 2031 650 2084 in
670 2043 796 2085 numeros
815 2027 951 2082 resolvere
970 2033 998 2082 et
1015 2027 1103 2082 eidem
1121 2025 1207 2082 diario
1219 2025 1371 2095 praefigere
1384 2040 1440 2081 non
1457 2023 1654 2079 inconveniens

298 2115 433 2174 duxerim.
465 2119 587 2186 Cumque
600 2125 697 2188 postea
710 2118 803 2186 (tois.
816 2116 893 2184 rere)
912 2115 1042 2170 Haiuiam
1055 2113 1244 2182 cucurrissem,
1263 2112 1335 2168 inter
1347 2111 1415 2168 alios
1429 2110 1495 2168 clar.
1510 2117 1539 2167 et
1551 2116 1653 2182 praest.

297 2204 355 2259 siro
373 2207 409 2260 D.
427 2205 446 2260 1
451 2207 558 2260 oanni
576 2204 744 2282 Pretensi
763 2204 878 2275 diarium
897 2201 964 2257 illud
983 2217 1037 2257 una
1055 2217 1118 2257 cnm
1136 2201 1179 2272 iis,
1198 2216 1269 2270 qnae
1286 2200 1321 2255 de
1339 2217 1409 2255 nora
1422 2200 1505 2255 stella
1523 2199 1655 2268 adjunxe·

298 2305 366 2360 ram,
383 2290 583 2370 inspiciendum
603 2291 674 2347 dadi.
712 2292 740 2347 ls
759 2291 930 2360 perlustrans
950 2287 1107 2358 diligentius
1125 2303 1170 2356 ea,
1197 2301 1267 2356 quae
1290 2287 1325 2343 ds
1342 2288 1395 2342 bac
1413 2286 1495 2342 stella
1513 2288 1656 2355 consigna·

298 2393 370 2445 ram,
395 2380 487 2434 statim
506 2379 635 2436 hortator.
648 2378 713 2443 luit,
738 2385 769 2434 ut
787 2379 891 2448 publici
905 2379 976 2448 juris
994 2377 1055 2432 heri
1073 2377 1260 2434 concederem.
1296 2378 1333 2431 At
1350 2391 1415 2446 ego,
1440 2375 1489 2446 qui
1507 2376 1578 2431 satis
1597 2389 1658 2429 con-

299 2467 373 2521 scius
391 2481 479 2534 eram,
505 2482 587 2536 quam
606 2465 771 2522 festinanter
792 2465 841 2522 illa
860 2471 995 2536 concepta
1012 2471 1107 2521 esseut
1124 2477 1260 2532 quamque
1279 2463 1372 2519 tenuia
1394 2479 1445 2532 pro
1463 2463 1505 2517 rei
1521 2461 1658 2530 magnitu-

299 2550 363 2607 dine
382 2558 465 2620 atque
484 2554 575 2609 adhuc
594 2555 673 2623 qnasi
691 2553 848 2622 immatura,
872 2555 960 2624 ipsius
979 2553 1104 2624 petitioni
1122 2553 1282 2622 renuebam,
1308 2551 1425 2621 addens,
1452 2565 1509 2606 uon
1527 2549 1592 2605 aliis
1612 2547 1658 2604 sed

204 2693 207 2704 .
299 2639 366 2694 mihi
384 2638 438 2710 ipsi
457 2638 553 2696 saltem
572 2642 641 2698 haec
659 2657 721 2697 esse
740 2643 889 2713 descripta,
907 2657 997 2711 neque
1016 2641 1083 2696 adeo
1103 2647 1229 2695 emuncta
1247 2639 1394 2708 elaborata,
1413 2644 1446 2693 ut
1463 2637 1549 2706 digna
1568 2641 1661 2692 essent

299 2727 516 2783 ineruditorum
538 2745 634 2786 manus
660 2731 761 2786 venire.
797 2729 848 2785 ille
866 2736 958 2786 tamen
980 2727 1104 2799 pluribus
1128 2727 1261 2792 instabat,
1286 2741 1380 2780 serum
1404 2725 1495 2781 adhuc
1520 2725 1552 2780 id
1571 2725 1660 2794 ipsum

300 2815 373 2884 apud
398 2831 441 2870 me
467 2815 591 2872 obtinere
613 2835 668 2872 non
694 2819 793 2886 potuit.
832 2820 915 2873 Eram
942 2818 1013 2872 enim
1037 2822 1103 2870 tnnc
1126 2813 1306 2870 communiter
1330 2820 1444 2882 recepto
1462 2811 1662 2881 plerorumque

300 2901 437 2958 Nobilium
454 2903 581 2959 Virorum
599 2903 768 2974 praejudicio
785 2905 906 2960 imbutus
929 2910 1013 2973 atque
1036 2903 1199 2972 fascinatus,
1225 2901 1298 2971 quod
1317 2898 1445 2955 videlicet
1467 2913 1524 2954 uon
1552 2899 1663 2954 deceret

300 2989 384 3044 uohili
403 3005 503 3060 genere
521 2997 624 3060 natum,
643 2989 784 3060 quippiam
807 2991 957 3047 inertibus
976 2990 1146 3046 scholasticis
1170 2987 1259 3058 moliri
1282 2995 1330 3043 aut
1354 2987 1382 3041 in
1400 2986 1543 3056 publicum
1572 2987 1663 3043 edere.

301 3077 378 3134 Adeo
398 3079 533 3146 siquidem
550 3077 704 3134 invaluerat
728 3093 834 3135 morum
853 3088 881 3133 et
897 3079 1063 3147 judiciorum
1087 3076 1239 3146 vulgarium
1259 3073 1425 3143 corruptela,
1452 3079 1483 3128 ut
1501 3073 1664 3128 indecoram

300 3164 427 3234 putarim,
446 3163 549 3235 aliquid
561 3171 672 3234 praeter
689 3165 805 3220 alimum
823 3168 1047 3222 consuetudinem
1066 3167 1203 3222 iactitare.
1239 3164 1270 3218 ln
1290 3163 1415 3219 Scaniam
1433 3177 1477 3217 me
1494 3161 1608 3231 recepi,
1628 3159 1664 3213 ibi

270 3300 273 3306 .
300 3257 358 3308 tum
377 3253 500 3323 demum,
524 3261 672 3324 postquam
689 3271 705 3310 e
724 3256 869 3311 Germania
887 3254 987 3310 allatae
1012 3259 1105 3310 essent
1121 3253 1256 3307 rariorum
1270 3250 1309 3305 de
1326 3249 1378 3304 bac
1397 3247 1478 3304 stella
1496 3247 1665 3314 sententiae,

301 3341 400 3410 quibus
418 3342 526 3396 relectis
544 3343 674 3411 (quorum
691 3343 814 3412 plerique
833 3359 868 3397 ex
886 3357 918 3398 ea
937 3340 1083 3410 genuinum
1101 3339 1235 3409 quendam
1254 3343 1388 3393 cometam
1406 3335 1540 3408 fecerant,
1562 3335 1610 3391 alii
1623 3335 1665 3402 20,

301 3429 350 3484 alii
370 3433 411 3500 to,
431 3430 477 3485 alii
496 3432 594 3487 saltem
615 3431 647 3486 12
666 3447 682 3485 a
701 3431 793 3484 Terris
813 3437 946 3484 remotum
965 3426 1178 3494 semidiametria
1198 3427 1266 3480 adeo
1285 3432 1315 3480 ut
1333 3425 1361 3478 in
1379 3423 1468 3478 ricino
1488 3429 1555 3479 sere
1576 3422 1667 3479 consi·

301 3521 415 3588 steret),
440 3517 507 3574 satis
525 3519 591 3573 mihi
610 3519 734 3574 conscius
753 3531 810 3570 rem
827 3515 909 3584 longe
927 3513 1007 3569 aliter
1025 3529 1055 3569 se
1072 3513 1173 3567 habere
1192 3522 1220 3566 st
1236 3513 1264 3566 iu
1283 3511 1416 3566 altissimo
1440 3511 1559 3566 aethere
1578 3510 1667 3565 omnis

302 3603 478 3675 parallaxeoa
497 3589 638 3676 expertem
657 3603 794 3659 effulsisse
812 3603 884 3657 hanc
901 3599 1025 3656 stellam:
1049 3601 1117 3656 istas
1135 3599 1251 3670 ineptias
1275 3599 1420 3654 aversabor
1443 3602 1532 3667 atque
1556 3597 1666 3668 rejicie-

305 3691 368 3747 bam
387 3691 520 3762 coepique
538 3707 599 3746 mea
616 3690 776 3759 recolligere
795 3697 823 3746 et
842 3689 930 3758 pluris
948 3703 1030 3757 quam
1048 3695 1129 3744 antea
1147 3687 1299 3743 aestimare.
1336 3685 1457 3755 Cumque
1475 3685 1575 3741 denuc
1595 3682 1664 3739 Hai-

305 3780 378 3836 uiam
397 3781 587 3851 cucurrissem,
606 3781 724 3850 optimus
742 3778 789 3834 ille
807 3778 948 3835 Prateusis
967 3792 1001 3831 ne
1019 3781 1085 3830 tuuc
1104 3775 1226 3844 quidem,
1253 3779 1284 3828 ut
1302 3773 1463 3842 scriptulum
1481 3773 1558 3830 illud
1577 3771 1667 3843 publi-

304 3868 361 3924 cari
378 3869 577 3940 permitterem,
601 3867 741 3922 adhortari
760 3866 925 3921 destitit...
944 3871 972 3920 et
989 3877 1099 3919 reverso
1118 3861 1183 3916 mihi
1200 3861 1415 3929 Iinudstorpinm
1439 3875 1490 3930 per
1508 3861 1613 3917 literas
1632 3859 1669 3915 ei·

301 3949 440 4026 flagitare,
457 3953 529 4024 qnod
549 3961 631 4008 antea
649 3953 739 4008 verbis
757 3967 848 4007 coram
867 3951 990 4006 obtinere
1001 3949 1169 4018 nequiverat,
1189 3949 1390 4017 perseveravit3
1410 3945 1512 4015 quibus
1532 3948 1670 4018 perlectis

303 4041 470 4112 tandemque
488 4043 516 4096 in
535 4058 612 4098 susm
631 4040 794 4097 sententium
812 4039 976 4109 perductus,
1000 4037 1027 4093 id
1045 4036 1177 4105 quidquid
1196 4041 1256 4090 erat
1281 4035 1314 4090 de
1332 4034 1384 4090 hac
1402 4033 1483 4088 stella
1504 4051 1522 4090 a
1541 4051 1589 4092 me
1608 4052 1672 4091 ccu-

304 4131 377 4202 cepti
400 4131 671 4188 commentariunculi
697 4143 752 4185 una
780 4141 843 4182 cum
866 4133 925 4182 toto
949 4127 1035 4182 diario
1056 4123 1097 4177 illi
1120 4123 1259 4178 transmisi
1286 4123 1431 4190 corumque
1460 4121 1523 4189 ejus
1555 4122 1672 4177 arbitrio

303 4220 430 4276 iacienda
447 4221 585 4289 concessi,
613 4221 660 4288 qui
684 4235 748 4273 mox
762 4216 897 4273 ‘libellum
921 4213 1093 4286 typographo
1112 4210 1225 4267 tradidit
1243 4217 1271 4266 et
1288 4210 1405 4280 imprimi
1428 4209 1552 4280 curavit;
1584 4217 1675 4277 utque

305 4313 453 4376 tonsuret,
473 4323 527 4377 qua
545 4307 689 4362 occasione
707 4302 816 4358 libellus
834 4303 882 4357 ille
900 4303 1030 4371 prodiret,
1050 4299 1193 4369 epistolam
1212 4315 1299 4364 suam,
1319 4313 1373 4366 qna
1385 4297 1539 4352 editionem
1559 4298 1675 4352 tandem

305 4407 383 4449 anre
402 4395 610 4464 impetrauerat,
637 4409 691 4446 una
718 4406 778 4444 cum
803 4405 864 4444 maa
887 4390 1064 4459 responsione
1087 4387 1189 4456 scripto
1213 4384 1261 4440 illo
1280 4385 1467 4456 praeposuit“.
1490 4385 1569 4440 ‘Sub
1589 4387 1675 4441 finem

308 4481 386 4538 addit
402 4483 512 4552 Tycho,
531 4479 663 4549 scriptum
682 4493 712 4533 se
729 4495 779 4548 pro
797 4478 897 4546 majori
914 4484 992 4545 parts
1009 4475 1174 4530 verbotenus
1193 4472 1373 4540 subJungere,
1393 4473 1458 4539 quia
1478 4488 1594 4542 „pauca
1614 4473 1676 4541 ejus

306 4567 380 4624 edita
398 4577 463 4624 sunt
481 4566 647 4638 exemplaria
672 4567 703 4618 et
717 4565 801 4620 multo
826 4562 957 4633 pauciora
974 4563 1009 4617 ad
1033 4569 1142 4617 exteros
1161 4559 1289 4630 (quadam
1314 4560 1482 4632 typographi
1504 4563 1677 4632 mussitate)

306 4662 515 4726 pervenerunt“.

411 4744 515 4800 Locum
538 4742 634 4799 stellae
658 4754 745 4796 novae
768 4739 796 4794 in
815 4739 868 4794 hoc
894 4737 986 4795 libello
1006 4753 1041 4794 ex
1067 4735 1201 4794 distantiis
1227 4735 1261 4792 sb
1284 4737 1480 4808 insignioribus
1499 4737 1682 4809 cassiopaea

307 4829 395 4888 stellis
414 4837 554 4900 computat
571 4831 666 4901 Tycho
679 4831 709 4885 ⁷⁰
722 4831 752 4888 ti
774 4843 836 4883 cum
853 4827 997 4883 lodtudine
1016 4827 1064 4884 1111ο
1081 4829 1122 4883 59¹
1141 4823 1255 4889 boreali,
1272 4823 1302 4878 in
1319 4825 1467 4894 posteriori
1486 4839 1580 4892 apere
1600 4827 1679 4894 (Pro-

307 4917 409 4992 gymn.)
431 4918 528 4974 iisdem
550 4917 678 4974 adhibitis
702 4915 789 4975 stellis
813 4913 904 4972 locum
927 4911 1309 4986 comprimeretur,
1335 4913 1398 4982 ,ubi
1422 4927 1485 4969 cum
1510 4913 1563 4973 rix
1588 4916 1626 4974 δ”
1642 4911 1679 4974 atl
