3588 5540
206 475 211 488 ἱ
281 397 347 472 aaa
416 469 420 484 Ι
793 399 1130 474 statuaturque.
1170 407 1174 414 ·

278 589 361 642 turae
383 580 570 659 loquiturque
580 597 653 642 cum
673 579 742 656 iiiia,
765 583 816 659 qui
838 589 938 642 sancte
953 583 1126 659 scripturam
1149 587 1217 642 suut
1231 577 1462 663 interpretanti),
1485 595 1539 642 seu
1553 583 1633 642 anfi·
1736 585 1738 592 '

281 672 332 746 qui
354 671 414 730 sint
436 685 487 730 seu
512 672 624 746 nuperi,
648 677 680 730 ut
702 670 742 734 Μ.
759 671 904 729 Antonius
919 669 966 729 De
982 669 1125 744 Dominis,
1149 671 1200 747 qui
1219 672 1266 742 „sic
1288 668 1405 730 scribit:
1431 669 1529 741 „idam
1545 669 1633 729 Chri·

279 765 352 830 stus,
378 759 463 816 rivus
485 755 583 817 adhuc
605 765 635 818 et
657 775 778 836 corpora
802 757 945 818 duntaxat
967 775 1026 816 non
1049 761 1152 835 spiritu
1175 759 1291 832 absens,
1314 773 1365 832 per
1387 759 1535 818 ministros
1558 760 1633 834 ragit
1704 766 1707 773 '

279 844 448 918 aeclesiam,
478 862 574 922 neque
596 847 837 922 gubernationem
861 847 955 906 variat
978 853 1029 905 aut
1052 855 1146 906 mutat
1169 845 1329 922 corporalis
1351 845 1445 922 ipsius
1467 849 1634 922 praesentia

281 931 329 991 rel
360 933 508 1006 absentia,
539 935 608 993 item
636 934 700 994 solo
728 951 867 1010 corpora,
903 935 1060 992 nun¹item
1092 936 1214 1006 animo,l
1238 949 1333 1012 neque
1362 935 1483 992 internis
1515 935 1633 994 monitis

278 1029 309 1081 et
331 1022 461 1080 consiliis
483 1021 606 1095 absens,
633 1021 685 1081 sed
715 1025 819 1099 spiritu
848 1037 902 1080 suc
932 1031 1074 1098 perpetuo
1101 1023 1271 1098 praeseus“.
1316 1019 1382 1080 Hae
1410 1028 1439 1080 et
1461 1019 1631 1096 hujusmodi

277 1115 392 1185 patrum
405 1109 580 1178 ,locutiones
603 1118 632 1168 ct
654 1109 798 1169 dictorum
820 1112 980 1186 scripturae
1003 1111 1254 1186 interpretationes
1269 1110 1294 1168 ei
1318 1107 1365 1168 vel
1385 1110 1512 1169 insertas
1530 1115 1634 1198 ⁴esseut

276 1196 432 1256 Formulae
456 1195 638 1257 Concordiae
662 1204 694 1257 ut
716 1196 911 1270 authenticae,
937 1195 983 1256 rei
1007 1197 1031 1256 si
1055 1197 1155 1257 liceret
1182 1195 1249 1256 illas
1271 1199 1405 1272 excipere
1427 1197 1632 1278 subscribenti,
1664 1228 1668 1236 ·

280 1301 339 1342 uon
362 1301 511 1344 renuerem
535 1293 566 1343 ct
587 1301 643 1360 ego
666 1285 866 1357 subscribere,
899 1293 1039 1360 quantum
1070 1301 1143 1361 opus
1167 1293 1213 1344 est
1234 1284 1417 1345 subscribere
1439 1284 1532 1343 laico:
1563 1301 1631 1344 nam

277 1371 480 1431 damnationes
503 1370 672 1432 ductoribus
695 1373 897 1449 relinquerem,
921 1380 953 1431 ut
976 1372 1093 1431 similia.
1126 1373 1167 1430 At
1188 1370 1399 1432 subscribendo
1422 1371 1492 1431 mihi
1514 1375 1631 1449 private

196 1447 203 1462 Κ
278 1458 383 1537 religio
406 1469 451 1519 ast
474 1460 593 1535 rejicere
616 1459 739 1536 phrases
762 1469 892 1536 patrum,
923 1462 1067 1535 imputare
1094 1459 1335 1536 illls·phrasibus
1358 1458 1631 1534 Nestorianismum,

278 1547 357 1624 qaod
384 1551 421 1608 ib
445 1549 551 1607 seculis
574 1548 646 1606 nulli
671 1547 785 1608 illarum
808 1549 862 1606 iuit
885 1549 1073 1624 imputatum,
1098 1547 1227 1608 dividere
1249 1540 1404 1607 aeclesiam
1427 1546 1552 1619 Christi,
1575 1549 1632 1608 ab·

276 1635 404 1695 alienare
426 1634 493 1707 illos
518 1634 684 1695 damuaudo
707 1645 825 1712 propter
847 1643 989 1712 usurpata
1004 1634 1078 1696 haec
1093 1635 1172 1696 dicta
1187 1642 1312 1712 patrum,
1336 1651 1412 1712 quor
1427 1651 1482 1712 ege
1497 1637 1631 1714 priuatus

242 1786 246 1793 ,
276 1723 418 1784 charitate
441 1724 595 1800 complecti
618 1722 712 1784 dobeo
735 1727 824 1784 etiam
846 1730 985 1784 anantes.
1048 1748 1053 1758 ·

381 1811 414 1869 In
438 1811 564 1888 pagellis
587 1813 660 1870 meis
683 1811 719 1871 de
735 1811 837 1872 Coeus
853 1811 971 1869 Domini
993 1824 1138 1887 cognosce
1154 1825 1265 1886 quaeso
1286 1809 1486 1887 integritatem
1509 1811 1631 1870 attacti

251 1893 309 1960 'et
330 1915 435 1959 seusus
458 1901 526 1959 mei.
571 1897 736 1975 Impressas
757 1906 826 1958 suut
848 1897 963 1975 Pragae
986 1897 1150 1982 anteduos
1172 1915 1283 1971 annus,
1306 1897 1425 1974 quando
1449 1914 1550 1958 omnes
1572 1901 1630 1957 mi-

275 1985 361 2046 nistri
385 1986 489 2061 Verbi,
520 1989 570 2062 qui
593 1993 662 2046 sunt
685 1986 795 2059 Lincii,
826 1985 943 2063 publice
966 1987 1196 2062 pronunciaruut
1218 1993 1247 2046 et
1269 1983 1444 2046 addiderunt
1466 1987 1555 2047 etiam
1578 1985 1631 2047 illa

269 2075 370 2135 'uerba
396 2073 475 2155 „und
498 2073 597 2134 diesen
622 2074 751 2134 Zaichen
776 2073 822 2134 die
844 2091 875 2134 cr
896 2073 946 2133 hic
969 2089 1026 2132 von
1050 2071 1166 2132 Christo
1189 2072 1367 2150 emplahet“,
1398 2072 1487 2148 idque
1510 2091 1546 2133 ex
1568 2074 1630 2134 ior·

276 2160 357 2220 mule
381 2160 522 2238 Agendae
545 2161 729 2222 Austriacae.
776 2161 835 2221 Cur
858 2178 926 2238 crgo
950 2177 1006 2237 ego
1028 2160 1080 2219 ilio
1103 2169 1233 2238 tempore
1261 2159 1312 2220 iila
1344 2161 1434 2220 verba
1456 2163 1629 2236 emitterem,

275 2251 361 2326 quasi
383 2249 563 2309 correcturus
586 2248 730 2326 agendam
746 2248 907 2328 publicam,
930 2264 996 2308 cum
1020 2247 1186 2308 domesticis
1202 2250 1275 2309 mels
1290 2247 1319 2306 ld
1334 2248 1525 2322 inculcatam,
1550 2249 1630 2326 quod

274 2336 434 2396 audiebant
456 2339 484 2395 iu
508 2335 640 2414 templo?
679 2337 716 2396 Et
731 2354 781 2395 cur
803 2339 999 2413 suspicionem
1022 2337 1351 2414 morerempessimam‚
1375 2336 1470 2413 qualia
1486 2337 1522 2396 tt.
1540 2337 1630 2414 Dign.

274 2423 358 2484 'l'uae
381 2425 519 2501 obrepsit,
543 2427 628 2502 quasi
651 2427 749 2502 posita
771 2426 882 2483 sintin
905 2425 1050 2484 contario
1072 2441 1161 2484 sensu
1185 2425 1282 2484 serbis
1305 2425 1450 2500 prioribus
1474 2432 1503 2483 et
1519 2424 1628 2484 Christi

276 2513 378 2588 ipsius,
403 2529 469 2573 curu
492 2514 606 2589 possint
627 2512 736 2572 habere
758 2529 876 2572 sensum
899 2513 1051 2588 optimum,
1074 2513 1134 2571 imo
1157 2527 1214 2570 ncu
1238 2511 1352 2588 possint
1373 2512 1481 2572 habere
1504 2513 1626 2573 malum.

274 2599 404 2659 Primum
426 2603 502 2660 enirn
525 2601 550 2658 si
573 2601 699 2660 maxime
715 2602 801 2677 paais
822 2599 871 2660 hic
893 2602 1010 2676 signum
1027 2599 1169 2660 dicaretur
1192 2601 1338 2676 corporis,
1366 2617 1431 2659 cum
1454 2601 1484 2657 in
1507 2609 1630 2660 antece-

276 2687 414 2747 dentibus
437 2690 476 2746 sit
499 2689 588 2746 etiem
612 2689 778 2747 communio
800 2687 888 2746 realia
911 2690 1055 2764 corporis,
1084 2690 1149 2764 quia
1173 2687 1258 2748 aliter
1287 2686 1446 2763 intelligat,
1479 2702 1567 2763 quam
1591 2687 1629 2750 de

277 2777 368 2852 signis
392 2774 619 2834 exhibentibus?
648 2792 736 2851 quam
759 2791 814 2851 ego
838 2774 999 2834 doctrinam
1022 2791 1080 2834 non
1103 2775 1186 2835 hausi
1211 2775 1259 2853 (ne
1282 2791 1393 2852 quaeso
1423 2791 1477 2848 me,
1493 2773 1542 2834 bic
1563 2791 1629 2836 res-

274 2879 350 2940 puas
375 2879 440 2922 cum
463 2862 715 2941 mea-theologia)
738 2863 794 2922 sub
816 2861 942 2939 sphaera
965 2862 1086 2921 fixarum
1117 2863 1215 2937 ullibi,
1246 2872 1449 2939 praeterquam
1473 2861 1628 2939 'l'uhingae

274 2953 304 3009 iu
328 2949 502 3010 lectionibus
526 2949 711 3027 theologicis.
757 2949 870 3026 Corpus
894 2969 923 3014 n.
948 2949 1134 3010 invisibiliter
1156 2966 1294 3027 praesens
1317 2952 1401 3027 signo
1424 2947 1537 3026 indiget
1553 2953 1628 3010 risi-

275 3036 337 3112 blli,
368 3055 427 3114 qao
450 3038 598 3099 madiauie
621 3039 717 3114 poisit
738 3040 874 3098 sensibus
901 3037 974 3098 lidae
996 3037 1058 3096 fieri
1082 3037 1117 3096 de
1141 3038 1331 3097 exhibitione.
1376 3037 1490 3097 Deinde
1511 3037 1573 3114 J’am
1597 3041 1628 3098 iu

276 3125 328 3184 illo
350 3125 416 3185 lace
439 3143 534 3186 sermo
558 3134 604 3187 est
627 3126 663 3186 de
685 3125 911 3186 manducatione
933 3125 1079 3201 spirituali
1102 3124 1179 3198 fidei,
1203 3125 1325 3202 qualit,
1348 3131 1381 3184 ut
1404 3141 1575 3186 maneamus
1597 3127 1628 3184 iu

276 3212 392 3273 Christo
416 3222 446 3273 ct
469 3213 602 3274 Christus
625 3215 656 3271 iu
679 3215 777 3272 nubis:
802 3213 874 3274 fidas
898 3230 968 3272 raro
991 3211 1081 3273 habet
1103 3213 1251 3288 objectum
1274 3213 1364 3273 verbu
1379 3213 1495 3286 Christi,
1519 3229 1627 3274 secuu-

276 3299 346 3360 dum
369 3300 528 3361 Lutherum
551 3303 751 3377 promittentia
772 3301 859 3361 nubis
880 3302 1083 3382 remissionem
1106 3310 1306 3377 peccatorum,
1337 3289 1390 3360 cui'
1413 3302 1545 3360 concioni
1569 3319 1627 3378 ap·

276 3405 399 3464 pensum
424 3397 468 3448 est
491 3397 584 3448 toturn
607 3396 830 3462 sacramentum,
854 3397 990 3448 constans
1006 3405 1082 3464 pane
1103 3390 1134 3448 et
1156 3405 1276 3466 corpore
1292 3405 1344 3466 pro
1365 3391 1450 3464 signo
1465 3395 1494 3448 et
1508 3389 1625 3466 sigillo,

277 3475 348 3536 dicit
370 3477 458 3552 igitur
488 3478 639 3552 responsio
667 3476 735 3552 illa,
765 3475 845 3552 quod
867 3477 917 3553 qui
947 3483 977 3536 et
1009 3477 1105 3535 verbis
1129 3475 1235 3536 Christi
1265 3485 1295 3536 et
1323 3479 1496 3537 sacramenti
1525 3476 1626 3553 sigillo
1679 3500 1682 3509 Δ

276 3563 433 3624 aChristo
463 3572 584 3640 accepto
615 3563 678 3640 (cur
701 3581 719 3623 a
742 3564 872 3636 Christo,
902 3566 958 3624 nisi
987 3565 1057 3639 quia
1080 3562 1211 3624 Christus
1242 3565 1299 3639 e'st,
1329 3565 1379 3639 qui
1410 3579 1514 3640 corpus
1543 3563 1627 3624 addit

276 3650 381 3729 panii)
405 3649 505 3724 credit,
529 3653 555 3710 ie
578 3653 607 3710 in
631 3651 747 3712 Christo
770 3659 895 3712 maneat.
935 3651 998 3728 Ego
1022 3658 1099 3711 certe
1121 3667 1179 3710 non
1202 3661 1283 3728 putu,
1308 3651 1387 3727 quod
1403 3651 1459 3711 ista
1474 3653 1533 3711 siut
1552 3667 1625 3710 coo-

277 3741 365 3798 treria
387 3739 602 3816 suspcriorihus
624 3747 654 3799 et
677 3741 773 3799 verbis
796 3739 912 3800 Christi.
950 3738 1009 3823 Sed
1031 3755 1116 3816 spere
1140 3747 1169 3799 tc
1192 3741 1247 3799 ista
1261 3741 1476 3815 recognitorum
1498 3755 1553 3798 nec
1568 3742 1625 3798 lm-

275 3827 474 3903 probaturum.
526 3826 612 3887 Certe
641 3829 665 3886 si
689 3835 748 3887 tam
779 3829 883 3887 attenti
910 3827 1033 3886 luissent
1058 3825 1207 3886 auditores
1235 3829 1323 3887 ceteri
1354 3825 1573 3906 urnasnaeaflq
1596 3827 1626 3884 iu

276 3916 463 3975 omissionem
486 3914 590 3974 hurum
613 3915 768 3975 verberum
792 3917 899 3975 veteris
924 3913 1073 3991 Agendae,
1098 3930 1174 3989 quae
1190 3923 1313 3992 apparet
1328 3915 1357 3973 iu
1374 3930 1486 3991 nupera
1503 3913 1627 3990 Agenda

276 4018 385 4063 excusa
408 4003 562 4078 Tublngae
585 4020 637 4080 pro
660 4005 769 4063 nostris
791 4002 933 4076 ecclesiis,
956 4019 1032 4078 quae
1054 4019 1132 4061 nunc
1155 4019 1191 4063 ea
1213 4010 1343 4074 utuntur,
1366 4019 1422 4079 ego
1445 4005 1624 4076 metuissem,

274 4108 312 4151 ne
335 4092 455 4151 omissio
479 4092 519 4151 rei
542 4083 682 4166 usitatae,
716 4090 800 4168 cujus
823 4091 878 4150 luit
900 4105 1003 4149 seusus
1026 4091 1168 4165 optimus,
1201 4089 1472 4168 scandalum-apud
1495 4089 1625 4150 infirmos

314 4185 400 4239 reici.

273 4197 313 4258 μ
381 4266 440 4341 Sed
463 4265 569 4325 suidcit
592 4265 628 4327 de
651 4265 722 4340 hcc,
752 4267 864 4326 utinam
886 4266 917 4324 in
938 4264 1083 4342 prioribus
1106 4264 1143 4324 de
1165 4264 1295 4341 generali
1321 4265 1488 4342 praesentia
1510 4271 1623 4325 tautam

274 4355 329 4416 aba
352 4351 388 4412 R.
413 4355 500 4430 Dign.
525 4352 590 4412 Tua
612 4353 782 4414 facilitatem
806 4370 923 4429 sperare
946 4369 1077 4430 possem,
1103 4345 1316 4428 quantam'hic.
1347 4351 1405 4412 Sed
1428 4355 1501 4412 loric
1524 4352 1626 4414 haeret

244 4493 246 4498 .
275 4441 373 4504 adhuc
395 4443 523 4518 suspicio
546 4442 648 4516 aliqua
670 4443 775 4500 erroris
798 4443 875 4500 circa
898 4457 1018 4502 coenam
1043 4438 1152 4499 domini
1176 4458 1212 4500 ex
1234 4439 1343 4500 scheda
1365 4439 1416 4499 illa
1439 4457 1512 4515 maa,
1536 4457 1625 4517 quam

275 4547 312 4590 ex
335 4529 458 4590 aedibus
480 4527 631 4589 Maestliui
654 4537 722 4588 aute
745 4545 855 4588 aunam
876 4527 915 4588 ad
936 4527 972 4592 tt
995 4527 1084 4604 Dign.
1100 4527 1195 4588 'l'uam
1217 4529 1293 4603 misi,
1316 4543 1403 4606 super
1425 4544 1485 4604 qua
1506 4531 1625 4590 memini

378 4751 404 4822 ¹⁸)
422 4755 612 4806 Hsieuraliarua
635 4755 662 4805 in
686 4753 810 4817 margine:
838 4752 961 4816 Quisquis
979 4753 1102 4822 Kappleri
1126 4756 1231 4808 somniis
1256 4751 1333 4820 ὅμοια
1354 4755 1438 4816 lale,
1463 4760 1502 4806 ast
1522 4759 1625 4808 mucius

275 4821 419 4891 Scripturas
436 4829 581 4890 interpres„
1520 4838 1537 4873 ·.

291 4921 295 4934 ·
379 4895 417 4965 “i
434 4897 632 4948 Hatsmslisruac
650 4893 726 4949 Solus
743 4893 868 4962 Keplsnrs
885 4897 1004 4951 attentus.
