3516 5540
272 435 336 508 588
581 427 761 490 Summanum
778 427 917 488 Historiae
934 424 1125 486 Asuouomisa
1143 426 1236 486 seculo
1254 427 1326 488 xvi.

237 661 243 673 .
270 615 472 682 Ptolemaeum,
496 613 604 666 utnon
626 614 732 666 tantum
755 610 905 668 renuntias
927 615 956 684 et
978 623 1035 664 ram
1059 609 1158 679 ipsam,
1184 609 1232 664 sad
1255 609 1338 665 verba
1360 625 1471 682 qnoque
1490 615 1617 674 ,momoria
1733 603 1734 626 *

273 702 405 772 tenuarit3
425 714 541 770 cumque
557 697 676 766 uiderat,
694 697 797 754 nullam
816 705 926 754 exstare
943 698 1111 755 commodam
1130 695 1279 768 ιῖςαγωγην,
1297 699 1350 756 atsi
1366 699 1395 754 in
1413 701 1540 770 Epitoma
1556 703 1617 758 satia

273 798 423 862 occupatus
441 795 523 858 asset,
541 793 633 844 umen
651 801 706 844 non
724 789 813 858 piguit
830 803 891 844 mm
909 788 978 843 haec
991 803 1099 857 qnoque
1112 788 1265 843 rudimenta
1277 787 1311 843 da
1322 787 1494 858 planetarum
1506 791 1617 848 motibus

273 876 496 936 conscriberent
514 875 699 946 promovenda
724 874 816 931 studia
839 871 1033 945 astronomica,
1060 891 1093 932 ac
1116 873 1202 931 edidit
1226 875 1278 931 boc
1302 877 1491 946 compendium
1514 879 1617 934 hiennio

273 977 338 1025 ante
355 983 435 1022 suum
454 964 564 1021 obitum.
602 963 798 1034 complectitur
821 965 984 1034 praecipuos
1009 964 1085 1020 locos
1103 970 1132 1021 et
1153 979 1273 1020 summas
1299 964 1527 1035 disputationum,
1551 983 1618 1036 quaa
1733 997 1734 1004 ι

271 1063 336 1112 suut
359 1053 432 1124 apud
456 1052 641 1108 Ptolemaeum
661 1051 695 1108 de
719 1053 837 1109 motibus
862 1053 1011 1120 stellarum,
1035 1067 1133 1122 magno
1161 1051 1264 1122 judicio
1289 1067 1322 1106 sc
1345 1053 1492 1122 prudenter
1515 1054 1618 1114 electas.

274 1144 362 1199 Docet
380 1141 425 1196 bic
442 1139 561 1210 libellus,
581 1138 654 1209 quod
674 1141 729 1195 sint
746 1145 802 1196 tros
821 1139 952 1209 partiales
971 1141 1050 1196 orbas
1069 1139 1201 1210 sphaerae
1214 1141 1294 1211 Solis,
1313 1157 1427 1211 quornm
1446 1142 1550 1198 medius
1567 1144 1619 1198 exi·
1730 1131 1734 1164 ³

272 1237 327 1286 atat
345 1227 514 1285 eoceutricus
538 1232 566 1282 et
583 1243 683 1296 corpus
702 1226 772 1284 Solis
797 1227 988 1284 circumiebat
1025 1227 1093 1283 ltem
1111 1226 1184 1296 quod
1202 1228 1229 1282 ln
1254 1227 1308 1283 boc
1332 1229 1399 1283 orbe
1418 1237 1558 1284 moratur
1575 1230 1618 1285 Sol
1732 1223 1734 1236 ¹

212 1326 219 1351 ⁴
272 1319 431 1388 aequaliter,
449 1319 478 1374 iu
495 1316 608 1372 zodiaco
620 1324 711 1372 autem
729 1316 916 1386 inaequaliter,
935 1322 963 1371 et
980 1331 1041 1372 esse
1059 1315 1142 1384 buJ'us
1159 1317 1304 1372 ecoentrici
1321 1317 1394 1373 orbis
1412 1317 1523 1386 aliquod
1540 1335 1620 1388 punc-

272 1414 330 1464 tum
347 1404 571 1474 remotissimum,
598 1404 710 1473 aliquod
732 1405 885 1474 proximum
903 1404 1009 1474 Terris,
1032 1402 1059 1458 in
1083 1405 1182 1473 quihus
1206 1402 1283 1458 nulla
1304 1404 1412 1460 eveniat
1429 1405 1557 1472 aequatio
1574 1419 1620 1460 seu

272 1493 417 1550 discrimen
436 1493 491 1548 veri
510 1508 542 1548 ac
561 1493 641 1550 medii
659 1501 750 1550 motus
769 1492 854 1561 Solis,
879 1509 939 1548 aum
957 1492 985 1546 in
1002 1492 1101 1548 cerem
1118 1493 1186 1550 locis
1204 1494 1348 1550 eccentrici
1366 1495 1475 1550 omnino
1494 1495 1531 1550 ait
1547 1501 1621 1550 utem

274 1585 338 1641 dum
355 1581 529 1652 aequatione.
566 1582 720 1639 Constituto
737 1582 891 1650 ecoentrioo
910 1580 976 1636 orbo
999 1585 1096 1650 postea
1113 1581 1243 1653 physicae
1261 1583 1381 1637 rabones
1399 1590 1515 1651 cogunt,
1539 1581 1619 1638 eidem
1727 1579 1734 1656 ἐ

275 1679 421 1729 annectere
439 1669 507 1728 duos
526 1671 594 1726 alios
613 1671 702 1740 orbes,
720 1671 833 1728 alterum
853 1687 948 1742 supra,
967 1671 1082 1726 alterum
1100 1669 1187 1740 inira,
1205 1669 1357 1739 inaequalis
1375 1669 1568 1739 spissitudinis,
1586 1668 1622 1722 sie

273 1770 304 1816 ut
321 1760 414 1817 totalis
433 1760 550 1828 sphaera
567 1760 670 1815 mundo
688 1760 737 1816 fiat
756 1760 935 1828 concantrica,
954 1774 988 1814 ne
1006 1764 1054 1814 aut
1072 1773 1183 1814 neoesae
1200 1757 1236 1813 sit
1248 1773 1350 1826 ponere
1368 1773 1491 1824 vacuum,
1510 1763 1622 1812 autcor·
1727 1757 1734 1794 i

272 1865 341 1920 pora
359 1847 488 1904 coelestia
506 1847 620 1904 invicem
638 1848 734 1904 scindi.
767 1849 843 1904 Haec
860 1848 894 1903 de
911 1846 1069 1917 pluralitate
1086 1846 1191 1904 orbium
1209 1845 1290 1901 iacile
1307 1843 1524 1902 accommodabit
1546 1843 1623 1900 etiam
1730 1847 1734 1882 Ι

274 1936 413 1994 studiosus
432 1933 467 1988 ad
484 1935 605 2003 reliquos
623 1935 758 2004 planetas.
794 1936 898 1992 Auctor
915 1936 1003 2005 prima
1025 1939 1105 2005 parta
1126 1931 1213 1990 libelli
1236 1932 1332 2008 ordine
1352 1933 1436 1988 tradit
1458 1931 1622 2004 singulorum

273 2025 445 2094 planetarum
458 2029 548 2079 motus
560 2023 723 2094 periodicas,
741 2023 787 2093 qui
800 2022 869 2080 fiunt
881 2023 1030 2080 secundum
1042 2021 1237 2091 longitudinem
1249 2021 1333 2076 totius
1346 2020 1457 2076 zodiaci.
1489 2023 1522 2076 ln
1535 2025 1623 2089 poste·
1726 2027 1734 2058 a

271 2111 337 2167 riori
362 2115 452 2166 autem
474 2116 553 2180 parte
577 2111 694 2180 primum
717 2111 797 2166 docet
820 2110 1074 2180 carlamannum,
1101 2125 1173 2178 quae
1190 2115 1303 2180 propter
1320 2106 1488 2180 hypotheses
1507 2113 1623 2162 motuum
1731 2115 1734 2148 ι

273 2196 470 2270 periodicorum
488 2205 516 2253 et
533 2197 652 2269 orbium,
670 2207 702 2254 ut
720 2197 913 2269 epicyclorum,
939 2198 1088 2252 semestris
1107 2197 1191 2253 oculis
1209 2197 1263 2253 alia
1279 2197 1333 2252 alio
1356 2203 1480 2266 tempore
1500 2194 1623 2250 offerunt
1726 2205 1734 2238 -t

273 2286 326 2342 Hic
344 2285 462 2355 pertexit
480 2285 671 2342 elementarem
693 2284 843 2342 doctrinam
862 2284 896 2339 de
914 2284 1073 2356 eclipsibus,
1097 2284 1195 2340 deinde
1212 2285 1282 2340 teuit
1296 2283 1437 2339 historiam
1455 2283 1490 2338 de
1509 2279 1624 2336 motibus
1731 2293 1734 2329 2

273 2374 446 2444 planetarum
465 2370 493 2428 in
510 2373 690 2431 latitudinem.
721 2373 765 2429 Ad
783 2381 932 2430 esbernum
951 2379 1102 2444 pertractat
1120 2372 1209 2428 uetari
1227 2371 1300 2425 orbis
1318 2371 1411 2426 ambos
1429 2376 1521 2425 motus
1540 2365 1625 2432 simul,
1726 2381 1734 2417 ι

274 2460 372 2530 quibus
394 2451 521 2516 videlicet
544 2461 632 2516 cietur
655 2467 683 2516 ct
700 2460 729 2516 in
747 2460 944 2529 longitudinem
970 2468 998 2516 at
1021 2459 1218 2516 latitudinem“.
1252 2459 1421 2515 Reinboldus
1439 2457 1547 2512 addidit
1563 2455 1625 2509 Pur·

274 2548 363 2604 bachii
375 2547 464 2603 textui
476 2547 674 2618 annotationes,
692 2547 790 2618 quibus
807 2549 895 2604 lucem
909 2547 1025 2605 affundit
1037 2548 1078 2613 iia,
1096 2561 1167 2616 quaa
1179 2545 1338 2604 obscuriora
1355 2546 1402 2602 ille
1420 2544 1539 2613 reliquit,
1558 2541 1626 2598 unde
1726 2555 1734 2589 ῑι

272 2635 383 2706 lactum,
399 2643 429 2693 ut
441 2627 570 2693 theoricis
587 2637 733 2692 Purbachii
746 2636 899 2692 Reinholdo
917 2637 1112 2705 interpretante
1130 2651 1179 2705 per
1196 2641 1283 2690 totum
1300 2635 1359 2690 iere
1375 2633 1499 2690 seculum
1518 2633 1627 2702 quicnn·
1726 2673 1731 2681 .

274 2741 327 2796 que
351 2726 386 2782 ad
404 2727 596 2782 astronomiam
614 2725 807 2782 incumbebant
844 2727 944 2797 optimo
969 2725 1071 2780 auxilio
1094 2729 1248 2791 uterentur,
1271 2721 1405 2790 illumque
1430 2723 1511 2793 quasi
1529 2720 1626 2775 iontem

274 2813 434 2883 repetierint
451 2813 569 2884 plurimi,
588 2814 635 2882 qui
653 2813 701 2870 illa
718 2819 809 2870 aetate
826 2812 904 2870 libris
925 2814 1004 2871 editis
1023 2813 1215 2868 astronomiam
1233 2810 1382 2868 docendam
1394 2813 1584 2879 susceperuut.
1597 2833 1626 2846 a
1732 2829 1734 2862 ι

273 2901 316 2956 Ex
334 2917 433 2972 magna
449 2917 513 2956 vero
532 2903 738 2957 annotationum
756 2901 938 2956 alteinholdc
957 2901 1109 2956 additarum
1128 2899 1280 2970 frequentia
1293 2898 1394 2956 resena
1405 2897 1494 2952 visum
1508 2901 1552 2952 sat
1564 2907 1627 2959 eam,
1731 2919 1734 2956 :

274 3005 328 3060 qua
345 2989 417 3045 forta
435 2989 571 3060 Keplerus
589 2989 624 3045 ad
644 2988 778 3058 ellipticos
802 2989 973 3059 planetarum
999 2990 1078 3046 orbes
1096 2989 1244 3058 perductus
1263 2994 1313 3043 est
1343 2988 1385 3042 De
1400 2985 1522 3041 motibus
1536 2984 1628 3038 Lunae

275 3094 358 3147 agens
376 3079 445 3134 baec
463 3077 530 3136 dicit
547 3079 730 3136 Reinboldus:
753 3077 817 3144 „Eu
834 3095 868 3134 eo
882 3080 1071 3148 properum,
1090 3093 1173 3148 quom
1189 3075 1292 3133 laudm
1308 3072 1429 3146 duplices
1441 3076 1522 3132 orbes
1533 3073 1630 3128 Luam
1726 3083 1734 3130 ·;

276 3169 314 3224 cd
330 3173 435 3224 mutuos
452 3165 541 3236 Salis,
567 3167 743 3236 mafanum
761 3173 813 3232 eat,
839 3171 962 3222 centrum
979 3167 1093 3238 optandi
1109 3165 1208 3220 Mnus
1226 3165 1374 3221 aaaron
1391 3164 1513 3235 mom
1531 3157 1631 3215 caslon
1733 3227 1734 3240 χ

275 3255 391 3326 mapalis
407 3255 545 3310 macedan
558 3254 717 3324 periodteic.
753 3255 830 3310 Nom
843 3261 961 3324 propter
982 3261 1086 3310 motura
1103 3255 1282 3322 aenaeam
1299 3267 1396 3323 onam
1413 3250 1557 3306 aerumna·
1573 3263 1629 3302 ooa-

276 3349 349 3400 uam
367 3344 480 3414 epicycla'
502 3345 618 3414 mapula
635 3342 875 3412 communitas
897 3349 923 3402 at
941 3342 1161 3412 mpositoaihue
1181 3340 1254 3396 redit
1278 3341 1316 3396 ad
1340 3354 1465 3411 epopeus
1483 3334 1630 3397 eccmtrlti,
1728 3366 1734 3404 a

276 3431 347 3487 sabat
364 3431 395 3486 ia
411 3431 527 3502 persicis
539 3431 719 3500 quadratariis
730 3431 768 3486 ad
781 3431 934 3502 peripateti
951 3429 1070 3498 ήιιιᾶιιιι
1082 3430 1229 3486 sectatrici
1260 3428 1336 3483 Hinc
1346 3427 1500 3482 secmaoaio
1518 3423 1633 3494 deicht
1724 3461 1734 3492 q

275 3521 366 3590 ilpunc
383 3519 481 3586 ecclia,
506 3519 594 3574 idest
612 3520 677 3574 tulis
694 3521 863 3589 superficies,
886 3519 975 3588 quotis
993 3523 1032 3574 cet
1044 3515 1244 3587 ammodum
1262 3516 1307 3571 oui
1320 3531 1373 3586 per
1390 3507 1634 3570 mediomatricae
1733 3547 1734 3580 ι

277 3607 425 3664 secondum
442 3609 592 3680 loamtmm
605 3613 723 3678 purtem.
756 3606 874 3661 Similem
894 3604 1022 3662 describit
1039 3604 1154 3675 figuram
1167 3603 1327 3670 Mercurius,
1346 3609 1467 3658 ceterum
1480 3601 1554 3656 inter
1565 3598 1633 3652 banc

277 3700 306 3748 et
322 3693 397 3750 illam
415 3693 469 3748 boc
486 3693 612 3763 interest,
641 3693 729 3763 ,quod
747 3693 775 3748 in
793 3693 873 3749 Luna
890 3692 972 3748 medii
989 3699 1079 3746 motus
1098 3691 1169 3746 Solis
1188 3689 1261 3746 linea
1283 3705 1336 3745 non
1362 3697 1404 3746 est
1422 3689 1581 3760 immobilis,
1604 3694 1633 3741 ut
1723 3732 1730 3752 ,

277 3799 332 3838 anx
350 3782 491 3853 aequantia
510 3783 651 3853 Mercurii,
670 3781 719 3838 sed
737 3783 839 3839 mensis
857 3783 947 3852 spatio
965 3779 1137 3852 progreditur
1154 3795 1204 3848 per
1220 3779 1355 3850 integrum
1379 3778 1435 3834 iere
1454 3779 1571 3848 signum,
1590 3791 1634 3830 an·
1728 3814 1734 3852 ,

277 3887 348 3928 nnus
361 3877 451 3926 autem
464 3876 553 3928 motus
566 3871 687 3941 periqaei
700 3871 842 3942 aequantia
854 3863 984 3926 Mercurii
996 3884 1051 3924 non
1063 3873 1156 3936 potest
1167 3883 1248 3922 sensu
1261 3867 1400 3938 paricipi.“
1421 3867 1499 3934 Quae
1513 3861 1633 3935 quamvis
1726 3922 1730 3930 ¹

277 3961 368 4016 ahena
384 3959 440 4014 sint
457 3976 474 4014 a
491 3965 581 4014 mente
600 3957 726 4041 Kepleri‚
752 3959 798 4027 qui
816 3957 913 4013 Martis
935 3962 1037 4012 motum
1062 3955 1247 4011 eccentricum
1273 3955 1417 4012 conciliare
1440 3954 1572 4026 studebat
1589 3951 1633 4004 ob·
1731 3977 1734 4027 ,

279 4047 479 4105 certationibus
498 4041 678 4119 Tycbonicis‚
702 4061 772 4117 quae
790 4044 851 4100 aliia
870 4043 938 4099 locis
956 4045 1072 4098 Martem
1091 4059 1108 4097 a
1124 4050 1214 4099 motus
1234 4043 1276 4097 sui
1294 4048 1388 4098 centro
1408 4041 1552 4109 elongare,
1576 4037 1635 4092 aliis
1729 4077 1734 4116 ,

276 4140 316 4196 illi
330 4139 550 4211 appropinquare
568 4137 739 4207 videbantur,
756 4135 841 4190 nihilo
853 4133 942 4188 minus
955 4139 1047 4186 tamen
1058 4130 1205 4188 Rcinboldi
1224 4129 1361 4186 sanantis
1379 4129 1481 4184 eminus
1499 4123 1636 4184 consentit

278 4227 426 4299 hypothesi
443 4226 633 4295 Keplariauaa,
652 4224 729 4280 initio
746 4221 966 4278 lucubrationum
983 4235 1093 4301 suarum
1113 4225 1276 4288 conceptae,
1299 4217 1387 4287 qualia
1405 4232 1439 4270 ex
1459 4213 1584 4286 epistolis
1602 4211 1635 4266 ad
1731 4261 1734 4294 ,

277 4315 432 4372 Fabricium
451 4313 521 4371 datis
540 4313 600 4381 (ΙΙΙ.
619 4314 663 4380 ΙΙ)
682 4310 779 4380 elucet,
798 4309 862 4365 dum
881 4309 999 4377 scripsit,
1018 4307 1110 4364 orbem
1122 4307 1220 4362 Martis
1239 4306 1320 4375 quasi
1331 4306 1436 4362 οιιαΙοιιι
1448 4321 1498 4361 sca
1508 4303 1636 4372 fucatas
1725 4340 1734 4384 ιη.

279 4403 329 4458 sibi
347 4403 466 4472 prodire.

382 4490 462 4547 Anno
482 4489 559 4546 1549.
577 4486 765 4556 Wittabergae
782 4484 884 4556 prodiit
900 4485 1055 4542 Promeae
1071 4483 1281 4542 mathematicae
1297 4483 1511 4541 commodioris
1528 4483 1598 4539 taber
1608 4480 1635 4548 1,

276 4595 374 4652 praece
390 4585 416 4636 ct
435 4581 520 4636 letiasc
537 4577 634 4634 editas·
670 4573 791 4630 Additco
808 4573 1005 4644 aptorum
1023 4573 1129 4644 dieunt
1145 4573 1268 4630 loom
1285 4575 1321 4629 ob
1339 4571 1375 4636 E.
1388 4571 1530 4630 Retulrott.
1557 4571 1636 4625 Anno
1728 4614 1734 4652 ,

279 4667 348 4722 1550
365 4665 478 4720 ibidem:
506 4663 629 4722 Jocaais
653 4662 686 4718 ds
704 4659 793 4716 Sucro
810 4661 902 4716 Beato
924 4675 993 4730 opus
1015 4660 1049 4715 dc
1073 4659 1212 4731 sphaco,
1237 4667 1352 4718 moute
1379 4659 1550 4728 moldo,
1576 4673 1637 4715 moia
1725 4720 1728 4726 ,

277 4753 455 4824 promotione
466 4749 758 4816 Meloncbtbosa's,
777 4748 882 4805 &dtis
895 4747 1046 4804 Beioboldi
1061 4753 1094 4801 90
1105 4745 1279 4820 thematibus,
1299 4765 1369 4819 qaae
1380 4750 1523 4806 eastimet
1534 4747 1636 4804 matbe-

280 4841 370 4898 ds'eoan
387 4842 581 4898 coemtionem
606 4839 639 4895 dc
656 4838 800 4895 bomsoate
816 4836 952 4893 rotoma·
968 4843 995 4902 et
1011 4836 1148 4904 amabili,
1171 4835 1256 4908 ᾱιςιιιι
1279 4837 1432 4892 motatione
1448 4833 1637 4892 acarnanas
1731 4885 1734 4919 ,

280 4936 306 4988 ct
322 4929 552 4998 mmmm,
573 4928 672 5001 eadm
696 4925 807 5000 adiectu
831 4931 896 4984 sara
914 4925 1039 4996 poucslo
1062 4925 1096 4982 da
1117 4925 1232 4982 ambra.
1273 4923 1352 4980 anuo
1379 4923 1454 4980 ttdt.
1479 4913 1643 4993 Tuhtnpaaz'
