3612 5538
600 437 712 512 Kepleri
729 437 870 500 literarum
886 435 979 500 studia
995 443 1024 498 at
1040 435 1174 504 doctrine·
1473 437 1559 512 1027

209 637 269 699 qua
290 622 487 682 instauratore
509 619 574 698 eJua
596 622 668 682 artis
691 620 845 686 defendero
867 627 920 686 aut
941 620 1091 700 Tyobonis
1113 621 1223 701 placita
1244 621 1454 702 coperuioantu
1474 629 1561 686 aute-

205 725 314 788 ponere
338 709 435 770 conati
458 715 535 772 aunt.
559 743 602 753 -

309 795 424 874 Anglus
454 794 476 858 J
484 799 648 865 eremias
677 797 937 872 Horrocciua,
970 794 1090 873 Kepleri
1119 801 1316 861 astronomiae
1339 797 1557 861 addictissimus

205 884 269 962 (qdi
292 882 633 948 manutenetis.
660 895 866 968 „praematura
893 891 987 948 morte
1018 881 1154 960 juvenuit
1187 885 1261 948 obiit
1288 887 1344 946 snb
1373 889 1480 950 aetatis
1502 904 1558 948 an·

204 989 275 1032 num
303 969 379 1052 ΨΑ),
410 986 497 1048 quem
526 972 649 1034 laudant
678 977 708 1033 in
743 975 939 1050 astronomiae
972 973 1096 1034 historia
1124 975 1232 1034 uersati
1267 973 1306 1035 ad
1336 993 1426 1036 uuum
1457 991 1557 1036 omnes

207 1061 237 1118 in
259 1059 468 1124 mathematice
490 1065 520 1120 ot
542 1064 722 1122 astronomia
737 1053 967 1124 remotissimum
991 1070 1022 1122 et
1041 1059 1135 1118 libero
1150 1061 1323 1138 munereque
1342 1062 1456 1140 jndicio
1471 1080 1559 1140 prae-

206 1150 428 1222 rtautieelmum,
451 1147 526 1208 baec
549 1147 585 1210 de
599 1148 721 1226 chleri
735 1149 872 1227 Epitome
895 1158 925 1210 at
947 1130 1014 1208 arri
1037 1147 1174 1224 operibus
1197 1151 1306 1226 scripta
1320 1151 1452 1228 reliquit:
1478 1150 1558 1232 „Le-

205 1243 278 1312 gunt
298 1236 433 1310 studiosi,
457 1237 507 1311 qni
524 1239 676 1296 ueritatem
690 1245 845 1314 quaerunt,
868 1235 989 1313 Kepleri
1005 1235 1222 1296 Astrouomiam
1238 1237 1394 1314 Physiaum
1410 1240 1439 1296 iu
1456 1238 1558 1298 Gom-

204 1325 415 1384 meutariis
439 1322 483 1382 de
511 1332 612 1385 motu
636 1323 777 1390 Martis
807 1332 837 1386 et
863 1321 1063 1401 Epitaureu
1094 1321 1173 1397 ejus
1196 1324 1466 1387 Astronomiae
1490 1326 1557 1387 Go-

204 1412 447 1487 pernicauae,
472 1419 502 1472 et
523 1428 582 1472 uon
606 1411 708 1472 dubito
732 1414 802 1489 quin
825 1411 931 1474 exinde
950 1409 1194 1488 iucundissimum
1215 1410 1328 1472 aolidae
1350 1412 1557 1490 philosophias

205 1497 376 1558 tboaaururn
391 1501 536 1574 captaturi
550 1501 618 1572 siut,
635 1498 818 1564 divinissima
834 1517 923 1561 uerae
937 1500 1100 1576 sapientiae
1116 1499 1257 1558 varietate
1272 1498 1434 1574 florentem,
1457 1509 1557 1562 nectar

205 1594 234 1646 et
256 1585 434 1646 ambrosiam
461 1588 637 1648 suauissima
664 1588 821 1663 spirantem
825 1627 956 1648 ......
1001 1585 1149 1646 Successit
1179 1591 1313 1658 (Troiani)
1342 1587 1556 1649 divinissimum

205 1671 325 1751 Keplerl
349 1675 514 1750 ingenium,
548 1675 604 1732 riri
625 1672 663 1734 ad
686 1673 789 1735 abdita
810 1683 933 1734 naturae
956 1671 1138 1734 enucleanda
1163 1673 1240 1744 uati,
1272 1675 1323 1749 qul
1346 1675 1555 1754 arrystonis

205 1755 461 1822 observationibus
490 1763 698 1821 astronomiam
730 1777 838 1822 noram
868 1761 992 1822 condere
1020 1775 1178 1836 aggressus
1208 1766 1253 1820 est
1280 1777 1405 1837 eamque
1432 1761 1556 1824 feliciter
1600 1795 1605 1804 ·

206 1847 446 1917 absolvitedltis
468 1847 626 1908 Tabulis
649 1847 917 1926 Rudolpbinis,
949 1848 1057 1926 quibus
1085 1863 1234 1923 nunquam
1264 1864 1350 1924 parca
1372 1849 1425 1912 Sol
1456 1849 1556 1912 adbuc

204 1933 289 1994 vidit.
337 1935 564 2011 coquinarum
589 1933 725 1998 omnibu's
747 1936 822 1999 adeo
846 1935 958 1996 erudite
980 1936 1176 1996 astronomica
1199 1937 1353 2009 tractarit,
1385 1945 1418 1998 ut
1439 1955 1555 2016 semper

204 2022 275 2083 mibi
297 2039 468 2100 persuasum
491 2024 587 2096 luerit,
610 2041 677 2083 aum
701 2027 799 2084 omnia
820 2023 939 2098 habere,
962 2023 1012 2100 qui
1033 2021 1125 2082 babet
1145 2019 1337 2098 Keplerum.“
1363 2079 1365 2084 .

312 2109 367 2169 His
391 2111 488 2170 uerbis
503 2111 601 2187 Angli,
625 2113 787 2188 praestanti
805 2112 927 2188 juvenis
949 2111 1082 2187 ingenio,
1106 2107 1293 2185 adJuugimue
1316 2110 1426 2170 dictum
1447 2127 1550 2174 recen·

204 2199 286 2256 tiaris
309 2196 435 2258 hominia
457 2196 536 2257 docti
558 2197 785 2274 (Franco-Galli
806 2198 848 2258 Μ.
872 2195 1043 2273 Bartraud),
1066 2199 1121 2272 qui
1141 2197 1171 2256 in
1192 2204 1321 2258 extremo
1345 2197 1460 2273 libello,
1492 2216 1551 2276 quo

204 2283 239 2343 de
254 2283 382 2361 Keplero
405 2271 549 2362 exposuit,
572 2284 680 2346 baccae
696 2287 825 2362 scripsit:
851 2285 1015 2362 „Keplerus
1038 2301 1129 2362 quum
1144 2282 1182 2343 ad
1198 2282 1346 2345 literarum
1367 2286 1497 2346 studium
1520 2303 1552 2348 se

204 2372 353 2432 conterens
375 2389 455 2431 mera
477 2373 700 2434 ratiocinatione
723 2390 831 2435 arcana
853 2381 974 2434 naturae
997 2373 1197 2450 pervestigare
1218 2388 1307 2448 posse
1322 2373 1378 2434 sibi
1395 2373 1551 2450 rideretur,

203 2459 293 2533 breui,
318 2477 376 2536 quc
401 2467 464 2519 erat
484 2459 598 2519 ardenti
621 2466 651 2520 et
673 2463 785 2521 sincero
809 2463 939 2521 raritatis
963 2459 1070 2534 studio,
1094 2457 1125 2516 id
1147 2465 1261 2519 tantum
1285 2478 1338 2537 pro
1362 2469 1442 2522 certe
1457 2463 1552 2523 bube-

203 2545 262 2619 bat,
285 2545 365 2624 quod
388 2548 512 2626 probare
534 2555 643 2624 posset
688 2548 783 2625 lgitur
810 2565 924 2625 semper
954 2557 1074 2624 paratus
1106 2554 1168 2606 erat
1189 2554 1302 2607 mutare
1324 2551 1499 2609 seutentiam
1522 2558 1552 2610 et

93 2635 98 2644 '
203 2651 276 2710 qnae
298 2636 423 2694 maxime
445 2635 567 2695 larebat
589 2637 741 2712 opiniones
763 2637 925 2710 remittere,
954 2637 980 2695 si
1003 2653 1034 2694 re
1057 2633 1227 2710 diligentius
1254 2639 1402 2711 pensitata
1431 2645 1552 2696 senten-

203 2723 272 2780 tiam
294 2738 378 2781 suam
400 2725 578 2797 argumentis
600 2723 730 2783 stabilire
752 2740 811 2781 non
834 2731 943 2800 posset.
989 2721 1097 2782 Verum
1121 2736 1211 2796 quum
1234 2738 1291 2781 nou
1315 2724 1481 2784 intermissu
1504 2727 1551 2782 in·

202 2811 359 2884 quisitione
382 2809 608 2870 confirmabatur
629 2809 672 2885 id,
703 2809 783 2887 quod
812 2816 956 2870 statuerat
978 2817 1007 2869 et
1029 2811 1126 2869 animo
1149 2817 1352 2886 praeceperat,
1376 2810 1473 2870 laetus
1496 2827 1550 2870 ex-

201 2896 316 2972 plorata
345 2899 466 2957 veritate
497 2895 664 2957 exsultabat
690 2897 798 2973 gaudio
822 2905 850 2958 et
873 2897 1043 2958 ardentibus
1073 2895 1170 2956 verbis
1201 2898 1291 2956 animi
1321 2900 1547 2958 commotionem

202 2985 359 3060 aperiebat.
389 2983 458 3044 darn
482 3002 551 3045 vero
568 2983 711 3060 dignitate
733 2983 784 3044 illa
807 2993 836 3045 et
857 2986 1012 3060 gravitate,
1037 3000 1097 3060 qua
1119 2985 1213 3042 oratio
1228 2983 1293 3058 ejus
1309 2987 1437 3060 assurgit
1453 2987 1551 3060 riget-

201 3089 274 3148 que,
298 3072 494 3132 alienissimus
511 3079 572 3132 erat
587 3089 605 3130 a
621 3075 751 3133 vanitate
766 3080 796 3131 et
810 3073 886 3132 laetu
902 3071 970 3146 illc,
994 3089 1081 3148 quem
1104 3085 1217 3148 praese
1239 3071 1313 3130 serre
1343 3071 1421 3131 solet
1444 3071 1551 3148 vulgus

202 3174 294 3219 noras
316 3177 363 3219 ras
393 3161 614 3220 invenientium.
660 3159 735 3220 Nam
757 3167 789 3218 ut
812 3161 841 3218 in
864 3159 1045 3236 inquirendis
1076 3159 1164 3238 rebus
1195 3156 1273 3218 elato
1302 3157 1465 3236 audacique
1489 3166 1551 3218 erat

202 3248 308 3320 auimo,
332 3248 373 3306 ita
395 3264 427 3307 re
448 3247 523 3307 bene
546 3255 631 3323 gesta
652 3247 796 3308 modestia
819 3247 956 3308 utebatur
978 3263 1130 3324 oransque
1152 3245 1265 3306 laetitia
1288 3245 1353 3306 Deo
1376 3247 1432 3305 eall
1454 3246 1551 3306 bono-

201 3350 260 3393 rem
284 3333 441 3394 delerebat.
473 3335 542 3394 Erat
564 3351 688 3410 maguus
710 3341 740 3394 et
761 3351 920 3410 generosus
942 3334 1069 3394 bominis
1092 3335 1206 3392 animus
1228 3332 1303 3393 libor
1324 3333 1362 3393 ab
1385 3334 1464 3392 omni
1485 3351 1551 3392 am-

203 3420 311 3481 bitiune
334 3428 364 3480 et
386 3423 537 3496 inanitate,
562 3429 594 3480 ut
615 3439 710 3499 neque
733 3421 859 3482 bonores
881 3438 977 3498 neque
991 3423 1114 3499 plausus
1130 3427 1268 3498 captaret,
1292 3427 1381 3498 atque
1402 3419 1477 3481 adeo
1493 3438 1559 3481 uon·

203 3524 233 3567 ee
255 3510 456 3585 praeponebat
478 3510 527 3582 lis,
555 3508 729 3587 quibuscum
751 3526 803 3586 per
823 3509 923 3568 literas
947 3508 1182 3587 colloquebatur,
1210 3507 1377 3568 bominibus
1400 3508 1551 3570 obliuione

200 3595 261 3670 jam
285 3597 411 3670 abrutis,
436 3603 468 3655 ut
489 3614 604 3674 semper
626 3614 658 3656 se
681 3597 833 3672 praeberet
856 3589 1052 3657 verecundum
1067 3604 1096 3657 et
1111 3612 1225 3655 summa
1239 3594 1428 3660 observantia
1449 3611 1554 3673 prose·

203 3691 340 3759 queretur
362 3682 550 3744 Maeetlinum
578 3691 796 3761 praeceptorem
826 3685 975 3762 quondam
996 3700 1097 3758 suum,
1130 3683 1213 3759 cujus
1236 3682 1355 3759 quidam
1376 3685 1464 3743 unica
1486 3683 1551 3744 laus

202 3773 240 3830 sit
262 3770 351 3830 talem
373 3770 721 3848 babuissedisoipnlum.
767 3771 829 3832 Nec
851 3773 895 3832 rir
917 3789 1057 3845 summus,
1080 3772 1130 3848 qui
1154 3771 1289 3829 maximis
1311 3772 1399 3831 rebus
1421 3772 1551 3830 inuentis

202 3857 376 3932 inclaruerit,
400 3865 452 3918 aut
475 3859 526 3918 ubi
549 3857 746 3920 descendebat
768 3860 919 3936 alustigio
943 3861 1154 3934 cogitationum
1176 3875 1294 3918 suarum
1318 3875 1383 3917 cum
1405 3861 1550 3935 angustiis

201 3947 487 4023 necessitatibusque
512 3948 589 4006 ritae
613 3946 840 4022 conflictaturus,
864 3954 916 4006 aut
932 3947 981 4005 ubi
996 3945 1099 4006 laudes
1122 3963 1191 4005 suaa
1207 3945 1328 4006 videbat
1351 3943 1398 4004 rel
1421 3945 1548 4021 ignorari

203 4032 249 4092 rel
273 4035 445 4110 impugnari,
468 4051 597 4111 unquam
621 4035 861 4118 conquerebatur,
884 4036 947 4094 aine
970 4033 1084 4094 fremitu
1108 4041 1138 4093 et
1159 4029 1346 4110 aegrimonia,
1371 4033 1433 4092 suis
1449 4037 1481 4090 ut
1495 4048 1549 4092 ue·

188 4123 358 4224 ,cessarium
382 4123 492 4181 victum
514 4129 710 4200 compararet,
744 4121 961 4199 qualiacunque
991 4121 1047 4182 eibi
1076 4119 1215 4181 mandata
1239 4120 1357 4199 negotia
1380 4119 1550 4198 simpliciter

200 4223 434 4372 811εοψιῐθιῐεὶςὶὴιιει
449 4294 635 4372 Kepleriauis
658 4301 798 4371 tanquam
814 4293 978 4354 firmissimo
1001 4301 1031 4355 et
1052 4296 1243 4356 stabilissime
1264 4293 1454 4353 fundamento
1476 4293 1548 4352 niti·

203 4387 248 4440 tur
270 4389 435 4444 nostrorum
459 4392 622 4459 temporum
645 4385 837 4456 asbonomia,
868 4382 905 4441 ad
929 4381 1086 4446 earundem
1109 4381 1318 4442 immutabilem
1342 4388 1549 4455 aeternamque

201 4486 331 4530 normam
355 4472 449 4530 omnis
470 4479 613 4530 astrorum
635 4475 732 4528 motus
756 4471 934 4546 compositus
957 4477 1009 4529 est
1039 4470 1096 4530 Illo
1118 4487 1204 4530 nemo
1220 4467 1384 4527 mortalium
1400 4475 1452 4526 aut
1463 4466 1550 4544 plura

201 4559 317 4635 scripsit
338 4564 390 4618 aut
411 4557 523 4634 majora
546 4556 664 4629 detexit,
688 4555 739 4616 sed
762 4555 839 4616 idem
863 4574 950 4634 quarn
972 4555 1063 4633 longa
1086 4573 1231 4634 quamque
1254 4571 1359 4632 aspera
1380 4556 1430 4614 ria
1451 4563 1549 4614 tantus

202 4661 246 4704 ree
270 4653 422 4706 assecutus
445 4647 491 4718 sit,
514 4643 601 4722 pauci
624 4646 727 4704 sciunt.
774 4643 865 4719 Cujus
889 4663 924 4703 ox
947 4643 1042 4718 libris,
1066 4661 1140 4722 quos
1163 4640 1271 4702 multos
1292 4643 1421 4719 scripsit,
1450 4640 1548 4702 nullus

202 4730 239 4791 ad
262 4749 406 4792 summam
429 4731 511 4791 illarn
533 4739 665 4792 veterum
687 4731 861 4807 scriptorum
884 4730 1001 4791 laudem
1023 4733 1166 4808 pervenit,
1189 4745 1242 4788 neo
1265 4731 1286 4786 ll
1307 4728 1395 4789 bodie
1411 4729 1548 4788 nistrare

200 4817 345 4897 leguntur.
383 4819 493 4879 Verum
516 4821 593 4880 enirn
616 4833 687 4878 rere
709 4817 804 4895 gloria
826 4820 881 4878 viri
904 4820 1081 4895 sempiterna
1103 4824 1148 4876 est
1170 4825 1199 4874 et
1221 4817 1250 4872 in
1273 4818 1339 4894 ipsa
1361 4817 1447 4892 quael
1463 4814 1547 4876 caelo

199 4907 352 4986 inscripta,
376 4923 463 4985 quam
486 4923 541 4970 uec
561 4908 733 4968 imminuent
753 4912 805 4966 ant
828 4907 1025 4968 obscurabunt
1040 4903 1118 4964 ullae
1141 4901 1313 4981 disciplinae
1328 4904 1547 4982 progressiones

1284 5003 1340 5096 u·
