3516 5540
415 375 606 436 Samnitium
623 376 760 434 Historiis
777 377 1078 436 1555555115555515
1096 377 1171 436 XVI.
1416 379 1479 451 609

140 553 295 613 mmm
317 551 452 624 (1564).
500 553 600 610 lisdem
624 553 681 611 fere
703 555 844 626 principiis
867 543 990 612 innititur
1013 555 1081 614 haec
1107 556 1281 628 ,logistica“,
1313 555 1411 628 quibus
1436 571 1482 612 ex-

63 630 66 653 '
140 631 180 688 aad
191 634 291 706 aliquot
304 638 425 698 lustris
440 643 556 698 inventa
567 642 692 713 logistica
704 645 851 700 decimalis.
879 646 1046 716 (,lntegrnm
1058 646 1175 702 medium
1187 646 1277 701 locam
1297 645 1407 710 obtinet,
1426 631 1482 701 col·

140 717 201 778 11155
213 729 420 799 sexagenaria
440 729 581 785 additions
604 731 746 788 constituit
763 747 961 803 sexagenamm
979 735 1114 808 ordinem,
1140 735 1256 790 divisum
1280 749 1344 789 vero
1368 747 1483 802 sexage-

140 811 337 872 umbramus
359 817 459 872 5111511
477 819 666 888 scrupulorum
685 821 842 891 ordinandi
867 823 986 893 Regulus
1000 823 1114 879 dirersis
1132 822 1319 878 arithmeticae
1338 821 1484 891 generibus

139 897 285 960 1515555155
297 905 441 975 perbelle
446 895 583 976 'proponit
594 913 698 977 auctor,
718 910 848 964 desumtis
866 910 997 979 exemplis
1011 926 1046 964 en
1058 909 1230 978 astronomia,
1244 909 1283 964 ita
1295 916 1327 964 ut
1338 909 1408 963 liber
1420 923 1484 964 rere

139 985 196 1044 berit
216 993 426 1062 compendium
446 993 578 1050 studiosis
602 997 791 1053 aeconomiae.
814 1027 846 1037 -
867 997 943 1052 idem
962 996 1116 1053 iaciendum
1135 997 1187 1052 sibi
1204 997 1348 1068 proposuit
1371 1002 1484 1050 auctore

139 1089 184 1130 utra
205 1077 391 1136 Theoderico
422 1081 523 1136 Edon
550 1082 751 1138 Hildericus
777 1082 948 1152 deserensis,
974 1085 1118 1140 Professor
1143 1085 1299 1139 matheseos
1325 1089 1353 1138 et
1376 1081 1486 1152 linguae

139 1161 337 1222 strumense
356 1183 418 1222 non
438 1167 595 1236 theologiae
613 1169 858 1239 5115151111559)
877 1172 905 1224 in
924 1171 1002 1240 libro,
1022 1173 1067 1241 qui
1087 1180 1114 1226 et
1132 1172 1192 1241 ipse
1210 1171 1382 1227 inscribitur:
1402 1171 1484 1239 Logi-

137 1251 189 1308 stiee
199 1255 400 1311 1555555155
415 1258 524 1326 (1568).
538 1287 568 1296 -
582 1259 673 1312 111555
689 1257 825 1314 Theodor.
838 1258 993 1326 probandus
1006 1269 1049 1313 eat
1065 1260 1193 1329 inopere,
1211 1259 1284 1328 quod
1293 1258 1383 1327 ipsam
1401 1263 1488 1314 astro·

135 1341 232 1396 555155
250 1344 359 1398 attinet
378 1344 485 1410 (Norae
503 1345 675 1412 quaestiones
700 1345 834 1414 sphaerae
857 1347 944 1414 1561).
980 1347 1108 1414 Legimus
1134 1347 1162 1402 in
1180 1347 1232 1400 hoc
1254 1346 1339 1400 libro:
1367 1347 1488 1412 ,Lumen

135 1427 262 1484 rtallamm
282 1430 432 1502 preprium
450 1436 494 1486 ast
512 1437 540 1486 et
557 1430 754 1488 mutuaticium.
790 1431 864 1487 11155
883 1426 1051 1502 splendidius
1076 1432 1234 1488 redditura
1252 1433 1322 1487 Solis
1340 1433 1441 1488 lumine
1459 1433 1487 1487 in

135 1529 175 1572 ess
189 1517 343 1577 incidente.
388 1519 494 1575 Stellae
511 1525 653 1574 morentur
670 1526 746 1574 motu
765 1535 876 1574 suornm
902 1519 1020 1588 orbium,
1048 1521 1146 1588 quibus
1165 1519 1272 1575 adfixae
1291 1523 1388 1590 sunt“,
1414 1517 1486 1587 quod

132 1603 191 1659 isira
201 1607 311 1662 5511555
323 1608 463 1676 probatur
474 1605 602 1662 adhibitis
616 1603 720 1674 logicae
730 1607 844 1676 ragulis;
858 1605 982 1660 similiter
992 1606 1074 1662 finem
1083 1607 1149 1660 iacit
1161 1606 1281 1676 probans
1295 1605 1364 1662 coeli
1376 1613 1488 1674 motum,
1552 1619 1558 1640 ¹

131 1691 226 1746 155555
242 1693 481 1761 immobilitatem,
508 1693 622 1762 liguram
648 1701 676 1749 et
694 1695 888 1750 dimensionem
912 1696 1053 1751 stellarum
1070 1695 1194 1752 fixarum.
1231 1695 1408 1766 Exemplum,
1435 1709 1489 1762 qna

130 1779 230 1836 1511555
247 1780 434 1836 concludendi
452 1788 551 1836 auctor
568 1787 668 1846 utatur,
686 1781 739 1836 hcc
756 1782 945 1852 proponimus:
971 1782 1124 1852 „Quidquid
1150 1797 1229 1837 sacra
1253 1785 1389 1851 scriptura
1406 1782 1487 1835 adfir-

132 1875 191 1934 mat,
210 1870 273 1924 sine
292 1869 353 1925 nlla
371 1869 544 1924 dubitatione
562 1877 664 1926 certum
683 1874 733 1925 est
771 1871 798 1928 S.
813 1873 947 1941 scriptura
965 1871 1099 1939 adfirmat,
1118 1869 1230 1924 Terram
1249 1885 1309 1924 esse
1326 1868 1490 1923 immobilem

130 1964 156 2009 et
171 1955 272 2012 lixam
292 1974 360 2026 crgo
378 1958 466 2014 Terra
482 1957 512 2013 in
529 1957 617 2014 medio
635 1959 729 2014 mundi
746 1960 863 2028 quiescit
881 1975 932 2014 nec
950 1962 1100 2014 moretur.“
1142 1957 1191 2010 (lui
1204 1955 1380 2026 superaddit:
1400 1955 1490 2009 omnia

130 2043 223 2110 gravis
242 2045 348 2100 cadnm
366 2047 402 2102 55
420 2045 593 2116 superficiem
612 2046 713 2102 Terrae
726 2047 874 2102 secundum
887 2046 1064 2104 rectissimam
1083 2044 1182 2100 lineam
1195 2045 1222 2098 in
1238 2048 1324 2111 eaque
1338 2043 1490 2111 quiescunt,

127 2138 155 2184 et
171 2131 227 2187 nisi
244 2132 385 2188 soliditate
409 2134 470 2202 ejus
493 2141 661 2198 arcerentur,
685 2135 720 2189 ad
744 2139 865 2190 55511515
884 2149 972 2202 nsque
994 2131 1211 2202 prolaberentur,
1253 2130 1373 2185 Necesse
1396 2134 1488 2183 autem

126 2225 178 2282 ²⁸&
198 2219 390 2290 superficiem,
417 2219 453 2274 55
479 2235 562 2289 qnam
579 2235 679 2291 corpus
699 2235 782 2291 grass
800 2221 955 2278 secundum·
968 2225 1070 2275 rectam
1088 2220 1187 2274 lineam
1206 2219 1292 2288 cadit,
1318 2217 1491 2272 555515555-

128 2305 219 2375 bilem,
240 2323 307 2378 ergo
320 2349 327 2364 .
341 2349 370 2366 ..
411 2307 580 2364 Laudandus
599 2317 641 2366 est
653 2310 689 2364 ob
707 2309 833 2366 eximiam
844 2307 1005 2364 industriam
1024 2315 1052 2362 et
1069 2307 1293 2376 perspicuitatem
1312 2304 1330 2358 J
1338 2303 1490 2372 osephns

128 2393 420 2464 HoletiuaPatarii
431 2396 627 2451 anathematum
640 2396 780 2466 professor
786 2399 877 2466 (natus
886 2399 1030 2451 Messanae
1040 2398 1115 2464 1531,
1125 2397 1246 2450 mortuus
1253 2393 1359 2447 Patavii
1369 2407 1395 2446 a.
1406 2391 1491 2460 1588).

127 2481 223 2538 Edidit
235 2484 452 2540 commentarios
464 2485 492 2538 in
505 2485 699 2554 geographiam
711 2485 862 2540 Ptolemaei
876 2483 1187 2552 (156215555555555
1201 2482 1306 2551 (1561);
1327 2494 1397 2534 auno
1408 2479 1490 2534 1580.
1560 2551 1562 2562 Ι

132 2568 271 2632 ,Tabulas
289 2571 489 2640 (1555555555ιι
515 2572 646 2641 repetitas
671 2587 706 2627 ex
732 2573 901 2643 Prntenicis,
926 2572 955 2626 in
979 2585 1058 2626 usum
1082 2570 1144 2625 novi
1169 2568 1323 2624 calendarii
1350 2565 1491 2622 Pontifieis

130 2659 241 2712 maximi
254 2657 335 2727 jussu
353 2659 541 2726 5555555155,
564 2659 663 2727 quibus
687 2659 811 2729 adjungit
828 2659 1031 2730 propositiones
1049 2657 1182 2727 quasdam
1201 2657 1234 2712 de
1252 2654 1413 2712 calendario
1432 2669 1509 2742 ccr-x

131 2744 254 2810 mendo.

235 2833 402 2902 Tempurnru
415 2833 539 2888 ordinem
552 2839 691 2889 sementes
704 2835 790 2890 virum
804 2835 917 2892 dicimus
931 2851 992 2890 cnm
1010 2835 1039 2890 in
1052 2831 1411 2892 mathematicatheoretica
1430 2837 1489 2886 tum

132 2921 254 2987 practica
277 2921 351 2976 iuter
369 2921 533 2976 celebriores
556 2921 766 2991 5555155555,
786 2921 981 2978 Gunradum
1007 2920 1253 2992 Desypodinm,
1277 2919 1357 2988 cujus
1381 2921 1499 2973 exstant*

134 3008 270 3076 permulta
289 3025 387 3078 opera,
406 3023 477 3078 quae
495 3010 635 3078 pertinent
653 3011 688 3066 55
707 3009 796 3064 omnia
813 3009 872 3065 iere
889 3010 1044 3065 matheseos
1063 3023 1171 3076 genera.
1215 3007 1294 3062 Auno
1310 3005 1378 3062 1567
1390 3005 1491 3074 prodiit

135 3093 333 3162 Gennadium
352 3094 538 3170 (1555511155,
562 3098 735 3169 5551511555,
760 3097 958 3154 5555555155
976 3102 1002 3152 51
1021 3095 1213 3166 Geoprcplta'cc
1238 3106 1335 3161 graece
1359 3099 1387 3146 51
1408 3091 1493 3146 latine

134 3185 331 3254 mscmpturn,
348 3184 378 3238 in
396 3199 476 3239 nsum
501 3183 663 3240 scholarum.
713 3185 790 3254 Opas
808 3185 861 3240 boc
879 3179 1108 3253 quemadmodum
1126 3181 1153 3235 id
1172 3181 1242 3250 agit,
1261 3185 1292 3234 ut
1306 3179 1447 3247 jungenda
1464 3179 1492 3234 in

132 3271 335 3328 mathematicis
354 3271 451 3327 studiis
469 3271 557 3327 latina
575 3278 603 3328 51
620 3287 719 3341 graeca
736 3272 828 3342 lingna
847 3271 995 3341 legentium
1008 3270 1113 3325 animos
1125 3269 1211 3338 magis
1230 3266 1359 3324 incendat
1376 3268 1411 3322 55
1430 3284 1492 3336 cog-

132 3359 287 3416 noscendos
300 3367 407 3415 veteres
420 3359 617 3430 colendamque
628 3360 855 3430 mathematicam,
876 3359 915 3414 515
934 3363 1030 3414 auctor
1047 3357 1109 3412 libri
1126 3357 1198 3412 idem
1216 3355 1349 3424 spectarit
1367 3355 1447 3410 editis
1464 3355 1493 3410 ia

131 3445 291 3503 scholarum
311 3464 390 3503 nsum
408 3447 514 3516 graecis
533 3447 638 3516 aliquot
656 3448 855 3504 mathematicis
874 3446 1056 3517 (Theudosia,
1074 3444 1210 3514 Autolyco
1228 3442 1311 3510 1572,
1334 3443 1492 3497 Ptolemaeo

44 3558 45 3584 1
130 3535 214 3602 15711ς
236 3535 644 3605 55511551557,1564,1566,
667 3537 742 3592 1571.
767 3535 890 3590 Lenicon
908 3533 1129 3589 mathematicum
1149 3532 1322 3588 5515115555
1342 3531 1418 3598 1573,
1437 3547 1492 3600 qno
1594 3593 1600 3608 κ

128 3620 311 3679 definitiones
328 3623 537 3678 mathematicae
556 3629 652 3692 515555
671 3629 699 3679 51
715 3623 812 3692 latine,
838 3639 893 3678 non
912 3622 1008 3678 ordine
1026 3620 1207 3691 alphabetico,
1230 3621 1278 3675 sed
1296 3619 1384 3688 logice
1403 3618 1493 3688 dispo-

127 3709 198 3764 ntae
216 3713 309 3778 sunt).
345 3709 420 3764 ldem
438 3709 526 3764 simile
543 3711 608 3779 qnid
621 3710 772 3780 pandectis,
792 3709 890 3778 quibus
906 3695 1113 3778 iurisconsulti
1130 3715 1257 3776 utuntur,
1276 3723 1346 3778 opus
1359 3705 1492 3774 amplissi-

122 3811 207 3866 mus,
224 3797 303 3866 quod
315 3797 470 3852 universam
483 3796 702 3852 mathematicam
715 3797 948 3867 complecteretur,
968 3796 1180 3851 conscriberem
1193 3795 1311 3851 animum
1328 3793 1490 3854 induxeram

126 3897 199 3949 qnae
217 3883 299 3938 edita
316 3890 388 3951 sunt,
400 3883 539 3952 inscripsit
550 3885 747 3942 institutiones
764 3891 790 3941 ct
808 3885 974 3942 Paadectas.
1011 3883 1226 3951 (Institutionum
1239 3881 1492 3936 Mathematicarnm

127 3969 191 4028 751.
217 3973 244 4028 Ι.
269 3973 441 4029 Erotemata.
470 3973 546 4030 1593.
592 3973 738 4042 Appendix
766 3973 855 4039 1596.)
885 3974 949 4044 lpse
966 3974 1065 4042 refert,
1089 3986 1140 4026 nec
1163 3987 1216 4026 non
1235 3983 1250 4023 e
1267 3963 1407 4037 privilegio
1427 3965 1492 4019 Cae-

124 4073 207 4116 15555
227 4063 343 4132 (Spirae
364 4061 446 4128 1570)
466 4061 565 4124 515551,
584 4061 721 4117 iumenta
739 4061 792 4131 ipsi
810 4059 908 4132 fuisse,
935 4078 1028 4117 omnes
1052 4061 1209 4131 disciplinas
1235 4055 1439 4112 mathematicas
1464 4053 1492 4106 in

124 4165 184 4204 m
202 4165 324 4220 corpore
340 4148 534 4205 mathematico
558 4149 768 4218 comprehensas
787 4146 869 4204 edere
887 4153 915 4202 et
926 4155 1048 4205 veterum
1067 4149 1168 4217 scripta
1185 4137 1376 4200 mathematica
1393 4139 1421 4192 in
1439 4139 1492 4192 hoo

119 4251 213 4305 open
233 4238 320 4292 55155
357 4237 530 4292 Rementem
548 4249 602 4289 nun
619 4233 745 4300 absolvit,
767 4233 844 4298 ,aliis
862 4235 1022 4290 necessariis
1041 4239 1190 4302 occupatus
1208 4231 1337 4299 negotiis,
1356 4224 1492 4282 calamita·

118 4323 206 4382 tibus
226 4341 337 4396 qnoque
355 4325 478 4396 agitatus
496 4337 551 4378 non
569 4323 672 4392 555515,
688 4323 764 4390 justo
784 4321 920 4389 dignoque
937 4322 980 4376 bis
1000 4319 1148 4389 disciplinis
1167 4317 1315 4373 destitutus
1333 4312 1493 4384 patrocinio,

117 4427 259 4470 1555551
271 4416 351 4470 etiam
363 4429 459 4470 rernm
476 4411 611 4467 tenuitate
628 4409 784 4480 impeditus,
805 4409 921 4479 denique
939 4409 1143 4477 ingravescente
1156 4407 1215 4475 J'am
1233 4412 1321 4460 aetate
1339 4400 1413 4458 aolus
1433 4399 1493 4456 abs-

119 4517 182 4568 que
201 4502 440 4572 aliorumopera,
467 4505 546 4554 tanta
563 4503 673 4566 1551555
697 4497 773 4552 varia
791 4505 819 4552 et
835 4496 1004 4565 multiplicia,
1022 4494 1175 4564 laboribus,
1197 4495 1343 4560 sumtibus,
1361 4487 1493 4545 molestiis

119 4588 229 4659 plna,
255 4606 371 4660 congrua
397 4583 584 4644 delineatione
602 4585 638 4639 cb
663 4581 759 4638 oculos
776 4599 887 4652 ponere,
906 4588 970 4651 apto
989 4580 1097 4636 delectu
1115 4581 1274 4646 discernere,
1292 4583 1367 4632 recto
1385 4592 1493 4646 quoque
1531 4572 1537 4591 ‘

119 4675 229 4732 armna
251 4677 400 4749 1115555555,
420 4671 537 4730 undem
558 4670 690 4740 perticere
708 4677 736 4724 ct
754 4669 781 4726 iu
799 4671 887 4726 lucam
904 4667 1043 4737 prolerre:
1066 4669 1102 4724 ob
1125 4679 1222 4722 causas
1244 4671 1414 4720 enumeratas
1437 4677 1493 4719 non

120 4764 236 4831 potui·
265 4767 305 4824 lia
316 4781 390 4838 quae
404 4759 487 4818 libris
506 4773 574 4826 quos
592 4757 718 4826 diximus,
736 4757 782 4826 qni
800 4757 908 4828 quidem
920 4755 1035 4810 solihac
1046 4754 1151 4810 ratione
1163 4749 1309 4819 conscripti
1327 4749 1494 4822 prodierunt,

122 4851 236 4928 ham,
258 4859 376 4915 maxima
395 4869 435 4909 ex
461 4853 540 4920 parta
563 4845 733 4912 definitiones
756 4851 862 4903 tantam
879 4843 1019 4910 exhibent,
1037 4839 1143 4898 5555515
1161 4837 1296 4980 55515451
1313 4852 1384 4908 quae
1401 4838 1495 4896 155551

177 4943 273 5002 nqan
286 4947 366 5004 epm
379 4940 453 4990 vm
1270 4924 1288 4986 0
