3588 5540
855 387 934 446 nuc.
1500 393 1566 470 915

215 560 470 640 Megalburgienm
491 569 523 626 et
544 567 611 626 edm
633 579 670 626 eo
688 563 739 642 jus
761 569 935 644 patronatus
957 563 1126 630 academiae
1146 569 1210 648 iam
1231 571 1402 652 inpropriis
1423 578 1564 654 reputat),

215 667 252 710 ex
271 649 359 727 jussu
380 658 478 714 tamen
501 653 590 712 etiam
613 654 743 712 omnium
766 652 963 732 collegarum,
994 671 1085 716 vocor
1107 655 1145 718 ad
1166 660 1376 736 professionem
1405 662 1488 724 illam
1508 665 1565 726 suh

215 735 319 798 iisdem
343 738 571 814 conditionibus,
595 740 702 816 quibus
724 739 772 802 hic
793 749 955 814 sustentor,
978 761 996 802 a
1018 742 1102 804 Duce
1124 746 1317 822 praestandis.
1364 749 1442 811 llccs
1464 753 1564 830 iuopi-

214 833 316 886 nstnm
338 825 393 886 illi.
439 827 506 888 Hoc
527 830 603 888 enirn
627 829 651 887 si
674 829 859 905 praescisset,
883 827 970 890 credo
992 823 1049 890 hoe
1069 830 1142 893 mibi
1163 833 1253 895 tubas
1276 835 1430 909 diuorum,
1452 841 1565 898 consti-

214 917 305 974 tuisse
327 931 360 975 se
381 918 508 992 patriam
529 914 745 992 periclitantem
768 915 909 998 deserere,
933 916 1096 980 studiorum
1118 919 1218 982 sedem
1240 926 1269 982 tu
1291 925 1446 985 maritimis
1468 943 1564 1003 quae·

214 1019 285 1064 rere.
330 1000 401 1064 Jam
423 1003 481 1065 hcc
503 1001 605 1064 audito
634 1001 770 1064 discessit
791 1003 842 1064 ille
865 1020 884 1063 a
905 1020 967 1078 me,
996 1021 1033 1065 ne
1063 1007 1186 1066 verbum
1214 1008 1331 1086 quidem
1353 1013 1503 1090 proterens
1526 1013 1564 1076 de

213 1089 283 1162 tilis,
300 1088 391 1150 literis
407 1098 505 1152 umen
521 1091 688 1159 subsecutis
704 1089 841 1165 ostendit,
863 1107 896 1152 se
910 1099 1040 1168 perstare
1055 1095 1083 1152 iu
1098 1097 1259 1171 proposito.
1292 1098 1439 1178 Exspecto
1454 1117 1564 1162 novam

214 1176 389 1238 machinam.
434 1167 507 1256 ngo'
521 1180 619 1240 omnia
641 1177 847 1238 liberalissime
870 1186 900 1238 et
921 1181 1017 1240 scribo
1041 1187 1070 1241 ct
1092 1183 1169 1241 isoio
1193 1185 1295 1260 etiam,
1320 1204 1396 1262 quas
1419 1187 1458 1248 ad
1480 1188 1563 1250 lllum

211 1265 375 1343 juvandum
398 1271 552 1343 pertinent,
574 1264 628 1325 sed
649 1268 682 1324 in
698 1265 884 1342 generalibus
899 1284 1014 1341 maneo,
1037 1267 1180 1345 speciales
1203 1271 1267 1347 ans
1291 1275 1564 1338 circumlocutiones

215 1353 367 1413 dissimulo
392 1364 443 1413 sut
465 1353 581 1414 silentio
606 1361 766 1430 praetereo.
803 1351 854 1414 Sic
869 1355 945 1413 euim
969 1362 1015 1416 est
1037 1359 1125 1416 moris
1149 1357 1178 1414 in
1194 1357 1325 1434 Austris,
1347 1368 1380 1421 ui
1401 1371 1486 1439 pater
1508 1381 1563 1424 ex·

213 1443 322 1518 pressis
344 1442 442 1500 verbis
464 1459 515 1517 per
537 1440 660 1501 idoneos
682 1439 815 1500 homines
838 1449 971 1518 rogetur,
1001 1443 1107 1519 quibus
1136 1443 1217 1504 velut
1239 1450 1431 1524 sponsoribus
1452 1453 1562 1528 petitor

213 1535 348 1589 teneatur
369 1529 526 1605 obligatus,
550 1535 583 1588 ut
605 1536 731 1604 nequeat
753 1530 870 1589 actione
892 1538 1029 1590 anaante
1044 1547 1215 1608 responsum
1238 1543 1392 1613 acceptum
1408 1535 1558 1601 dalaima

214 1615 297 1678 Haec
318 1615 461 1676 hactenus
484 1615 520 1676 ds
543 1615 707 1676 Bartschio.
798 1653 806 1668 .

316 1703 508 1765 Rostcchium
532 1702 611 1780 quod
634 1703 748 1777 attinet,
771 1705 827 1764 etsi
850 1705 927 1762 omui
945 1707 1114 1780 exceptione
1128 1705 1224 1784 major
1245 1718 1290 1770 est
1311 1713 1435 1774 nuucim
1453 1713 1560 1776 solun·

213 1794 282 1852 tatis
305 1792 397 1852 Ducis
420 1790 615 1864 Fridlaudiae,
639 1809 694 1868 ego
717 1798 816 1850 menen
838 1792 949 1866 primae
971 1791 1040 1853 huic
1061 1791 1269 1869 significationi
1299 1804 1410 1861 temere
1426 1815 1496 1861 non.
1511 1805 1561 1862 is-

210 1883 288 1940 nitor
309 1887 427 1956 propter
448 1879 509 1940 alia
529 1878 677 1952 mandata,
700 1879 886 1955 paucissimis
901 1886 970 1940 ante
993 1879 1096 1946 diebus
1119 1879 1197 1954 data,
1221 1884 1328 1959 quibus
1350 1904 1434 1950 mora
1448 1886 1560 1966 Sapaui

213 1967 354 2028 contineri
377 1967 501 2027 videtur.
546 1967 665 2032 Interim
689 1973 785 2026 tamen
809 1965 1047 2042 promritudinem
1071 1985 1165 2030 meam
1188 1972 1304 2031 ostendi
1327 1990 1393 2034 cnm
1415 1975 1463 2036 his
1485 1993 1559 2038 aaa·

212 2055 386 2116 ditionibus:
413 2054 444 2134 1)
466 2055 497 2115 Sl
520 2057 655 2132 princeps
678 2054 741 2131 ipse
764 2071 783 2112 a
806 2053 932 2114 Caesam
954 2055 1025 2114 mihi
1048 2058 1165 2116 veniam
1187 2060 1337 2135 impetrat,
1366 2059 1398 2142 2)
1419 2064 1453 2138 si,
1476 2064 1558 2140 quod

210 2151 279 2204 autc
302 2159 410 2203 annum
433 2141 504 2202 mihi
527 2159 562 2202 er
585 2141 693 2200 ducatu
716 2140 971 2218 ldeohelburgcnst
994 2144 1127 2218 promisit
1147 2160 1180 2204 re
1203 2155 1506 2226 repraesentaturum,
1529 2151 1560 2212 id

210 2219 287 2291 nuub
314 2229 466 2290 Rostocbii
494 2234 707 2306 repraesentet,
737 2229 913 2290 solutionem
935 2246 976 2290 sc.
1007 2233 1136 2290 omnium
1163 2237 1401 2310 praeteuslonum
1428 2255 1560 2300 mearum

210 2319 370 2380 aulicarum
393 2316 431 2378 ad
457 2323 495 2376 12
518 2315 611 2376 millia
633 2315 816 2388 florenorum,
839 2322 872 2375 ut
894 2318 920 2376 ei
943 2316 1113 2379 mandatum
1136 2325 1181 2380 est
1203 2337 1222 2380 a
1244 2319 1379 2388 Creme.
1421 2325 1457 2385 In
1472 2309 1560 2389 'huuc
1671 2347 1674 2354 ’

210 2415 350 2467 eventum
372 2407 436 2465 misi
459 2405 559 2464 literas
581 2403 851 2480 plenipotentiarias
870 2403 1040 2466 academiae
1055 2405 1269 2482 Rostoehiensi‚
1294 2418 1325 2470 ut
1340 2413 1365 2470 si
1382 2412 1457 2473 torte
1470 2431 1559 2490 prac-

178 2545 182 2554 .
212 2495 292 2554 dium
314 2494 353 2553 sit
373 2494 517 2566 futurum,
545 2489 575 2550 id
598 2491 749 2552 academia
778 2507 830 2568 per
859 2500 1075 2568 procuratorem
1103 2492 1286 2556 administret
1315 2496 1409 2560 donec
1431 2503 1558 2562 renum.

211 2581 279 2642 Scio
301 2580 521 2640 admirabuntur
542 2577 696 2638 audaciam
718 2577 796 2639 banc
817 2595 913 2638 meam
935 2588 964 2640 et
986 2580 1144 2641 cachinnos
1167 2581 1330 2660 effundens,
1353 2585 1406 2647 sed
1430 2597 1462 2648 nt
1485 2605 1559 2650 con·

211 2667 284 2729 ditio
308 2675 361 2744 est,
385 2671 426 2728 ita
448 2685 514 2728 mea
534 2667 687 2727 consensio
710 2664 884 2743 respondere
907 2665 1018 2726 debuit.
1062 2667 1111 2728 llli
1133 2669 1251 2746 quidem
1274 2688 1321 2732 me
1343 2683 1466 2751 vocant,
1489 2677 1558 2754 pol·

210 2757 335 2818 licentur
356 2773 392 2817 ea
413 2773 449 2815 ex
474 2755 692 2820 continuatione
713 2756 826 2831 gratiae
848 2754 1002 2830 principis,
1034 2772 1110 2832 quae
1132 2771 1209 2818 nuuc
1233 2757 1328 2820 habeo
1350 2759 1471 2838 Sagaui.
1517 2763 1558 2824 Ac

211 2845 262 2906 ubi
285 2860 341 2921 ago
363 2842 555 2903 Rostochium
579 2844 753 2913 transivero,
786 2839 945 2903 Germania
964 2841 1140 2918 migravero.
1185 2843 1326 2923 Princeps
1348 2865 1420 2909 suas
1443 2853 1557 2926 petias

210 2939 389 3010 potestatem
411 2931 541 3004 habebit,
564 2930 680 2988 lortuna
702 2930 852 3006 principis.
898 2926 1047 3005 Quicquid
1068 2937 1183 3007 praeter
1206 2949 1293 3008 quam
1316 2951 1393 2996 nunc
1416 2945 1461 2996 est
1483 2953 1557 3000 ese·

210 3022 300 3092 uerit,
323 3019 438 3095 redigar
460 3035 515 3095 ego
538 3017 576 3078 ad
599 3018 750 3092 angustias
772 3015 873 3079 salarii
895 3017 1109 3092 mathematici,
1139 3020 1241 3095 procul
1264 3037 1314 3081 ero
1336 3023 1375 3082 ab
1399 3023 1478 3085 aula.
1524 3024 1557 3086 st
1651 3025 1655 3033 '

210 3125 267 3184 pax
291 3109 345 3167 erit
367 3106 404 3167 ad
427 3105 496 3165 litus
520 3103 694 3179 baltbicom,
728 3119 846 3164 necesse
872 3111 919 3164 est
940 3103 1053 3166 Ducem
1081 3121 1148 3164 cum
1170 3109 1346 3168 exercitibus
1374 3111 1455 3170 ahira
1484 3111 1556 3174 inde

209 3195 344 3272 lougius,
367 3195 393 3253 si
416 3210 474 3252 uon
498 3195 565 3262 erit,
590 3199 623 3252 ut
644 3191 703 3252 lere
725 3191 862 3250 abnuunt
880 3209 997 3266 omnes,
1021 3191 1136 3252 bostem
1159 3195 1199 3254 ibi
1222 3193 1350 3257 Suecum
1373 3195 1497 3259 habebit
1525 3207 1556 3260 et

209 3282 328 3343 Danum
351 3289 381 3342 et
403 3279 525 3341 classem
549 3279 764 3340 Hellandicam.

317 3367 377 3430 Sed
399 3373 486 3444 satis3
516 3368 553 3427 ad
577 3383 643 3427 mea
664 3367 782 3444 propria
803 3373 942 3428 revertor.
987 3363 1133 3443 Obsecro,
1165 3383 1254 3444 quam
1278 3371 1357 3430 viam
1379 3372 1460 3433 inibo
1484 3391 1557 3434 con·
1654 3375 1660 3389 “

78 3481 80 3487 ·
208 3455 325 3520 liciendi
347 3457 402 3516 bas
424 3455 564 3534 nuptias?
602 3453 659 3530 Qui
681 3454 791 3530 ubique
813 3461 865 3527 est,
888 3455 1022 3531 nuspiam
1047 3461 1100 3528 est,
1122 3465 1200 3516 certe
1223 3455 1301 3516 domi
1324 3475 1383 3519 non
1406 3468 1461 3522 est.
1508 3462 1555 3522 hu

208 3543 298 3606 ullnrn
322 3561 379 3622 epo
401 3544 497 3604 locum
521 3543 647 3619 deligere
670 3548 781 3619 potero,
804 3557 891 3618 quem
913 3541 993 3602 adire
1019 3542 1108 3604 velint
1130 3545 1215 3602 amici
1238 3552 1299 3606 tam
1321 3545 1381 3608 late
1405 3547 1556 3628 dispersi?

210 3631 290 3694 Nihil
314 3633 449 3710 squidem
473 3630 570 3704 uideo,
594 3629 673 3706 quod
695 3631 793 3705 potius
815 3629 931 3702 tactam,
953 3647 1041 3706 quam
1066 3639 1098 3689 ut
1121 3632 1150 3688 tu
1173 3629 1216 3691 Te
1239 3635 1330 3708 patris
1354 3637 1434 3695 vices
1456 3643 1555 3698 tranr-

209 3721 310 3784 leram.
356 3720 402 3780 'lu
425 3719 504 3780 tiliae
526 3735 618 3790 meae,
643 3719 702 3776 imo
725 3724 802 3790 tuac,
825 3717 945 3790 scribes,
969 3725 1002 3775 nt
1023 3717 1166 3794 significet
1190 3720 1251 3792 tihi,
1275 3723 1351 3781 sitne
1367 3724 1553 3800 rerelibe‘ra,

210 3807 318 3872 velitne
341 3809 460 3883 nubere,
484 3809 509 3868 si
526 3807 617 3883 patris
635 3803 771 3864 voluntas
794 3819 851 3862 nen
867 3802 952 3876 desit,
976 3815 1129 3866 censeams
1152 3822 1184 3866 se
1207 3807 1261 3866 tibi
1284 3815 1348 3868 tuto
1365 3808 1453 3872 hdere
1469 3827 1556 3887 posse

209 3899 326 3974 tuisque
349 3895 453 3970 oculis,
475 3897 500 3954 si
523 3901 556 3954 tu
578 3891 620 3952 illi
643 3907 783 3968 sponsum
806 3888 959 3969 delegeris,
982 3909 1069 3968 quem
1091 3900 1209 3969 propter
1230 3893 1423 3973 longinquam
1444 3893 1555 3958 absen-

209 3985 279 4043 tiam
303 4001 401 4045 eoram
424 3985 528 4043 sistere
550 3998 607 4041 non
631 3979 738 4058 possis,
761 3995 828 4038 nanu
851 3996 930 4038 ame
953 3987 1035 4055 patre
1060 3981 1139 4041 vices
1161 3997 1244 4042 meas
1266 3984 1296 4042 iu
1320 3991 1348 4044 te
1370 4001 1435 4046 esse
1458 3990 1555 4046 haus·
1638 4023 1645 4042 ,

206 4068 293 4132 latas.
341 4071 387 4131 Ad
409 4079 438 4131 te
461 4071 549 4146 igitur
571 4075 712 4143 tauquam
728 4065 768 4126 ad
791 4067 940 4126 conscium
962 4083 1057 4126 rarum
1079 4071 1308 4130 oecemariarum
1332 4087 1387 4147 ego
1410 4074 1555 4132 remittam

208 4161 394 4243 petitionem,
425 4156 543 4233 siquid
575 4154 703 4215 ucodum
730 4155 796 4214 risa
818 4152 870 4212 illa
895 4153 1011 4230 petierit
1039 4157 1178 4232 apertius.
1223 4155 1269 4217 Τιι
1292 4157 1334 4216 illi
1356 4158 1490 4234 addices,
1521 4168 1554 4220 tu

207 4245 304 4306 locum
329 4247 439 4322 nuptiis
461 4243 588 4322 deligas,
617 4251 649 4304 tu
672 4257 738 4302 meo
760 4241 826 4300 loco
853 4257 992 4318 praesens
1019 4240 1129 4318 aderis,
1153 4245 1216 4304 sive
1238 4245 1358 4306 Durlaoi
1388 4245 1554 4308 consultum

206 4335 447 4412 principibusque
470 4349 528 4392 non
543 4330 700 4391 adversum
715 4330 871 4402 inveneris,
894 4331 957 4388 sive
974 4328 1153 4406 heobcrgae,
1177 4331 1261 4406 cujus
1284 4333 1383 4409 oppidi
1399 4335 1474 4393 ciris
1489 4351 1554 4394 sum

206 4427 237 4482 ct
264 4421 344 4498 quod
374 4418 618 4482 circumhabitant
647 4419 765 4493 cognati
794 4416 851 4476 mei
878 4432 987 4492 magno
1016 4434 1152 4490 numero,
1181 4417 1312 4496 plerique
1341 4421 1460 4496 inopes,
1489 4423 1554 4484 stra

207 4507 333 4585 deniqne
359 4507 548 4586 Argentinae.
572 4504 716 4582 siquidem
739 4502 809 4563 hnic
830 4501 896 4564 loco
919 4504 971 4564 lux
984 4503 1084 4580 aliqua
1098 4501 1238 4580 affulgeat
1253 4523 1271 4564 a
1285 4507 1475 4581 professionis
1489 4525 1553 4586 spe.

206 4593 253 4655 Τιι
275 4613 394 4657 uxorem
424 4601 503 4653 tuam
526 4591 686 4652 Durlacnm
716 4592 813 4650 mittes
841 4592 998 4651 comitante
1020 4593 1146 4670 patrima
1173 4607 1253 4665 mea,
1281 4591 1320 4655 D.
1343 4592 1553 4660 llartreucberl

104 4715 109 4724 ·
208 4699 309 4758 uxore,
339 4689 498 4742 avocatum
520 4688 549 4741 et
580 4678 755 4740 conductum
782 4675 872 4736 liliam
902 4695 1005 4740 meam.
1050 4678 1095 4739 Τιι
1123 4681 1237 4738 sumtus
1265 4676 1369 4752 iacies,
1400 4699 1474 4759 qnos
1497 4701 1554 4762 ego
1630 4734 1635 4747 .

207 4772 260 4832 tihi
283 4769 484 4844 Franoolurto,
507 4767 618 4844 Lipsia,
642 4763 832 4842 Gampeduno
847 4759 907 4848 (his
923 4766 999 4828 enim
1021 4765 1094 4826 loeis
1118 4764 1212 4824 habeo
1235 4763 1385 4842 depositus
1400 4766 1555 4856 pecunias)

207 4859 375 4922 submittam
398 4863 451 4920 ant
465 4857 624 4918 restituam.
656 4853 772 4931 Nuptiis
793 4855 919 4929 peractis
942 4851 1043 4914 videat
1063 4867 1159 4912 novus
1182 4849 1312 4929 maritus,
1335 4871 1395 4931 qua
1417 4859 1553 4922 itincmm

1289 4951 1346 5010 59*
