3662 5544
249 415 315 487 798
772 412 837 470 Vita
853 412 969 470 Joannis
986 411 1107 484 Kepleri.

251 592 352 650 stantia
369 591 453 646 animi
469 589 639 660 dubitarem,
657 589 721 644 novi
739 589 810 645 enim
827 589 979 659 ingenium,
1004 589 1093 658 pietus
1111 585 1210 642 eximia
1232 584 1299 640 mibi
1322 591 1371 642 tna
1393 589 1436 642 est
1452 593 1607 656 perspecta.

251 679 323 736 Cura
340 678 422 748 igitur
439 676 475 732 mi
493 675 612 746 Keplere
630 683 674 745 ut,
693 677 842 735 liberorum
861 682 889 732 et
906 678 946 732 rei
962 676 1102 734 familiaris
1123 675 1272 731 constituta
1290 689 1368 746 eura,
1392 689 1473 744 quam
1491 676 1607 744 primum

251 767 285 823 ad
304 782 354 822 uos
373 765 469 822 redeas
488 771 516 822 et
534 765 685 822 incolumis.

354 855 411 910 Nos
429 855 543 910 militem
561 843 684 910 nocuum
707 860 763 908 tam
783 853 903 922 equitum
928 867 961 907 ac
978 851 1102 922 peditum
1121 851 1271 908 dimisimus
1289 867 1378 921 usque
1396 853 1431 908 ad
1449 853 1512 916 300,
1537 851 1608 906 idem

252 951 279 1000 et
297 945 425 1000 Mortuos
443 943 542 1000 iecisse
560 942 692 1012 intelligo.
729 941 810 996 Faxit
827 941 910 1008 Deus,
930 945 961 994 ut
979 938 1051 994 inter
1070 941 1213 995 Caesarem
1231 945 1258 993 et
1276 940 1379 1008 Regem
1397 945 1527 1008 nostrum,
1547 939 1610 994 sub—

250 1032 314 1088 latis
331 1031 460 1087 fraternis
479 1031 562 1098 odiis,
586 1045 641 1100 pax
660 1030 775 1086 sincera
783 1035 811 1082 et
829 1027 921 1097 firma,
940 1026 974 1080 de
992 1041 1047 1096 qua
1063 1027 1108 1081 hic
1126 1028 1362 1093 obmurmuratur,
1381 1027 1564 1082 constituatur
1582 1033 1610 1082 et

249 1118 372 1174 firmetur
396 1119 431 1174 ad
449 1117 573 1174 Nominis
595 1117 685 1172 Dirini
710 1116 824 1186 gloriam
849 1125 878 1172 et
905 1116 1050 1172 Christiani
1074 1116 1146 1172 orbis
1170 1114 1329 1185 utilitatem,
1354 1116 1428 1184 quod
1450 1115 1609 1172 ardentibus

250 1207 377 1276 precibus
396 1221 412 1260 a
430 1207 489 1262 Deo
509 1205 736 1262 contendendum.
772 1205 900 1260 Fratrem
915 1201 1081 1259 Richardum
1101 1204 1135 1259 ad
1153 1203 1358 1260 Mttlhusiauum
1371 1204 1528 1259 Electorum
1547 1219 1610 1258 con·
1676 1201 1685 1218 ⁸

251 1301 362 1348 ventum
380 1295 485 1365 aRege
503 1295 624 1362 ablegari
643 1294 761 1364 noveris,
780 1310 841 1348 eum
859 1295 887 1348 in
905 1293 970 1348 arula
982 1309 1055 1348 nuuc
1068 1295 1171 1361 Progne
1184 1293 1267 1361 Regis
1287 1300 1475 1348 commoretur.
1506 1293 1610 1346 Vereor

251 1397 286 1436 ne
305 1382 441 1437 Electoris
462 1382 597 1438 Saxoniae
616 1382 707 1438 obitus
724 1397 827 1437 moram
846 1381 983 1450 quandam
1002 1381 1119 1449 negotiis
1137 1381 1254 1449 publicis
1272 1381 1386 1450 injiciat.
1420 1381 1544 1435 Fratrem
1563 1381 1610 1435 Jo-

252 1469 369 1526 baunem
390 1469 533 1538 Georgium
552 1477 709 1524 venatorem
727 1469 861 1525 hactenus
874 1477 1014 1525 strenuum
1029 1469 1260 1542 egisse‘jcomperi3
1280 1469 1400 1524 inueniet
1417 1468 1609 1538 proculdubio

160 1583 167 1596 ·
252 1557 279 1612 in
298 1572 368 1612 noro
392 1555 521 1624 regimine
546 1557 690 1612 uenatione
713 1556 806 1627 digna.
842 1559 904 1614 Non
924 1557 1005 1613 datur
1023 1558 1130 1613 occasio
1149 1557 1229 1626 plura
1249 1575 1321 1614 suno
1340 1553 1489 1627 scribendi,
1514 1555 1609 1611 differo

252 1653 344 1700 cetera
362 1645 397 1700 ad
411 1644 472 1698 alia.
498 1645 609 1700 Interim
627 1653 655 1699 te
674 1643 779 1700 salvere
792 1653 820 1700 et
832 1647 922 1700 ualere
932 1645 1024 1714 jubeo.
1051 1645 1195 1702 Dabuntur
1207 1646 1295 1701 Lincii
1308 1645 1334 1700 d.
1348 1645 1391 1703 20.
1405 1645 1470 1700 Julii
1483 1647 1561 1700 ltili.
1576 1673 1609 1684 —

356 1731 493 1800 Keplerua
512 1731 584 1786 sicut
600 1732 737 1801 prioribus
758 1733 836 1788 annis
855 1733 1017 1801 aFabricio,
1038 1733 1076 1788 sic
1091 1733 1147 1800 jem
1161 1749 1177 1786 a
1189 1732 1361 1786 Vickenio
1379 1731 1414 1786 ad
1433 1730 1609 1799 astrologiam

253 1819 389 1876 continuis
413 1819 618 1886 quaestionibus
643 1826 787 1876 reooratus
805 1829 858 1877 est.
896 1822 1017 1878 Exstant
1040 1821 1172 1891 epistolae
1192 1820 1317 1876 Viclrenii
1340 1827 1368 1876 et
1385 1835 1518 1890 responsa
1536 1819 1610 1889 Kep-

252 1897 303 1963 leri
320 1907 374 1963 sol.
392 1907 414 1960 I.
433 1912 542 1962 nostrae
561 1907 697 1963 editionis.
738 1908 770 1962 ln
793 1907 922 1980 epistola,
943 1925 1023 1978 quam
1041 1925 1124 1978 supra
1143 1909 1238 1978 paucis
1258 1907 1390 1972 diximus,
1414 1908 1549 1976 lleplerua
1570 1907 1610 1960 in·

252 1997 347 2052 tensus
365 1994 466 2050 refutat
483 1995 705 2064 superstitionem
722 1997 855 2053 Viclrenii.
886 1997 1016 2067 Explicat
1033 1999 1167 2053 rationem
1187 1995 1352 2064 ,dirigendi‘
1372 1995 1505 2050 variorum
1525 2003 1611 2050 astro·

251 2084 377 2155 logorum
398 2098 529 2153 suamque
551 2083 637 2152 ipsius
662 2085 795 2140 rationem
815 2086 943 2154 proponit
965 2085 1080 2141 addens:
1111 2090 1214 2151 „totum
1233 2085 1361 2140 domuum
1388 2083 1526 2160 negotium
1547 2098 1610 2136 cou-

251 2177 370 2228 temno¹‘.
406 2172 623 2240 Responsionem
641 2172 753 2241 Kepleri
771 2173 918 2227 Viclreuius
936 2187 965 2228 re
984 2189 1049 2228 vera
1067 2174 1189 2236 extorsit,
1208 2179 1326 2242 quatuor
1345 2172 1468 2242 epistolis
1487 2171 1563 2226 brevi
1580 2185 1611 2226 se

199 2287 203 2292 ·
252 2261 367 2317 invicem
391 2261 545 2316 subsecutis
568 2261 667 2315 iterum
691 2260 843 2328 iterumque
860 2269 976 2330 petens,
1003 2269 1033 2314 ut
1055 2261 1089 2316 ad
1108 2262 1295 2330 quaestionem
1323 2259 1357 2314 de
1375 2275 1470 2314 novem
1488 2258 1563 2312 horis
1583 2265 1611 2312 et

253 2349 342 2418 genio,
363 2348 414 2414 „de
426 2363 481 2416 qua
492 2349 593 2404 multos
607 2349 779 2404 doctissimos
797 2347 870 2402 viros
890 2347 1040 2419 cousului‘,
1059 2333 1221 2419 responsum
1240 2349 1366 2418 accipiat.
1391 2350 1422 2403 In
1440 2347 1526 2402 literis
1545 2347 1569 2402 d.
1583 2346 1610 2402 d.

254 2441 279 2494 o.
297 2437 365 2492 Julii
383 2437 520 2506 excerpsit
537 2445 643 2506 partem
661 2437 799 2490 literarum
819 2435 968 2490 Simonis
986 2437 1097 2504 Marii,
1117 2435 1150 2491 de
1168 2438 1269 2492 tabulis
1289 2437 1353 2507 suis,
1374 2443 1454 2502 ,ente
1473 2437 1506 2489 12
1524 2451 1611 2490 anuos

254 2524 358 2596 publici
371 2525 442 2594 juris
461 2515 554 2578 factis¹⁴
574 2524 658 2578 verba
675 2522 809 2592 facientis,
830 2522 864 2577 da
883 2521 988 2577 edendo
1008 2507 1125 2578 E'uolide
1143 2529 1193 2580 etc.
1214 2524 1331 2578 Tentare
1349 2540 1392 2592 se,
1411 2523 1486 2578 addit
1499 2523 1611 2591 illarius,

255 2613 329 2669 aliud
348 2629 426 2682 opus,
444 2612 473 2666 in
491 2627 545 2679 quo
566 2610 782 2666 immobilitatem
795 2611 896 2666 Terrae
909 2617 1023 2674 asserat,
1044 2613 1172 2666 assumtis
1189 2613 1354 2680 argumentis
1368 2627 1402 2665 ex
1414 2611 1441 2666 S.
1453 2610 1611 2679 Scriptura;

255 2701 391 2756 Venerem
417 2699 483 2764 dicit
501 2715 518 2754 a
536 2713 565 2753 se
584 2707 760 2767 conspectam
787 2713 847 2752 ease
869 2698 1065 2753 corniculatam
1084 2707 1136 2754 etc.
1174 2700 1249 2754 Haec
1268 2699 1347 2753 Marii
1369 2698 1451 2753 verba
1475 2696 1613 2766 Keplerus
1650 2712 1655 2720 ·

256 2787 420 2858 praelationi
438 2786 473 2842 ad
484 2786 650 2857 Dioptra'cca
661 2786 775 2840 inseruit
791 2787 917 2856 notisque
936 2787 1083 2843 illustravit
1095 2788 1139 2856 (ΙΙ.
1155 2788 1224 2858 469),
1242 2787 1373 2843 Viclrenio
1386 2793 1476 2841 autem
1489 2785 1612 2855 scripsit:

257 2873 304 2932 De
326 2872 414 2930 Marii
436 2871 545 2930 tabulis
568 2869 732 2947 disceptare
755 2869 878 2929 ulterius
902 2873 1018 2931 animus
1040 2872 1110 2930 mibi
1133 2889 1192 2931 non
1216 2881 1269 2932 est.
1307 2871 1421 2931 Sufficit
1443 2869 1508 2944 hoc,
1533 2868 1622 2945 quod'

259 2959 328 3032 diui,
351 2957 552 3018 incommodas
577 2975 640 3017 esse
665 2975 737 3031 usa,
767 2957 846 3032 quod
876 2958 962 3018 rideo
986 2967 1135 3020 auctorem
1158 2960 1241 3019 lateri
1245 3002 1375 3019 ......
1421 2958 1560 3034 Sequitur
1583 2959 1612 3014 iu

257 3048 353 3107 Mario
377 3051 465 3106 auxia
488 3047 667 3122 comparatio
691 3062 802 3117 eorum,
826 3063 903 3121 quae
926 3049 989 3122 ipso
1012 3049 1122 3122 primus
1138 3052 1320 3124 computavit
1342 3055 1371 3107 et
1393 3047 1615 3119 demonstravit,

257 3153 322 3196 cum
345 3137 390 3204 iis,
414 3131 490 3212 q‘uae
513 3151 559 3194 me
581 3134 717 3209 agnoscit
737 3131 899 3192 reddidisse
923 3134 1132 3213 commodiora,
1156 3139 1201 3193 cui
1226 3137 1414 3212 subjungitur
1437 3134 1614 3211 deprecatio,

171 3247 175 3259 ¹
257 3241 293 3284 ne
317 3223 501 3284 inhumanius
525 3225 622 3297 ipsum
646 3219 777 3281 tractem:
821 3219 885 3280 Nisi
909 3221 1003 3294 iallor,
1030 3231 1064 3294 tu,
1084 3223 1124 3280 illi
1149 3225 1309 3300 scripsisti,
1334 3241 1380 3283 ms
1402 3221 1536 3299 publicas
1558 3219 1615 3280 ad-

257 3330 359 3373 versus
384 3313 478 3387 ipsum
501 3311 666 3385 suscepisse
688 3309 856 3368 iuimicitias
878 3309 1014 3386 adeoque
1033 3309 1095 3385 jam
1119 3310 1265 3384 hostilem,
1289 3313 1313 3370 si
1337 3311 1402 3370 Deo
1424 3309 1530 3387 placet,
1555 3309 1615 3370 lih-

174 3403 177 3408 '
254 3417 323 3460 rum
349 3399 419 3458 mihi
449 3399 504 3458 sub
534 3397 669 3456 manibus
699 3413 774 3456 esse.
810 3397 860 3459 *At
883 3399 925 3456 ita
946 3399 1018 3455 mibi
1043 3400 1120 3458 bona
1142 3415 1224 3458 mens
1247 3401 1361 3472 faveat,
1392 3400 1435 3456 uti
1458 3413 1512 3474 ego
1536 3413 1614 3456 nun·

260 3505 349 3565 quam
378 3489 407 3544 iu
436 3486 481 3545 his
512 3487 623 3560 spinis,
655 3483 761 3544 redum
792 3485 821 3542 iu
846 3485 1108 3544 emendatiunculis
1140 3485 1231 3548 ullam
1256 3487 1367 3563 gloriae
1391 3503 1472 3563 spem
1495 3501 1612 3562 ponam,

260 3593 333 3652 quas
357 3574 416 3634 illis
438 3575 468 3631 iu
492 3571 603 3631 chartis.
622 3578 658 3646 (in
676 3577 763 3632 literis
782 3575 938 3647 deperditis,
958 3577 983 3631 d.
1003 3581 1045 3634 17.
1065 3577 1133 3646 Maji
1152 3578 1232 3646 datis)
1260 3591 1409 3650 nunquam
1441 3575 1613 3649 attigissem,

260 3667 286 3724 si
309 3665 421 3738 absque
445 3655 685 3736 tuaimportuna
707 3662 849 3738 petitione
872 3663 982 3725 luisset.
1028 3665 1122 3722 Amici
1146 3663 1301 3734 charitate,
1331 3679 1388 3722 nou
1420 3677 1485 3719 meo
1508 3660 1613 3733 lubitu,

261 3755 383 3828 scriptas
405 3751 587 3823 meminerim
612 3766 734 3826 propere
748 3751 845 3824 ‘igitur
868 3760 1049 3810 transeamus
1073 3751 1110 3809 ad
1134 3753 1203 3812 alia.
1233 3750 1345 3810 Marius
1362 3747 1512 3808 Euclidem
1530 3746 1615 3806 docet

260 3841 425 3916 germanice
448 3836 538 3915 loqui.
584 3835 664 3896 Nihil
687 3855 737 3914 per
759 3837 813 3896 bas
837 3840 937 3898 turbae
960 3837 998 3897 ad
1020 3855 1073 3898 nos
1097 3839 1284 3914 importatum
1314 3855 1449 3913 euperem
1473 3837 1614 3911 inspicere

260 3929 376 4000 librum,
398 3928 424 3984 ai
448 3923 519 4002 quid
542 3927 572 3982 iu
596 3927 728 3984 versione
750 3921 935 4002 Xylandrica
957 3926 1007 4002 (au
1024 3924 1243 4006 Dryaudrluai)
1266 3935 1415 4010 mutatum¹
1433 3925 1479 3982 sit.
1513 3922 1616 3981 Exstat

262 4025 290 4077 et
314 4013 470 4086 Subebelii,
494 4015 525 4071 ni
546 4012 641 4087 lailot,
665 4015 760 4072 versio
784 4015 871 4072 trium
894 4014 1034 4072 librorum
1050 4014 1118 4087 Vll,
1143 4014 1226 4088 Vlll,
1243 4013 1299 4072 lX.
1332 4013 1395 4088 Ego
1420 4012 1507 4069 animi
1524 4027 1615 4070 cauea

261 4109 291 4164 in
314 4103 420 4163 iisdem
443 4103 519 4162 curis
543 4117 657 4175 versor,
686 4099 738 4160 sed
760 4103 931 4176 potissimus
955 4102 1026 4160 mihi
1049 4117 1172 4178 scopus,
1196 4104 1364 4161 uttermiui
1389 4102 1476 4159 etium
1500 4117 1616 4174 germa-

211 4206 218 4226 i
260 4185 319 4252 aiei
341 4193 408 4250 aiut.
454 4188 549 4249 Pudet
570 4188 728 4265 parallelas
749 4193 916 4264 germanice
940 4206 997 4248 nou
1020 4188 1105 4249 aliter
1127 4189 1185 4249 diei
1207 4205 1309 4268 posse,
1341 4205 1429 4264 quam
1452 4186 1615 4264 parallelas.

261 4280 319 4340 Hic
342 4297 411 4340 vero
435 4280 581 4338 communi
604 4295 672 4337 eura
696 4293 769 4352 opus
793 4285 882 4349 esset,
914 4286 947 4335 ut
974 4279 1089 4335 termini
1117 4281 1271 4337 transirent
1293 4279 1322 4334 in
1346 4293 1430 4335 usum
1456 4274 1614 4350 publicum,

262 4385 357 4444 neque
379 4367 464 4426 aliter
487 4365 534 4424 hio
557 4365 736 4442 loqueretur,
765 4363 850 4423 aliter
872 4365 930 4426 ille.
974 4365 1011 4424 lit
1033 4372 1105 4441 puto
1128 4383 1174 4424 me
1197 4368 1225 4423 iu
1250 4365 1292 4423 X.
1323 4365 1396 4423 libro
1426 4362 1535 4438 aliquid
1569 4361 1616 4420 bic

262 4456 430 4532 proiecisse.
477 4451 585 4512 Eadem
609 4455 685 4512 euim
705 4451 782 4527 jure,
806 4469 866 4527 quo
889 4451 1026 4512 Euclides
1050 4455 1077 4511 iu
1101 4469 1207 4531 graeca
1235 4451 1335 4529 lingua
1365 4469 1444 4511 nova
1467 4451 1644 4510 constituit·

264 4543 554 4614 uominaconstitui
577 4557 632 4616 ego
656 4542 685 4596 in
708 4540 876 4602 vernacula.

366 4643 437 4697 Hinc
454 4641 553 4696 transit
565 4639 700 4710 Keplerus
718 4637 758 4692 ad
774 4655 859 4708 ,opus
872 4639 954 4708 aliud,
974 4641 1047 4708 quod
1059 4641 1147 4696 Mario
1165 4640 1216 4695 sub
1233 4639 1359 4695 manibus
1378 4639 1455 4693 esse“
1477 4635 1617 4706 audiverit,

264 4728 374 4797 suadet,
398 4736 430 4784 ut
452 4729 556 4784 Marius
582 4727 633 4784 sibi
656 4735 752 4782 caveat
778 4743 810 4793 ,a
833 4727 1050 4796 personalibus“.
1085 4729 1248 4797 Plerosque,
1271 4725 1378 4796 pergit,
1404 4725 1616 4787 mathematicos,

264 4817 456 4889 philosophos,
480 4817 617 4888 medicos,
639 4832 694 4872 nou
716 4831 819 4885 paucos
839 4817 1044 4886 Jureconsultos
1070 4825 1097 4873 et
1119 4819 1263 4888 theologos
1289 4815 1395 4886 aliquos
1416 4815 1494 4882 ,huic
1512 4813 1618 4869 haeresi

265 4903 424 4984 mobilitatis
442 4907 544 4966 Tarae
561 4919 623 4964 etet
640 4905 780 4964 addictos*
801 4911 853 4963 tto.
891 4909 951 4974 (cu.
971 4913 1021 4964 rol.
1040 4911 1073 4964 Π.
1091 4925 1118 4976 p.
1137 4910 1196 4962 tlt·
1208 4925 1229 4962 s.
1254 4909 1299 4960 ubl
1317 4911 1393 4959 edam
1411 4911 1493 4959 exstat
1510 4907 1618 4973 epistola
