3612 5538
306 395 371 488 962
817 399 882 466 arar
898 399 1015 470 loannis
1033 399 1153 482 beelei.

307 608 344 652 ex
367 589 438 654 urba
458 589 558 650 nuncii
580 589 609 648 iu
633 589 695 653 dies
718 589 801 680 allati
824 597 892 652 sant
913 592 1088 668 iniquiores,
1111 593 1154 652 its
1176 596 1208 650 ut
1228 588 1349 668 Keplcri
1371 594 1401 648 et
1423 605 1495 650 uxor
1516 594 1546 650 st
1567 587 1654 648 amici

305 677 448 755 Styriaci,
472 677 552 754 apud
575 676 746 754 Tychonem
769 695 836 738 eum
859 681 969 755 optime
991 697 1022 741 ss
1044 678 1153 740 habere
1174 681 1243 752 rati,
1266 677 1384 738 minime
1408 675 1473 736 iada
1495 675 1655 736 rediturum

305 782 370 826 esse
394 763 561 839 crederent,
584 775 614 824 et
636 765 799 843 Tubingac,
824 767 874 826 ubi
898 784 1003 826 munus
1026 783 1058 828 ss
1082 775 1234 826 nacturum
1256 783 1320 827 esse
1342 765 1480 842 sperarit,
1503 781 1571 839 spes
1594 771 1656 824 erat

303 853 395 914 nulla.
442 851 539 928 Quum
563 861 663 914 auteur
686 855 741 914 riri
764 861 794 914 et
816 871 922 931 corpas
945 862 975 915 at
997 857 1112 914 animus
1134 855 1236 914 morbs
1264 855 1348 928 gravi
1372 861 1400 912 et
1422 851 1558 912 diuturno
1582 867 1656 910 enn-

303 940 369 1001 dem
392 957 507 1017 semper
530 943 559 998 in
582 939 702 1000 modum
724 949 901 1002 vexarentur
923 949 953 1002 st
974 941 1187 1020 affligerentur,
1219 941 1289 1018 quid
1312 941 1431 1014 mirum,
1462 941 1487 1000 si
1510 937 1657 1016 Keplerus

301 1031 447 1104 patienter
475 1029 563 1090 cessit
585 1038 615 1088 et
637 1028 786 1106 Tyclronis
817 1031 889 1090 iranr
918 1029 971 1090 tali
998 1031 1111 1090 ratione
1140 1029 1258 1107 placare
1288 1027 1416 1102 studuit,
1451 1025 1546 1102 qualis
1576 1023 1657 1084 illius

302 1117 441 1187 moribus,
468 1132 542 1191 quos
566 1115 812 1177 certotessauus
836 1117 910 1178 bene
925 1121 1084 1193 perspexit,
1108 1119 1233 1176 maxime
1256 1109 1477 1182 accommodata
1491 1131 1557 1174 ease
1573 1111 1658 1172 ride-

304 1206 397 1274 batur.
442 1203 601 1280 Keplerum
625 1211 724 1264 uatem
746 1204 879 1281 postlrac,
903 1204 972 1264 dnm
996 1203 1090 1265 Gratii
1114 1221 1165 1281 per
1187 1204 1368 1281 aliquantum
1391 1204 1545 1278 temporis,
1568 1201 1658 1262 rebus

301 1293 363 1351 suis
387 1290 555 1353 domesticis
578 1300 793 1368 prospecturus,
816 1294 963 1366 manebat,
988 1293 1017 1352 in
1038 1291 1209 1370 'l'ycbonem
1231 1295 1303 1352 lrsm
1325 1299 1355 1352 et
1376 1289 1559 1350 stomachum
1581 1305 1658 1348 ero·

252 1455 255 1462 A
302 1381 424 1452 matesc,
447 1396 506 1438 non
522 1381 642 1438 rurinima
664 1395 754 1440 caasa
777 1397 841 1440 esse
864 1377 980 1440 videtur
994 1381 1087 1440 morbi
1109 1381 1286 1458 pertinacis,
1310 1395 1368 1456 qao
1382 1378 1524 1439 liberatus
1540 1375 1658 1438 demam

302 1473 347 1528 eat
369 1465 515 1542 Keplerus
534 1467 596 1542 jam
620 1469 693 1526 satis
716 1467 766 1526 din
790 1465 894 1527 Gratia
917 1477 1127 1530 commoratus.

407 1552 528 1614 Praeter
551 1554 604 1612 hus
628 1553 701 1613 duas
724 1553 882 1626 molestias,
907 1571 981 1632 quas
1005 1555 1091 1615 modo
1115 1555 1249 1626 diximus,
1273 1571 1308 1614 er
1325 1552 1447 1630 Kepleri
1462 1559 1492 1638 pt
1506 1550 1657 1630 Typhonis

302 1640 435 1717 epistolis
459 1640 495 1700 dc
518 1641 584 1700 aliis
608 1639 841 1702 dissensionibus
864 1652 916 1702 aut
939 1643 1148 1704 offensionibus
1170 1661 1207 1703 ae
1229 1644 1380 1702 minimam
1409 1640 1527 1717 quidem
1549 1639 1658 1716 conjici

300 1731 424 1806 poterit,
453 1730 542 1788 immo
561 1744 636 1788 *vero
661 1729 743 1788 brevi
766 1731 1019 1790 commodissimus
1041 1733 1115 1792 inter
1146 1729 1213 1790 iilos
1241 1747 1312 1790 usus
1336 1743 1365 1788 et
1387 1729 1539 1788 convictus
1566 1730 1659 1787 inter·

300 1818 392 1876 luisse
416 1814 545 1888 videtur,
579 1833 645 1876 cum
668 1825 698 1876 et
719 1817 864 1894 Keplerus
887 1819 974 1895 plane
998 1821 1110 1894 integer
1134 1835 1234 1878 omnes
1257 1820 1334 1878 vires
1357 1819 1386 1875 in
1409 1818 1535 1892 negotiis
1558 1821 1658 1875 asmo·

300 1905 423 1963 neminis
446 1904 503 1962 sibi
526 1903 674 1962 mandatis
697 1915 896 1978 consumeret,
929 1908 1044 1966 omissis
1067 1925 1086 1966 a
1108 1904 1249 1982 Tycbone
1281 1903 1361 1964 baad
1391 1902 1477 1964 dubie
1507 1901 1656 1962 mandatis

303 1991 497 2066 iniquioribus
521 2000 550 2050 st
574 1993 636 2050 viro
660 1991 796 2068 indignis,
821 1995 862 2052 ita
885 2002 918 2051 nt
940 1993 982 2052 illi
1005 1993 1043 2052 ad
1065 1995 1182 2069 propria
1204 2009 1260 2052 sua
1281 1991 1463 2052 studiasatis
1486 1997 1565 2050 emet
1581 1999 1658 2050 tem·

303 2081 383 2154 poris
405 2083 435 2136 et
456 2079 518 2150 atii,
542 2085 572 2138 et
593 2078 705 2155 Tycha,
730 2082 780 2154 qui
804 2082 834 2138 ia
858 2079 920 2140 dics
943 2081 1051 2141 clarius
1072 2083 1264 2156 perspiceret,
1288 2082 1391 2156 quanti
1413 2077 1542 2156 Keplcri
1557 2085 1587 2137 et
1609 2080 1658 2136 iu·

301 2167 420 2240 genium
443 2173 473 2224 et
495 2163 638 2226 industria
661 2165 808 2227 indelessa
831 2176 928 2227 essent
950 2166 1147 2238 aestimanda,
1171 2175 1281 2244 quanto
1304 2171 1466 2242 praestaret
1489 2165 1539 2226 ille
1562 2167 1659 2225 omni-

301 2253 356 2312 bus
380 2269 456 2329 quos
478 2251 516 2312 ed
538 2251 569 2311 id
585 2262 700 2330 ternpus
716 2249 1013 2328 babuerit'ministria
1038 2254 1192 2330 diligenter
1215 2271 1314 2314 omnes
1337 2253 1513 2314 offensiones
1535 2253 1657 2328 fugeret,

301 2355 377 2416 quac
400 2338 628 2400 familiaritatem
657 2350 687 2402 ct
709 2344 868 2402 amicitiam
900 2344 1015 2403 turbare
1045 2349 1175 2420 possent.
1222 2340 1316 2416 Quale
1347 2350 1445 2402 autern
1478 2343 1551 2400 inter
1580 2343 1658 2399 viros

300 2429 387 2488 inerit
402 2429 623 2500 commercium,
648 2427 792 2505 Keplerus
807 2431 879 2490 satis
896 2430 1022 2492 dilucide
1038 2431 1135 2490 verbis
1151 2427 1334 2507 explanarit,
1356 2445 1433 2505 qaae
1455 2429 1659 2506 praemisimus

300 2532 329 2591 p.
357 2519 429 2586 rra,
454 2520 526 2587 aas,
552 2521 624 2576 att.

405 2601 461 2662 Per
483 2602 654 2680 'lycbonem
680 2611 709 2668 et
731 2603 841 2668 amicos
860 2602 923 2680 jam
946 2611 1035 2674 antea
1057 2612 1167 2680 partos,
1192 2605 1322 2682 inprimis
1345 2603 1492 2662 Batonem
1515 2599 1552 2664 de
1570 2601 1658 2662 tiod-

300 2705 399 2760 mann,
420 2688 567 2766 Keplertrs
590 2697 620 2750 et
642 2689 800 2767 Radolplro
825 2693 991 2768 imperatori
1015 2691 1234 2752 commendatus
1265 2699 1327 2764 est,
1359 2691 1443 2766 cnjus
1472 2692 1597 2766 gratiam
1629 2699 1658 2749 et
1708 2716 1712 2722 ·

299 2777 431 2838 savorem
455 2795 524 2836 mox
546 2778 603 2837 sibi
627 2777 805 2851 conciliavit,
831 2786 860 2840 ct
882 2779 921 2838 ad
943 2779 1018 2838 alios
1042 2795 1160 2855 quoque
1184 2778 1326 2839 deonotus
1348 2787 1394 2838 est
1415 2780 1495 2836 viros
1510 2779 1657 2854 potentis·

299 2867 398 2938 simos,
423 2870 454 2924 ut
477 2864 515 2924 ad
537 2867 650 2942 imperii
668 2864 873 2926 cancellarium
888 2867 1052 2926 Barritium
1069 2873 1098 2926 et
1113 2866 1150 2925 ad
1167 2866 1363 2928 Waclrberum
1387 2863 1423 2924 ds
1439 2864 1657 2937 Waaklretriels,

170 3003 173 3013 ,
300 2954 351 3028 qui
374 2951 497 3012 consilio
520 2953 702 3028 imperatoris
726 2955 871 3014 intererat.
904 2952 961 3029 Qui
984 2970 1042 3012 non
1065 2955 1160 3014 minua
1177 2955 1336 3014 astronomi
1354 2950 1493 3029 jucundis
1516 2953 1656 3025 moribus,

300 3041 460 3116 ingeniosis
483 3040 683 3113 sermonibus,
715 3056 803 3116 quern
835 3057 951 3101 samma
978 3041 1109 3102 doctrina
1137 3044 1225 3118 capti*
1240 3040 1402 3118 Keplerum
1430 3042 1459 3098 in
1486 3042 1656 3100 interiorem

299 3145 385 3186 snam
408 3129 579 3188 societatem
603 3137 633 3187 et
655 3129 813 3187 amicitiam
830 3137 1007 3205 exceperunt
1030 3136 1059 3188 et
1081 3136 1185 3205 pastea
1200 3129 1365 3206 imperatori
1381 3135 1516 3188 auctores
1531 3129 1656 3200 luerunt,

300 3223 332 3274 ut
354 3214 495 3292 Typhone
519 3222 634 3274 mortno
650 3214 761 3294 (1601)
783 3215 922 3292 Keploro,
946 3215 1161 3276 conditionibus
1184 3215 1303 3292 quidem
1324 3217 1420 3274 minus
1442 3217 1554 3291 aequis,
1579 3215 1656 3274 idem

300 3303 459 3361 astronomi
484 3303 660 3377 imperatorii
685 3301 812 3362 officium
834 3302 1006 3364 traderetur.
1045 3301 1218 3362 Mandatum
1241 3311 1339 3364 autem
1362 3304 1390 3362 ei
1413 3309 1469 3381 est,
1492 3311 1524 3360 ut
1547 3319 1583 3362 ex
1600 3303 1655 3362 nb·

299 3389 517 3450 narrationibus
540 3388 717 3466 Tycbonicis
747 3407 841 3450 novas
863 3389 981 3450 tabulas
1003 3394 1213 3452 astronomicas
1236 3390 1402 3462 conficeret,
1436 3405 1472 3450 ex
1503 3405 1654 3450 commen·

301 3477 383 3535 tsriis
399 3483 428 3534 ct
442 3475 575 3551 epistolis
591 3477 778 3537 selectionem
795 3478 903 3538 laceret
918 3477 1087 3554 selectaque
1104 3477 1211 3552 ederet,
1234 3477 1322 3542 simul
1345 3477 1530 3553 imperatoris
1549 3475 1656 3537 stadiis

300 3565 438 3635 serviret,
470 3564 600 3638 inprimis
624 3565 651 3622 ei
676 3565 704 3622 in
735 3566 969 3640 quaestionibus¹
988 3565 1173 3641 astrologicis
1203 3573 1280 3626 esset
1307 3563 1433 3640 adjutor.
1480 3562 1547 3638 Qua
1570 3567 1601 3624 in
1624 3581 1654 3624 re

299 3649 446 3726 Keplerus
475 3666 543 3709 mcx
567 3653 595 3708 in
622 3667 766 3710 summam
789 3654 972 3729 imperatoris
1002 3655 1119 3714 initiet
1146 3654 1305 3712 amicitiam
1334 3660 1364 3712 et
1386 3650 1488 3724 fidem,
1522 3654 1573 3728 qai
1597 3667 1655 3711 non

299 3736 387 3798 ruodo
411 3735 447 3796 de
469 3754 524 3796 saa
546 3739 681 3812 genitura
702 3737 862 3814 Keplerum
886 3737 1059 3811 consuleret,
1084 3748 1113 3800 et
1131 3739 1246 3815 judicia
1268 3739 1304 3800 ds
1327 3738 1380 3798 illa
1405 3739 1442 3798 ab
1465 3739 1533 3798 aliis
1554 3749 1654 3800 asmo·

299 3814 394 3886 nomia
416 3827 514 3901 posita
527 3823 649 3901 Keplcri
669 3825 781 3901 jndicio
798 3826 933 3897 traderet,
956 3826 1008 3886 sed
1024 3829 1113 3888 edam
1128 3826 1252 3888 suadem
1269 3829 1442 3904 propinquis
1456 3830 1518 3886 suis
1533 3826 1653 3887 maltis·

300 3931 358 3990 que
381 3911 447 3972 aliis
469 3912 653 3986 hominibus,
684 3913 754 3990 quin
783 3916 872 3974 etiam
901 3915 1067 3987 veteribus,
1098 3921 1130 3976 ut
1154 3914 1287 3987 Caesari,
1319 3915 1454 3988 Augusto
1478 3922 1534 3974 sto.
1564 3915 1653 3976 lrorss

299 4017 406 4080 ponere
438 3999 537 4060 vellet.
587 3999 690 4076 Neque
717 4003 813 4061 nrinas
841 4003 870 4060 in
902 4002 989 4076 rebus
1019 4000 1143 4078 publicis
1172 4003 1360 4078 gravioribus
1387 4000 1423 4061 dc
1449 4001 1565 4076 judicio
1597 4019 1653 4062 suo

298 4095 484 4148 astronomus
511 4087 743 4162 consultasset,
774 4091 803 4148 in
827 4105 885 4166 qao
913 4091 1033 4165 saepias
1055 4091 1109 4148 viri
1136 4091 1257 4150 summis
1288 4091 1401 4165 imperii
1429 4091 1653 4167 magistratibus

301 4175 454 4254 iungentes
477 4174 628 4234 suadendo
652 4173 772 4252 Kepleri
796 4178 958 4236 sententias
980 4177 1023 4236 sia
1045 4176 1195 4250 adessent,
1221 4185 1252 4236 ut
1274 4183 1304 4236 et
1325 4177 1448 4252 imperio
1470 4185 1500 4237 st
1523 4179 1653 4254 impera·

299 4265 355 4322 tori
378 4262 530 4322 commodo
554 4270 583 4323 et
605 4261 693 4322 saluti
725 4271 811 4324 esset.
859 4261 950 4324 Utin
978 4263 1045 4322 aliis
1068 4263 1212 4340 ejusmodi
1240 4265 1476 4339 quaestionibus,
1506 4265 1549 4325 ita
1576 4281 1654 4326 nunc

299 4367 417 4426 quoquc
440 4349 588 4426 Keplerus
615 4349 724 4409 talibus
755 4351 902 4410 vaticiniis
925 4350 1110 4427 astrologicis
1143 4350 1209 4411 fidei
1239 4351 1351 4427 aliquid
1381 4352 1525 4430 abrogare
1547 4351 1653 4412 solitus

300 4443 355 4516 est,
378 4437 505 4498 refutata
528 4437 585 4498 bac
607 4439 744 4515 opinione
768 4435 851 4510 salsa,
875 4455 921 4497 res
937 4437 1079 4500 humanas
1103 4439 1178 4502 coeli
1193 4435 1396 4499 affectionibus
1410 4455 1476 4500 esse
1490 4434 1651 4514 subjectas,

302 4529 332 4580 et
354 4525 521 4600 imperatori
543 4526 629 4584 nimis
651 4526 856 4601 superstitioso
880 4525 1025 4602 explicere
1047 4525 1172 4600 studuit,
1196 4526 1285 4586 talem
1307 4527 1441 4586 ellectum
1463 4535 1517 4588 ant
1538 4527 1652 4588 nullum

299 4625 378 4678 esse,
401 4611 499 4670 antei
522 4619 617 4683 esset,
640 4613 770 4670 sic-esso
793 4611 1056 4689 interpretandam,
1081 4615 1109 4672 in
1132 4615 1218 4674 cortis
1240 4612 1424 4690 planetarum
1448 4612 1653 4677 collocationi-

299 4694 370 4768 bus,
402 4705 454 4754 aut
476 4699 500 4756 si
532 4707 663 4768 cornetae
694 4705 746 4756 aut
768 4715 846 4756 aava
874 4697 971 4758 sidera
997 4709 1193 4776 emergerent,
1224 4709 1276 4761 aut
1303 4703 1334 4780 in
1360 4703 1545 4778 gravioribus
1573 4701 1652 4764 Solis

300 4778 459 4859 Lunaeque
484 4783 696 4845 deiectionibus
712 4785 969 4862 contemplantium
986 4790 1109 4862 animos,
1133 4791 1205 4866 ipsis
1227 4789 1336 4861 insciis,
1360 4806 1397 4848 ex
1412 4791 1473 4849 otio
1489 4797 1519 4850 et
1538 4789 1652 4850 desidia

300 4869 421 4929 excitari
445 4875 474 4928 st
496 4871 535 4931 sd
557 4872 698 4950 majorem
720 4873 860 4934 iurabas
883 4873 1005 4950 agendis
1027 4875 1200 4938 industriam
1221 4874 1342 4955 impelli.
1386 4875 1446 4940 ssd
1468 4885 1502 4938 ut
1524 4879 1652 4960 impera·
