3612 5538
306 385 372 460 996
814 394 1147 466 vraoammxrpnrr.

304 569 411 636 Batoi.
433 570 485 632 lib.
499 569 538 647 Ι.)
570 577 623 632 aut
644 571 787 634 Rhaetica
810 573 885 636 duce
916 575 1025 639 docuit
1070 574 1297 648 Regiomomani
1319 588 1446 650 quaque,
1468 573 1650 647 Rheinholdi,

306 657 427 720 Peuceri
452 658 489 720 de
512 659 669 736 operibus,
700 660 735 722 da
758 661 908 740 lychnide
936 663 1011 726 libro
1039 663 1076 724 de
1105 661 1192 722 stella
1220 679 1300 722 nora
1330 665 1399 721 enni
1425 668 1517 724 1572.
1548 662 1596 722 rel
1617 661 1651 722 de

306 749 428 808 cometis
451 747 528 807 idern
551 746 710 825 discipulos
732 765 802 809 suos
826 753 963 811 certiores
985 752 1069 825 lecit;
1091 749 1237 826 Keplerus
1252 748 1370 825 quidem
1393 767 1487 827 neque
1508 747 1577 810 dnm
1592 749 1652 808 Tu-

306 834 412 910 hiugae
436 835 772 913 erathychonianorum
795 855 916 914 operum
938 837 1028 898 ullum
1053 837 1182 910 viderat,
1205 833 1300 913 neque
1323 843 1443 913 postea,
1467 855 1557 915 quum
1579 853 1653 897 enno

309 928 404 986 1696.
428 920 622 983 Prodromum
645 923 757 998 ederet,
781 941 881 988 eorum
903 928 1120 990 accuratiorem.
1135 924 1265 985 habebat
1287 927 1492 1002 cognitionem.
1537 923 1653 1000 Quoia

304 1008 407 1070 libello
439 1013 574 1086 quamvis
598 1010 770 1088 Tychonem
802 1023 1021 1094 „astronomum
1052 1015 1131 1072 omni
1158 1011 1352 1073 celebratione
1374 1013 1535 1088 majorcm“
1568 1012 1653 1084 dicat,

305 1105 403 1158 tamm
425 1097 529 1172 eidem,
554 1115 643 1174 quum
665 1099 799 1159 libellurn
814 1119 901 1162 suum
914 1104 1055 1172 mitteret,
1079 1101 1153 1160 haec
1176 1100 1292 1160 scribit:
1318 1107 1452 1176 ,tuorum
1476 1117 1596 1178 operum
1606 1099 1654 1159 raa
1678 1168 1686 1181 ι

305 1203 360 1246 οοο
382 1185 455 1245 nihil
477 1185 628 1264 perdentur,
654 1203 788 1263 quaeque
812 1186 848 1248 dc
872 1198 900 1249 te
922 1189 1059 1262 sciebam,
1085 1207 1119 1248 ex
1144 1185 1302 1247 Maestllno
1324 1187 1512 1248 didiceram“.
1553 1188 1653 1263 Neque

306 1275 402 1332 minus
426 1273 609 1350 sphaericam
631 1276 880 1350 trigonometrlam
903 1276 1078 1336 Maestlinus
1107 1275 1194 1334 modo
1218 1274 1425 1352 discipulorum
1449 1277 1578 1353 potiores
1602 1276 1655 1334 do-

306 1363 418 1434 cuisse,
450 1361 501 1420 sed
524 1364 554 1420 iu
577 1359 710 1423 docendo
741 1380 844 1439 parurn
876 1367 1053 1424 successisse
1077 1361 1198 1422 videtur.
1239 1360 1389 1440 ¹lleplerus
1412 1363 1530 1438 quidem
1552 1371 1655 1439 postea

306 1465 424 1526 quoque
447 1451 605 1508 maximam
627 1466 746 1526 operam
769 1451 859 1524 dedit,
883 1461 917 1511 ut
938 1451 1014 1511 banc
1036 1452 1188 1511 scientiam
1211 1449 1267 1509 sibi
1290 1449 1449 1526 planiorem
1471 1450 1607 1510 redderet
1628 1457 1656 1510 et

308 1553 383 1613 quae
400 1539 509 1597 omissa
523 1544 615 1608 crant,
639 1553 729 1614 opera
743 1537 915 1615 Lansbergii
933 1547 963 1600 et
977 1538 1079 1599 Pitieci
1099 1538 1254 1614 diligenter
1273 1537 1475 1614 pertractando
1498 1540 1655 1615 reparavit.

305 1625 343 1683 Et
369 1626 399 1683 in
426 1625 629 1684 astronomicis
660 1641 778 1700 quoque
805 1625 909 1685 studiis
938 1625 1098 1704 Keplerus,
1122 1643 1213 1701 quum
1245 1623 1347 1685 relicta
1377 1624 1529 1686 academia
1560 1623 1656 1684 Gratii

305 1729 410 1772 munus
426 1713 483 1772 sibi
499 1713 630 1772 oblatum
645 1713 739 1786 iniret,
755 1731 857 1791 parum
873 1715 1051 1791 proiecerat3
1074 1714 1175 1772 scribit
1191 1715 1267 1772 enim
1283 1729 1360 1771 anno
1378 1718 1472 1773 loun.
1488 1713 1525 1774 sd
1540 1712 1655 1773 Maest-

304 1800 412 1874 linum,
436 1803 483 1858 cui
506 1801 700 1876 cogitationes
721 1817 791 1860 suas
815 1801 1019 1877 dijudicandas
1041 1802 1190 1880 proponit:
1224 1797 1339 1880 „Multa
1365 1803 1552 1876 reperisses
1582 1799 1655 1860 laiso

305 1888 436 1968 prolecta
455 1886 583 1965 judiciu;
614 1887 735 1968 alicubi,
751 1887 919 1950 haerentem
943 1888 1056 1950 videbis
1080 1895 1196 1966 propter
1219 1888 1436 1966 Cepernicanae
1458 1890 1656 1949 astronomiae

305 1971 471 2054 iuoplam“;
495 1974 619 2034 eundem
641 1973 830 2036 Maeetlinum
846 1985 939 2054 rogat,
964 1983 997 2036 ut
1011 1995 1043 2036 se
1059 1975 1094 2036 de
1111 1973 1258 2035 nonnullis
1275 1974 1507 2036 dubitationibus
1524 1975 1655 2050 edoceat,

307 2081 384 2139 quas
406 2065 535 2122 animum
560 2079 644 2120 suurn
667 2062 703 2122 de
718 2059 856 2124 Mercurii
879 2067 1093 2124 eoccntricitate
1116 2063 1270 2122 subierint:
1298 2061 1380 2142 „Nisi
1404 2072 1435 2122 tu
1451 2063 1522 2123 mihi
1539 2063 1657 2134 dixeris,

305 2167 457 2228 nunquam
479 2167 534 2226 ego
559 2149 698 2210 didicero.
744 2151 790 2208 An
814 2168 869 2227 ego
897 2152 971 2210 lorte
999 2168 1062 2210 erro
1091 2152 1121 2208 in
1148 2149 1390 2227 computatione?
1427 2149 1547 2226 Quanta
1568 2152 1658 2228 i'gitur

307 2247 352 2300 est
382 2241 412 2297 in
434 2237 619 2298 Prutenicisi
656 2236 812 2312 Quomodo
843 2237 1011 2316 capienda?
1047 2238 1164 2313 Quanta
1194 2239 1223 2296 in
1251 2239 1380 2298 maxima
1401 2237 1585 2314 digressione
1608 2255 1658 2298 cc·

307 2329 406 2400 centri,
431 2334 542 2402 quanta
564 2322 841 2386 commutationis?“
932 2352 936 2364 ·
1149 2391 1152 2396 ,

416 2413 613 2476 Martinus,
640 2412 800 2472 Cresius
830 2413 894 2489 (qul
919 2419 955 2474 81
983 2430 1076 2474 annos
1104 2420 1190 2472 natus
1221 2427 1298 2471 anno
1324 2418 1417 2476 1601.
1439 2413 1579 2490 decessit)
1609 2430 1659 2493 per

306 2499 494 2567 Maestlinum
518 2516 594 2560 anno
613 2505 705 2560 1599.
727 2499 888 2588 aKeplero
911 2502 1004 2578 petiit,
1027 2507 1059 2560 ut
1081 2501 1137 2560 sibi
1162 2508 1192 2560 et
1212 2503 1409 2562 ethonomica
1431 2511 1460 2561 et
1479 2499 1659 2578 astrologica

307 2589 452 2667 quaedam
476 2589 512 2648 de
535 2591 620 2648 certis
643 2587 915 2648 constellationibus
938 2588 1061 2661 afferret,
1085 2605 1159 2663 quas
1182 2585 1220 2646 ad
1243 2585 1387 2647 edendum
1410 2605 1495 2648 auum
1517 2588 1660 2650 Homeri-

308 2696 374 2739 cum
397 2679 635 2738 commentarium
658 2675 799 2736 adhibere
821 2683 936 2754 possets
961 2693 1037 2752 qnae
1059 2677 1086 2734 si
1108 2677 1171 2754 ipse
1194 2674 1351 2746 attulisset,
1375 2675 1495 2736 Cresius
1518 2695 1550 2737 se
1575 2677 1660 2753 Kep-

307 2766 409 2827 leriaui
433 2766 558 2824 nominis
589 2781 655 2822 cum
682 2763 792 2824 honore
821 2767 998 2824 mentionem
1030 2779 1096 2824 esse
1125 2763 1269 2822 lecturum
1298 2761 1446 2838 pollicitus
1469 2773 1523 2825 est.
1571 2762 1659 2840 Quod

307 2841 425 2930 guidem
448 2853 508 2912 beri
531 2850 674 2929 Keplerus
699 2853 806 2924 vetnit,
838 2869 929 2927 quum
957 2853 1088 2923 timeret,
1120 2867 1156 2909 ne
1179 2847 1349 2910 llerrrartus
1372 2848 1578 2924 Monacensis,
1610 2853 1661 2927 qui

307 2945 363 3020 ipsi
395 2949 546 3020 praeterea
577 2943 725 3016 perpetuis
758 2941 819 2998 suis
852 2937 888 2998 de
918 2937 1037 2998 Lucano
1072 2936 1294 3015 quaestionibus
1326 2945 1355 2996 et
1391 2939 1660 3000 consultationibus

308 3031 465 3088 maximam
487 3027 651 3086 molestiam
675 3026 833 3100 exhiberet,
857 3028 886 3084 iu
910 3026 956 3086 his
979 3043 1096 3103 quoque
1120 3025 1206 3085 rebus
1228 3024 1368 3084 auxilium
1389 3041 1476 3086 suurn
1500 3029 1661 3104 concupis·

308 3125 393 3178 cerct.
438 3115 484 3176 De
507 3113 645 3174 mandato
667 3115 732 3190 ipso
756 3114 829 3174 haec
850 3113 963 3174 scribit:
990 3115 1157 3190 ,negotium
1180 3112 1394 3185 vastissimum,
1418 3115 1661 3174 molestissimum

309 3203 467 3272 etnnllius
490 3201 624 3262 utilitatis
647 3204 677 3259 in
699 3219 745 3260 me
769 3199 904 3277 rejecisti,
927 3201 1050 3261 honesto
1074 3199 1249 3276 astrologiae
1271 3197 1454 3277 praetextu.“
1502 3203 1598 3278 Cujus
1620 3203 1662 3262 rei

308 3295 334 3352 si
357 3290 532 3350 Maestllnus
555 3297 667 3365 partem
690 3291 915 3348 ashonomicnm
938 3290 1091 3364 suscipiat,
1121 3305 1153 3347 se
1184 3287 1390 3363 ashelogicam
1413 3297 1662 3364 pertractaturum

310 3395 384 3439 esse.
415 3377 502 3454 Quod
526 3393 590 3436 cum
613 3375 788 3436 Maestlinus
811 3378 956 3453 respuisse
974 3375 1118 3450 videatur,
1142 3373 1300 3450 Keplerum
1324 3384 1354 3434 et
1375 3378 1471 3453 ipsum
1495 3377 1662 3454 denegasse

308 3465 466 3526 verisimile
489 3473 542 3525 ast.
588 3464 631 3524 Ex
660 3462 774 3524 duabus
801 3471 899 3524 autem
928 3462 1076 3540 epistolis,
1105 3465 1189 3522 annis
1216 3467 1478 3524 1696611591.
1511 3465 1662 3526 aCrusio

310 3553 348 3614 ad
375 3551 535 3628 Keplerum
566 3552 678 3625 missis,
709 3569 786 3626 quas
815 3569 905 3627 supra
924 3556 962 3626 (p.
982 3555 1047 3625 696)
1067 3558 1311 3611 commemoratae
1332 3557 1415 3624 sunt,
1450 3550 1550 3612 ridere
1582 3551 1663 3626 licet,

310 3649 508 3703 echonomum
531 3641 670 3716 magistro
695 3639 731 3698 de
754 3637 885 3700 locorum
908 3639 1076 3698 nominibus
1099 3645 1128 3698 et
1150 3637 1217 3698 aliis
1240 3637 1383 3712 ejusmodi
1406 3639 1493 3701 rebus
1515 3639 1665 3700 nonnulla

311 3729 549 3791 communicasse.

414 3814 601 3876 Erhardus
625 3813 763 3874 Gellius
786 3831 863 3875 anno
889 3817 981 3874 1596.
1007 3811 1195 3894 „Imagines“
1227 3810 1319 3872 edidit
1343 3813 1578 3892 ,professorum
1612 3815 1665 3889 qui

309 3906 340 3964 lu
355 3903 506 3966 academia
519 3896 728 3984 (Tubingcnsi)
752 3903 887 3972 rirunt“,
910 3899 1012 3960 addita
1035 3917 1134 3962 eorum
1158 3903 1220 3958 vita
1235 3900 1335 3976 paucis
1353 3901 1485 3960 versibus
1501 3901 1664 3977 descripta.

311 3995 357 4053 Dc
381 3992 515 4052 Crusio
540 3989 626 4050 dixit:
660 3989 764 4070 „Nunc
787 3990 863 4049 ultra
885 3997 998 4065 septem
1021 3987 1171 4064 profitetur
1198 3987 1290 4047 lustra
1313 3986 1482 4064 Tubingae,
1513 3989 1663 4064 quidquid

310 4081 401 4142 hahet
421 4078 547 4152 Latium,
572 4077 697 4137 Graecia
719 4076 860 4153 quidquid
884 4074 981 4136 habet.
1019 4073 1216 4152 Thucydides,
1241 4073 1351 4146 Cicero,
1375 4073 1546 4150 Sophocles,
1573 4075 1665 4136 Bael-

312 4169 377 4242 lius,
401 4166 556 4240 Homerus,
578 4165 722 4226 Rhetores
745 4173 834 4242 atque
857 4163 908 4224 alii
932 4163 1035 4223 Granio
1059 4179 1128 4221 cura
1150 4162 1226 4222 libri.
1264 4160 1345 4220 Idem
1368 4164 1537 4222 exercitium
1561 4161 1666 4222 decla·

311 4255 468 4332 mandique
490 4253 667 4331 palaestram
691 4253 791 4328 dirigit
814 4258 843 4313 et
865 4253 935 4310 lime
958 4251 1084 4327 perpulit
1107 4265 1191 4308 omne
1214 4244 1297 4308 sua.“
1345 4249 1391 4308 De
1415 4249 1663 4308 Bnrlrhardto

313 4343 417 4404 deinde
439 4341 525 4402 haec:
542 4387 550 4403 .
568 4385 575 4402 .
592 4387 600 4402 .
618 4339 712 4414 „Cum
735 4339 892 4399 Rhetorica
909 4338 1038 4414 logicam
1061 4353 1167 4412 magno
1191 4335 1319 4411 explicat
1341 4333 1426 4396 usu.“
1466 4335 1513 4396 De
1528 4355 1560 4396 sc
1577 4340 1665 4414 ipso:

314 4429 489 4509 ,Virgilium
513 4435 542 4488 et
571 4429 700 4505 reliquos
732 4435 813 4487 rates
842 4426 967 4503 explano
992 4424 1127 4498 Latinos,
1161 4424 1274 4500 explico
1298 4421 1446 4484 Romanos
1475 4441 1534 4484 non
1564 4427 1665 4484 minus

312 4519 475 4580 historicos.
520 4513 612 4576 Grata
634 4515 706 4573 mihi
728 4531 840 4590 semper
871 4514 925 4574 luit
949 4511 1097 4573 Oratoria:
1129 4514 1215 4571 traxit
1236 4513 1324 4586 inque
1354 4529 1439 4570 suum
1469 4529 1585 4589 semper
1614 4511 1666 4570 dia

313 4607 417 4668 Possis
432 4607 537 4681 opunt‘
569 4603 614 4663 lle
629 4601 801 4661 Mlillero:
820 4601 1037 4678 ,Dissertantes
1053 4601 1149 4676 logica
1163 4599 1321 4676 pugnando
1337 4597 1484 4676 palaestra
1499 4598 1665 4676 laurigeros

314 4693 443 4770 Sophiae
474 4689 608 4750 duritia
632 4706 717 4749 omne
740 4705 841 4766 genus.
886 4687 959 4748 Post
981 4688 1024 4747 illi
1039 4687 1152 4754 ,Latiae
1180 4687 1334 4746 commissa
1361 4685 1502 4764 prolessio
1530 4688 1664 4762 linguae,

315 4791 345 4846 et
367 4779 521 4842 commissa
543 4779 606 4854 pari
628 4777 731 4853 lingna
752 4774 880 4853 Pelasga
901 4773 999 4840 modo.
1043 4773 1121 4836 Hinc
1143 4770 1226 4836 locus
1248 4771 1440 4834 Hailandi
1460 4779 1500 4851 tr.
1520 4793 1541 4832 s.
1557 4793 1588 4847 p.
1604 4779 1665 4848 131)
