3588 5540
230 375 297 459 852
663 398 666 412 '
744 378 942 446 Vita-ioannis
959 379 1081 459 liepleri.

230 569 259 622 61
274 561 415 635 Epitome,
437 577 488 620 nec
505 577 559 619 nou
577 560 712 620 derebus
729 561 914 633 muclcgiels,
930 561 1044 618 iuliano
1062 560 1183 618 Medicas
1200 559 1294 620 166616
1311 563 1505 634 661661661666
1523 577 1586 620 666-

228 652 303 722 16611,
322 650 395 722 6666
413 667 430 708 a
448 651 600 722 Septembri
618 652 646 707 iu
664 651 844 708 Novembrem
861 652 933 707 inter
951 656 1095 720 utrumque
1112 649 1215 722 pluries
1234 651 1386 708 discussum
1404 659 1453 708 est

333 741 378 796 En
396 739 440 797 his
459 741 583 811 epistolia
601 757 635 798 ea
659 740 853 806 desumsimus,
881 741 952 810 quate
977 738 1012 794 66
1033 737 1146 808 Hepleri
1168 737 1260 807 studia
1283 745 1311 794 ct
1334 739 1417 796 uitam
1440 741 1586 810 pertinent.
1702 727 1704 734 ’

228 827 345 895 Remo,
371 829 418 898 qui
441 828 631 895 nunciaverat,
659 841 689 884 se
710 844 776 899 ,pro
801 829 907 886 medico
931 834 959 883 et
977 826 1170 884 mathematico
1190 827 1322 884 Caesareo
1347 834 1490 897 acceptum
1508 831 1586 882 6666ι

227 913 458 984 61666161666116
471 916 656 985 quaesiverat,
674 932 729 987 quo
743 921 816 972 statu
829 922 922 972 essent
934 915 1138 972 ohservationes
1156 914 1337 985 Tychonicae,
1355 915 1498 986 respondit
1514 915 1587 986 Kep-

226 999 302 1057 lerus
321 1001 423 1072 (Dec),
443 1002 575 1071 gratulari
593 1018 623 1059 66
641 1019 696 1059 666
713 1009 771 1059 tam
788 1003 889 1074 Remo,
908 1017 989 1073 quam
1007 1001 1190 1058 astronomiae
1210 1009 1238 1057 et
1255 1003 1394 1072 sibiipsi,
1413 1003 1461 1071 qui
1479 1016 1587 1072 promo-

227 1094 287 1145 tore
304 1089 334 1144 in
353 1089 417 1145 aula
436 1089 744 1148 6616611ι6166161166
764 1090 807 1146 eit.
846 1091 931 1157 ,Nam
950 1091 1085 1145 hactenus
1109 1095 1158 1144 ant
1176 1091 1229 1146 soli
1247 1091 1313 1146 mihi
1331 1090 1509 1148 laborandum
1527 1090 1586 1158 fuit,

227 1185 276 1234 ant
294 1177 317 1234 si
336 1178 529 1235 calculatorem
547 1180 643 1249 asciri,
669 1179 834 1249 quandoque
857 1181 997 1250 impensae
1014 1179 1126 1234 fuerunt
1143 1177 1285 1235 faciendae
1304 1178 1338 1234 66
1355 1171 1426 1246 mab,
1444 1195 1506 1234 cnm
1519 1177 1587 1233 nihil

226 1280 261 1321 er
279 1264 343 1321 aula
360 1266 538 1323 solveretur.“
575 1269 647 1341 Dsiq
664 1267 783 1338 explicat
801 1269 887 1324 166666
906 1265 1026 1322 66166166
1045 1281 1096 1336 per
1113 1265 1291 1335 logarithmos
1310 1265 1499 1336 absolvendos,
1517 1279 1586 1334 quos

226 1353 291 1410 61611
312 1353 435 1420 „felicem
454 1355 636 1412 calamitatem
654 1353 808 1410 tabularum
822 1353 1084 1424 Rudolphinarum‘.
1121 1353 1293 1410 Reiciendaa
1305 1353 1392 1409 videri
1409 1353 1461 1410 hae
1478 1351 1586 1409 tabulas

225 1440 306 1496 etad
324 1440 503 1512 logarithmos
522 1442 782 1508 accommodandas,
805 1457 910 1497 666666
934 1442 1161 1512 logarithmornm
1184 1442 1261 1512 prins
1279 1441 1402 1496 exactius
1421 1445 1586 1510 computato.

223 1527 268 1584 dd
286 1527 368 1584 dubia
385 1529 476 1600 Remi,
500 1547 565 1584 unm
588 1531 677 1599 possit
695 1529 767 1585 Solis
789 1529 838 1584 lux
867 1529 903 1585 ad
920 1530 1015 1586 stellas
1034 1530 1104 1586 iiras
1128 1531 1284 1598 pertingere
1309 1536 1337 1584 et
1354 1545 1391 1584 au
1414 1528 1495 1586 detur
1512 1528 1586 1584 orbis

224 1616 359 1686 stellatus,
378 1616 522 1687 respondit
539 1617 690 1688 Keplerus,
711 1617 946 1673 demonstratore
966 1633 1000 1672 ex
1017 1617 1194 1686 necessariis,
1213 1631 1309 1672 caram
1327 1631 1388 1673 6666
1407 1617 1538 1687 epatium,
1556 1615 1586 1671 in

224 1719 279 1775 quo
297 1703 434 1774 planetae,
453 1704 524 1761 fixas
543 1705 664 1762 exterius
682 1705 869 1760 consectinres
887 1705 1019 1776 invicem;
1037 1720 1091 1775 qno
1111 1721 1198 1776 usque
1216 1705 1280 1759 illae
1293 1711 1468 1774 spargantur,
1487 1719 1517 1760 se
1529 1717 1585 1758 non

225 1791 375 1862 disputare,
394 1807 446 1856 ,ex
466 1791 591 1848 sensibus
610 1791 698 1848 solum
717 1793 870 1864 analogiam
887 1809 972 1862 sexo,
996 1794 1045 1851 sed
1064 1793 1170 1852 dulcem
1190 1800 1218 1849 et
1235 1792 1427 1864 multiplicem
1450 1791 1586 1850 infinitum

223 1877 377 1936 rationibus
396 1879 592 1951 metaphysicis
609 1881 765 1951 impugnet.

327 1966 518 2023 Blanclrum
536 1969 687 2040 interrogat
703 1970 852 2042 lieplerus,
877 1987 941 2028 uum
961 1970 1110 2027 Harmonia
1127 1970 1154 2024 iu
1176 1968 1256 2026 ltalia
1267 1968 1362 2040 ¹possit
1380 1982 1442 2024 esse
1459 1965 1585 2023 venalis?

224 2049 333 2127 Habet,
343 2054 439 2124 iuquit,
455 2057 631 2114 senteutiam
646 2054 812 2132 Gopernici,
830 2057 880 2131 661
896 2053 1016 2116 Terram
1030 2053 1101 2113 iacit
1115 2053 1262 2116 mobilem.
1300 2052 1332 2113 Si
1347 2053 1384 2111 lis
1408 2053 1435 2112 ei
1452 2051 1583 2111 1616661-

224 2145 281 2212 tur,
304 2148 406 2216 posset
429 2158 572 2218 occupare
595 2141 759 2203 advocatus
783 2142 891 2219 aliquis
914 2142 995 2218 libri,
1028 2141 1107 2203 illam
1130 2158 1190 2202 666
1219 2141 1296 2220 6661Ι
1319 2141 1376 2199 6161
1398 2139 1587 2213 alternative,
1681 2143 1685 2152 “

224 2225 338 2288 66111661
348 2227 437 2305 juxta
452 2227 602 2307 Tychouie
619 2229 717 2290 Brehe
734 2230 930 2309 hypotheses,
948 2231 998 2307 qui
1013 2229 1134 2290 Terram
1149 2226 1220 2289 16611
1235 2236 1323 2302 stare,
1347 2226 1447 2288 Solem
1463 2229 1586 2290 moneri.

225 2311 300 2374 Mihi
318 2316 435 2393 quidem
453 2315 567 2376 indultu
583 2317 732 2395 privilegii
757 2319 804 2378 lex
828 2325 875 2378 661
897 2318 983 2396 iiras
998 2335 1034 2377 nc
1049 2315 1119 2394 6616
1136 2323 1238 2377 contra
1260 2314 1444 2376 catholicam.
1475 2314 1586 2374 Verum

224 2404 321 2480 rogati
337 2421 426 2480 super
440 2404 497 2465 hoe
510 2403 669 2466 consiliarii
686 2405 776 2466 aulici
788 2406 924 2466 Caesarie
938 2403 1075 2466 catholici
1088 2412 1234 2480 negarunt
1244 2403 1336 2464 videri
1348 2413 1446 2464 contra
1459 2401 1587 2462 catholi-

225 2507 300 2566 cam,
324 2491 404 2567 6666
420 2492 603 2552 naturalibus
619 2495 782 2554 rationibus
805 2493 897 2554 salvis
913 2492 1113 2573 superioribus
1137 2499 1164 2552 et
1187 2491 1459 2570 supernaturalibus
1482 2489 1587 2567 dispu-

133 2647 137 2654 ,
224 2583 303 2638 tatur
319 2577 355 2638 66
370 2587 452 2639 motu
467 2579 593 2655 Terrae,
616 2579 685 2640 licet
707 2580 781 2642 haec
796 2583 942 2642 sententia
962 2597 1055 2659 nuper
1081 2583 1167 2653 (auno
1189 2584 1265 2641 1616.
1303 2582 1358 2639 Cir.
1377 2582 1431 2638 vol.
1449 2581 1471 2636 l.
1489 2599 1516 2652 p.
1536 2583 1585 2651 66)

224 2672 329 2726 661616
352 2666 440 2728 inerit
462 2667 565 2742 aliqua
587 2684 721 2742 censura,
745 2666 799 2730 666
822 2687 898 2746 6666
922 2668 1019 2729 adhuc
1041 2671 1080 2728 sit
1100 2669 1227 2746 privata.
1273 2665 1337 2743 Ego
1361 2681 1431 2725 sero
1456 2667 1485 2723 iu
1507 2665 1583 2727 libro
1616 2705 1620 2712 ·

224 2749 276 2813 illo
300 2771 366 2815 meo
390 2773 427 2816 ue
451 2753 570 2831 quidem
594 2755 718 2817 6616666
742 2764 855 2817 motum
877 2755 1002 2831 Terrae,
1034 2753 1087 2817 666
1114 2755 1144 2815 16
1167 2755 1223 2814 1661
1246 2754 1339 2826 alias,
1370 2755 1400 2811 iu
1424 2752 1584 2813 Gemmeu-

224 2843 300 2902 tario
324 2841 443 2917 Martie,
475 2844 505 2900 in
529 2841 636 2920 Optica
660 2855 714 2904 616.
760 2844 814 2904 Hst
837 2841 919 2905 aliud
949 2846 1100 2922 quippiam
1128 2847 1157 2902 iu
1190 2842 1265 2902 libro
1289 2841 1350 2916 IV,
1381 2839 1459 2917 quod
1489 2845 1584 2918 possit
1636 2907 1640 2923 .

225 2929 314 2988 alicui
337 2930 507 3008 scrupulum
528 2947 666 3006 movere,
698 2929 777 3009 6666
805 2931 862 2990 hoc
886 2930 1029 3006 defendo,
1060 2940 1112 2992 661
1134 2947 1221 2992 casus
1246 2929 1383 2989 fortuitos
1405 2944 1465 2988 nou
1487 2931 1583 3006 sigul-

125 3049 129 3062 -
224 3015 304 3076 ficari
329 3017 367 3077 ab
391 3017 488 3094 astris,
512 3019 611 3079 antei
634 3019 672 3079 ab
695 3021 732 3079 lis
755 3018 965 3096 significentur,
990 3027 1125 3097 oportere
1142 3027 1174 3078 nt
1189 3016 1286 3092 angeli
1304 3014 1441 3076 custodes
1457 3033 1475 3075 6
1490 3033 1583 3092 geue·

224 3105 307 3165 albus
330 3104 469 3165 clieutnrn
493 3123 613 3166 enorum
635 3105 848 3182 impediantur;
872 3113 1009 3166 moretur
1024 3105 1179 3180 dubitatio,
1202 3102 1276 3163 nibil
1299 3105 1447 3177 asseritur,
1471 3103 1581 3165 decisio

224 3191 262 3252 ad
286 3191 441 3270 theologos
463 3193 600 3270 rejicitur.
645 3194 791 3271 Exspecto
821 3195 912 3270 igitur
938 3211 1027 3272 super
1056 3194 1113 3254 hoc
1136 3193 1233 3271 capite
1263 3208 1435 3269 responsum
1459 3199 1488 3250 et
1511 3209 1581 3252 reu-

224 3282 346 3341 tentiam
369 3289 449 3340 tuem
472 3283 639 3358 genuinam,
662 3285 726 3343 sine
749 3281 968 3366 blandimentis.
1017 3286 1054 3340 ln'
1082 3285 1136 3340 fine
1162 3284 1296 3355 epistolae
1330 3282 1415 3338 refert
1436 3283 1583 3354 Hcplerus,

223 3385 316 3427 meuse
333 3370 479 3428 Novembri
503 3372 572 3428 6666
591 3389 621 3429 se
638 3372 738 3428 vidisse
757 3379 886 3439 cometas,
905 3373 1021 3429 alterum
1041 3373 1120 3443 cujus
1138 3379 1221 3442 caput
1239 3373 1289 3428 sub
1308 3370 1449 3426 horizonte
1467 3378 1585 3439 maneat,

224 3458 312 3514 canda
328 3457 378 3514 40⁰
397 3455 421 3513 c.
445 3461 610 3528 promineat,
640 3460 755 3515 alterum
784 3459 979 3532 clarissimum,
1005 3459 1119 3531 flamm,
1138 3459 1302 3516 subrutilum
1324 3460 1472 3526 1616166
1496 3473 1585 3530 prope

224 3543 342 3601 Lautam
360 3545 418 3601 bor.
451 3549 498 3609 (Er
515 3549 595 3600 literis
615 3552 679 3601 datie
698 3553 780 3618 pridie
799 3551 854 3602 Gal.
872 3551 936 3604 Dec.
957 3554 1044 3611 1618.)

328 3631 534 3690 Wilhelmus
557 3634 789 3692 Schichardus
816 3637 978 3707 (Nnrtingae
1001 3633 1133 3690 Jauuaric
1154 3635 1231 3704 1618)
1260 3635 1370 3702 ,binast
1398 3633 1464 3692 dicit
1489 3621 1603 3692 literas'

223 3717 337 3790 Kepleri
355 3725 419 3790 post
438 3720 589 3780 discessum
607 3722 735 3791 Tuhiuga
751 3737 845 3778 meuse
862 3722 1007 3778 Decembri
1028 3726 1103 3780 1617.
1121 3723 1174 3793 1661
1193 3722 1322 3794 caditur,
1339 3723 1433 3780 literas
1451 3723 1585 3794 posterio-

206 3821 276 3877 res,
294 3807 421 3876 Augusta
437 3808 543 3864 Vindel.
563 3808 642 3864 datae
661 3809 695 3879 (c.
714 3809 738 3864 6.
757 3809 876 3880 8-1166.)
893 3809 970 3879 prius
987 3810 1107 3866 redditas
1127 3825 1200 3881 esse,
1218 3813 1331 3883 priores,
1351 3813 1428 3868 66166
1441 3810 1585 3882 'tubingae

223 3909 248 3952 c.
266 3893 385 3950 medium
403 3894 742 3967 Novembrie„accepisee
766 3912 797 3953 se
817 3897 923 3952 demum
947 3897 1036 3952 medio
1054 3899 1222 3954 Decembris.
1257 3898 1399 3955 Contrario
1418 3899 1483 3954 dicit
1500 3912 1584 3953 sensu

223 3997 285 4040 esee
303 3983 419 4052 scriptae
438 3979 489 4038 has
506 3982 615 4050 literas,
643 3999 705 4039 cum
721 3984 750 4039 16
768 3985 904 4054 prioribus
926 3985 979 4056 ipsi
999 3987 1168 4043 mandaverit
1184 3988 1320 4058 Heplerus
1343 3988 1482 4057 negotium
1505 3986 1583 4044 scul-

223 4069 374 4141 pendarnm
399 4070 548 4139 figurarum
573 4070 607 4125 ad
626 4070 803 4127 Harmoniam
827 4075 1036 4142 pertinentium,
1060 4075 1087 4130 iu
1106 4076 1305 4145 posterioribus
1328 4092 1392 4132 rero
1414 4077 1526 4147 jubeat,
1552 4081 1584 4131 ut

224 4157 376 4215 delineatae
399 4157 502 4228 figuras
527 4157 561 4213 ad
585 4157 762 4229 bibliopolam
786 4160 940 4232 Krngerum
965 4165 1118 4234 Augustam
1141 4163 1241 4222 mittat.
1279 4163 1445 4220 Obsecutnm
1468 4177 1498 4220 se
1521 4179 1583 4220 esse

223 4245 362 4315 posterius
379 4244 543 4316 imperatum
560 4249 588 4300 et
606 4246 746 4303 schemata
763 4251 853 4306 omnia
871 4267 939 4322 pyro
957 4251 1091 4320 iuscripta
1109 4251 1234 4321 Hrngero
1252 4251 1445 4308 transmisisse.
1474 4252 1583 4308 Gratias

224 4331 282 4402 agit
301 4331 487 4388 Schiclrardns
505 4347 555 4401 pro
574 4333 774 4406 stereometria,
794 4338 948 4405 germanica
967 4346 995 4393 et
1008 4337 1101 4404 latina,
1118 4337 1301 4408 Ephemeride
1314 4344 1343 4393 et
1355 4337 1516 4394 Calendario
1528 4339 1582 4409 ipsi

224 4419 297 4474 dono
316 4418 397 4491 66116,
414 4419 561 4490 praecipue
580 4419 653 4490 quod
672 4423 762 4478 avire
780 4422 903 4494 profecta
921 4427 983 4491 siut,
1004 4441 1101 4495 ,quem
1113 4425 1211 4483 616616
1228 4426 1348 4481 nondum
1366 4426 1512 4496 cognitum,
1532 4427 1581 4483 666

224 4505 385 4562 eruditionis
411 4506 485 4562 fama
507 4509 680 4564 notissimum
701 4512 818 4568 maxime
837 4527 945 4582 semper
964 4512 1033 4582 feci,
1052 4529 1126 4570 uuno
1150 4527 1214 4568 nere
1238 4529 1298 4569 amc
1318 4519 1346 4569 et
1368 4512 1490 4570 officiose
1511 4514 1581 4586 colo,

222 4603 371 4666 postquam
389 4611 479 4654 coram
498 4613 532 4654 ex
551 4598 758 4655 couversatione
782 4599 841 4667 ejus
867 4599 1024 4656 humanitas
1047 4615 1157 4672 quoque
1179 4601 1356 4661 innotuerit‘.
1391 4601 1424 4658 Iu
1441 4597 1494 4658 hbe
1517 4619 1581 4660 con·

223 4683 377 4738 versatione
400 4684 638 4756 661166616616666
658 4701 719 4742 6666
737 4686 770 4741 66
783 4687 955 4744 restitutione
968 4687 1119 4759 globorum,
1139 4689 1185 4758 qui
1204 4688 1342 4761 'Pythonis
1359 4696 1458 4747 nomen
1470 4701 1537 4762 prae
1550 4707 1580 4749 se

222 4769 323 4840 ferant,
343 4777 370 4827 61
387 4771 536 4842 Heplerum
555 4775 620 4846 sebi,
649 4773 747 4830 bacin
765 4779 843 4844 parte
862 4772 966 4844 aliquid
984 4775 1106 4832 molienti
1126 4793 1238 4841 ,manne
1256 4777 1403 4848 adjutrices
1422 4785 1470 4835 aut
1487 4781 1580 4851 potine

223 4855 397 4918 (lirectr‘ices‘t
418 4859 578 4929 promisisse
602 4869 630 4920 et
652 4862 805 4933 catalogum
824 4861 962 4934 Tychonis
986 4861 1104 4923 fixarum
1126 4879 1220 4922 earnm
1244 4865 1436 4940 spopondisse,
1462 4883 1533 4943 qnae
1550 4869 1580 4927 iu
