3588 5540
802 441 975 504 recenseo.
1489 445 1556 519 91⁷

201 619 264 678 Zeit
285 619 362 678 nicht
387 649 415 664 -·
441 619 494 678 eol
515 618 582 678 aber
605 617 656 675 der
677 617 869 676 beschehenen
891 618 1070 689 Rcsiqnetion
1097 620 1151 677 end
1178 620 1360 694 euffiundunp
1383 623 1555 683 anerinnem.

202 711 271 766 Wee
288 711 355 767 aber
373 711 422 767 dae
440 711 577 766 Interesse
595 705 722 778 enlenqt,
748 705 804 765 nili
822 723 886 764 man
904 707 953 764 der
971 707 1168 784 Contentirunp
1185 707 1257 766 ebirt
1273 711 1328 767 end
1345 709 1494 780 migliohet
1510 725 1556 782 pe-

203 797 287 855 dacht
303 798 372 856 sein.

305 886 408 941 Datum
426 885 479 943 den
497 885 540 942 28.
558 883 677 954 Augusti
694 883 772 941 1029.

305 970 415 1031 1680.
439 974 677 1044 Bernegqerue
702 967 848 1042 Keplero
876 971 903 1027 S.
926 971 958 1026 P.
981 972 1017 1028 D.
1052 973 1102 1030 Vir
1124 987 1236 1030 summe.
1271 974 1349 1045 Quae
1372 973 1492 1032 felicitae
1510 981 1554 1034 eet

202 1075 271 1129 enea,
288 1057 373 1114 filiam
387 1062 470 1126 tuam
486 1059 540 1116 hoo
551 1065 595 1116 est
606 1058 738 1130 quantulo
756 1057 845 1114 mium
862 1074 945 1128 quam
962 1060 1105 1132 teipsum,
1123 1066 1199 1117 tuem
1217 1067 1290 1138 certe
1307 1061 1357 1119 tali
1375 1063 1434 1118 viro
1446 1063 1554 1134 dignam

202 1148 355 1218 imaginem,
372 1147 401 1202 in
419 1147 499 1204 domo
517 1163 578 1204 mea
596 1151 767 1218 praesentem
787 1144 885 1202 habeo.
921 1147 1038 1203 Utinam
1055 1153 1111 1204 tem
1130 1149 1155 1203 ei
1176 1149 1247 1204 bene
1268 1163 1374 1206 mecum
1399 1151 1447 1222 sit,
1472 1167 1556 1221 quam

203 1251 247 1292 me
265 1241 430 1305 conspectus
449 1235 510 1304 qius
527 1234 733 1304 alloquiumque
750 1231 880 1304 delectat,
907 1249 942 1289 cx
964 1251 1020 1305 quo
1037 1234 1178 1308 modestis,
1204 1235 1300 1307 pietas'
1311 1241 1340 1292 et
1357 1253 1441 1308 snpra
1459 1253 1556 1295 sexum

205 1321 350 1394 prudentie
373 1323 472 1382 elucet.
507 1324 549 1378 De
574 1311 677 1393 nuptlbe
704 1319 819 1377 consilia
841 1326 937 1376 nostra
954 1329 983 1378 et
1000 1323 1061 1392 ipsa
1086 1330 1114 1379 et
1138 1339 1255 1394 sponsus
1271 1325 1456 1397 perscribent,
1475 1341 1557 1396 quem

205 1425 265 1481 ego,
285 1415 316 1465 ut
332 1409 419 1464 infula
437 1410 569 1466 doctorali
587 1410 655 1466 felix
672 1408 741 1466 adeo
753 1407 953 1464 matrimonium
964 1407 1102 1480 honestet,
1121 1412 1203 1484 etiam
1221 1418 1303 1481 etque
1321 1411 1403 1468 etiem
1415 1413 1557 1486 adhortor,

205 1499 258 1554 etei
275 1494 392 1552 levicula
409 1503 440 1554 ut
457 1503 525 1568 puto
543 1503 713 1566 censentem,
738 1513 792 1565 quo
809 1495 899 1552 minue
916 1498 1092 1568 obsequetur,
1111 1497 1160 1554 sed
1178 1505 1282 1565 tamen,
1301 1505 1333 1554 ut
1350 1515 1415 1570 spes
1433 1507 1488 1573 est,
1507 1501 1558 1558 cb·

204 1591 371 1642 secuturum.
406 1585 489 1656 Spem
507 1583 653 1640 cathedrae
671 1583 879 1640 mathematicae
891 1583 919 1640 in
931 1584 1071 1642 eoademia
1087 1592 1182 1642 nostra
1198 1585 1361 1643 obtinendae
1380 1587 1557 1645 echolerches

206 1672 292 1730 nostri
308 1671 443 1741 fecerunt,
461 1672 540 1741 cujus
557 1673 685 1742 promissi
702 1671 785 1728 tidem
802 1669 905 1740 scripte
924 1687 1034 1741 quoque
1052 1674 1077 1728 ei
1094 1673 1195 1730 tradito
1217 1676 1347 1732 sancient
1369 1663 1428 1731 ¹Oro
1439 1691 1556 1734 summo-

205 1776 285 1832 pere,
308 1767 340 1816 ut
361 1758 542 1829 undecunque
565 1766 679 1830 accepta
697 1757 855 1828 occasione,
881 1760 982 1815 embra
1004 1766 1096 1816 umen
1112 1761 1329 1833 illiuslpromiesi
1346 1762 1497 1834 mentione,
1521 1763 1558 1819 ad

205 1846 428 1904 mathematicum
448 1853 571 1903 nostrum
590 1849 630 1902 Μ.
647 1847 772 1903 Iseacnm
788 1845 949 1904 Mausolum
973 1847 1127 1918 epistolium
1152 1848 1265 1919 aliquod
1288 1863 1402 1907 exarare
1427 1851 1556 1923 digneris,

206 1945 235 1992 et
253 1937 277 1992 si
294 1935 437 2005 receperit,
455 1935 536 1990 etiam
553 1933 588 1989 nd
606 1935 640 1990 D.
658 1935 701 1991 Jo.
720 1932 888 1990 Schmidicm
905 1935 932 1991 J.
952 1935 982 1990 0.

309 2024 345 2079 D.
360 2022 538 2079 Habreohtns
555 2021 774 2078 dissertationem
790 2028 867 2078 tuem
885 2021 920 2077 de
937 2021 1122 2080 lenimentis
1133 2023 1299 2094 muoloqiae
1315 2024 1466 2098 nimiopcre
1483 2025 1557 2082 desi·
1608 2049 1614 2060 ·

208 2113 286 2169 derat
321 2111 351 2167 Si
367 2110 441 2180 qued
459 2115 585 2180 superest
602 2108 771 2179 exemplum,
787 2123 852 2164 aere
869 2115 975 2177 nocuo,
995 2110 1127 2167 beneflcio
1144 2117 1207 2178 tuo,
1225 2111 1268 2169 iao
1286 2127 1389 2182 quaeso
1406 2111 1556 2170 mbcanm

209 2207 238 2258 ct
254 2200 333 2258 Vale.
369 2200 483 2269 Arqeut.
503 2197 711 2264 d.8.118..lan.
731 2197 807 2254 16³0.

315 2290 505 2372 Kepleroe
520 2288 764 2366 Berneggero
786 2289 815 2351 S.
830 2289 866 2350 P.
882 2290 921 2352 D.
951 2289 1119 2352 clarissime
1135 2293 1370 2372 cmioieeimoqne
1385 2293 1448 2354 Ver.
1486 2291 1558 2353 Jam

207 2380 316 2443 dudum
340 2379 483 2440 desieram
506 2375 544 2436 ad
565 2393 647 2438 meos
670 2377 804 2452 scribere,
828 2377 907 2456 qnod
931 2395 982 2439 ooe
1005 2381 1035 2438 in
1049 2381 1153 2440 itinere
1175 2397 1240 2442 esse
1258 2383 1464 2442 subtimerem.
1496 2377 1557 2441 Sed

207 2471 278 2549 qnia
298 2466 485 2540 tabellarius,
516 2480 604 2543 quem
626 2471 655 2526 e.
680 2463 751 2525 Deo.
774 2466 879 2527 Lanbe
902 2465 1080 2542 dbnislmne,
1109 2467 1165 2528 hoo
1192 2468 1311 2529 demum
1335 2473 1386 2531 15.
1410 2468 1496 2532 Febr.
1518 2466 1559 2529 ad

206 2559 373 2631 mevenit,
404 2569 524 2615 nameus
547 2553 622 2614 inter
652 2554 769 2632 privata
800 2555 889 2614 etlam
916 2554 953 2614 de
975 2555 1104 2616 motibus
1126 2555 1205 2633 apnd
1236 2573 1291 2616 roe
1312 2557 1440 2635 publicis
1462 2555 1559 2633 daque

206 2645 299 2706 milite
315 2645 461 2705 Caesareo
484 2655 638 2702 numeroso
661 2642 690 2699 in
709 2638 838 2700 hibomie
852 2659 905 2721 per
919 2641 1184 2719 wirtemberglam,
1207 2659 1241 2703 ex
1256 2659 1292 2704 co
1308 2643 1444 2704 dubitare
1462 2645 1558 2722 coepi,

206 2742 305 2795 utrum
326 2730 497 2792 Bartsohius
518 2733 618 2790 noster
639 2743 705 2788 cnm
728 2745 783 2788 ena
804 2745 856 2789 sen
878 2747 988 2809 sponse
1010 2745 1062 2790 eeu
1084 2746 1175 2790 uxore
1197 2731 1314 2792 credere
1336 2748 1369 2792 se
1394 2733 1489 2810 possit
1510 2731 1560 2790 in·

206 2823 290 2882 icebs
311 2817 429 2881 [limem
453 2834 553 2879 sersus
576 2815 738 2878 itineribus.
783 2815 886 2876 Scribo
916 2819 1003 2894 igitur
1032 2825 1174 2894 tanquam
1205 2817 1242 2878 ad
1264 2825 1433 2897 praesentes
1454 2818 1559 2879 vobis·

208 2925 284 2985 cnm,
308 2907 360 2968 sed
382 2923 486 2985 pauca.
518 2901 564 2964 'l'u
586 2920 656 2964 vero
679 2903 759 2981 qnod
781 2906 906 2981 geminis
927 2905 988 2982 jem
1004 2907 1142 2968 monuisti
1165 2905 1323 2980 schedulis,
1346 2905 1376 2966 id
1392 2905 1454 2966 alia
1467 2905 1558 2966 effec-

208 3005 270 3059 tum
286 2995 335 3071 do,
358 2995 453 3054 missis
477 2999 495 3053 2
520 2989 735 3069 exemplaribus
756 2991 907 3071 Epistolee
930 2993 1069 3052 sicensis.
1101 2993 1164 3052 Etsi
1186 2993 1326 3054 fasciculo
1347 2993 1436 3054 valde
1457 3000 1558 3053 metuo

209 3087 248 3146 ob
270 3082 363 3163 ὄγκον,
387 3082 499 3142 solatur
527 3097 573 3141 me
594 3087 692 3140 temen
715 3079 833 3140 iounna
855 3083 933 3157 ejus,
963 3097 1050 3158 quem
1073 3079 1222 3159 praedicet
1243 3080 1388 3160 epistola·
1424 3079 1558 3141 Alterum

193 3169 484 3250 legatBartschius
507 3175 622 3229 etcum
645 3183 712 3228 mea
732 3167 828 3228 salute
852 3167 903 3228 det
924 3168 962 3228 D.
984 3167 1126 3229 Malleolo
1157 3167 1294 3246 dicatque
1325 3169 1405 3247 qnod
1433 3185 1480 3228 ree
1502 3175 1558 3242 est,

210 3277 256 3321 me
279 3257 430 3320 consulem
459 3258 544 3334 qnasi
571 3252 718 3333 quendam
748 3257 778 3313 in
805 3263 909 3316 senatu
936 3255 1142 3318 mathematico
1173 3254 1210 3316 de
1240 3259 1413 3334 quaestione
1441 3255 1559 3317 Sincnsi

209 3347 323 3422 reterre,
346 3353 381 3406 ut
402 3349 473 3406 vota
495 3342 648 3421 colligam,
678 3345 753 3403 inter
775 3349 871 3404 cetera
894 3350 924 3404 et
945 3345 1037 3422 ipsius
1061 3350 1093 3403 ut
1115 3347 1266 3419 veterani,
1294 3361 1385 3423 ecque
1407 3345 1463 3423 ipsi
1485 3343 1559 3403 meis

210 3435 309 3497 verbis
338 3433 375 3494 de
401 3431 521 3492 meliore
551 3438 623 3492 note
652 3429 852 3508 commendet3
884 3431 1006 3492 alterum
1034 3432 1086 3492 nbi
1109 3439 1141 3492 tu
1163 3425 1282 3510 legeris,
1306 3431 1344 3494 D.
1369 3432 1404 3495 D.
1426 3428 1560 3492 Schmidt

212 3541 279 3585 oum
300 3520 395 3582 multo
417 3521 527 3581 honore
542 3523 729 3596 praesentato
746 3519 832 3596 eique
847 3519 1032 3580 Bartschinm
1047 3536 1144 3580 meum
1159 3519 1374 3582 commendato.
1411 3517 1444 3580 Si
1459 3519 1560 3596 graei-

212 3619 303 3672 tatem
324 3611 355 3668 in
378 3625 425 3668 me
448 3607 593 3668 desiderat
615 3606 765 3682 majorem,
789 3614 911 3668 excuset
932 3624 978 3668 me
1001 3609 1058 3686 ipsi
1072 3616 1239 3685 paupertas,
1264 3614 1404 3669 excusent
1424 3605 1560 3683 exempla

102 3728 110 3743 ·
211 3701 376 3778 principum
399 3699 536 3770 virorum,
558 3695 734 3754 necessitate
757 3694 839 3754 lateii
862 3711 1016 3772 expressa3
1045 3693 1172 3772 denique
1195 3694 1272 3756 edde
1294 3697 1441 3757 senarium
1463 3693 1558 3754 buncr

212 3805 247 3848 eo
271 3803 331 3863 qua
352 3785 432 3860 licet,
456 3799 515 3842 non
538 3783 674 3856 sanctior,
698 3783 750 3859 qui
772 3799 831 3859 que
852 3782 934 3843 libet.
979 3783 1041 3844 Nec
1063 3783 1140 3844 enim
1172 3782 1259 3844 debet
1282 3801 1348 3845 esse
1370 3784 1472 3844 tortior
1493 3797 1560 3842 mea

210 3875 313 3952 lingua
336 3889 424 3950 qnam
447 3868 622 3931 bellatorum
645 3871 787 3930 teutonici
809 3869 860 3930 alti
890 3872 1041 3947 sanguinis
1074 3887 1187 3931 manus.
1233 3869 1265 3931 st
1286 3872 1393 3932 liberet
1414 3869 1558 3946 tempori-

209 3963 265 4022 bus
287 3962 368 4022 hiece
387 3960 496 4037 jocari,
525 3955 677 4030 adderem,
708 3973 755 4018 mc
778 3956 900 4035 eclipsin
924 3958 1185 4035 Argentinensibne
1208 3961 1322 4019 mittere
1344 3957 1494 4033 subsidio,
1525 3961 1560 4015 ut

211 4050 309 4110 solent
331 4065 413 4107 arma
435 4047 542 4120 usibus·
559 4043 673 4106 bellicis
696 4053 750 4106 etc.
781 4044 865 4105 Haec
887 4050 917 4104 et
939 4043 1048 4106 similia
1070 4045 1108 4106 ed
1131 4045 1168 4104 D.
1193 4045 1230 4106 D.
1246 4045 1381 4107 Schmidt
1401 4044 1558 4105 scriberem

213 4139 320 4216 ipsum,
342 4138 398 4194 nisi
420 4131 600 4211 percendum
623 4141 701 4194 esset
722 4132 872 4192 iesoiculo.
896 4130 962 4194 ,Te
984 4149 1065 4210 rogo,
1088 4133 1219 4194 reseras·
1473 4153 1477 4158 ·

314 4222 399 4298 Quae
413 4223 443 4280 in
457 4237 541 4282 meae
555 4221 665 4281 rictum
680 4237 808 4297 nensqne
824 4219 977 4296 impendis,
1000 4219 1154 4298 diligenter
1169 4221 1318 4298 consigna,
1342 4217 1420 4280 dabo
1434 4231 1555 4296 operam

209 4320 242 4382 nt
264 4313 305 4372 sis
329 4310 482 4372 indemnis.
514 4308 609 4386 Cupio
632 4309 712 4385 ipsos
731 4307 838 4384 jurare
853 4309 989 4368 omuibus
1011 4311 1113 4386 copiis,
1138 4309 1217 4369 omni
1240 4306 1306 4368 fide.
1340 4305 1451 4384 Scripsi
1465 4304 1558 4365 'l'am-

211 4399 327 4478 pechio,
351 4398 435 4458 deret
457 4393 537 4473 quod
559 4397 658 4472 coegit
679 4413 715 4456 ex
737 4395 809 4456 meis
832 4395 925 4469 libris,
948 4396 1079 4457 detracto
1103 4403 1200 4458 οοοιοο
1224 4411 1278 4455 suo
1301 4393 1417 4458 solario.
1460 4391 1558 4472 Saepe

210 4486 313 4548 eadem
335 4485 374 4546 ad
396 4487 493 4569 ipsum
513 4484 640 4545 scribere
663 4481 860 4561 periculosum
883 4490 928 4544 eet
949 4485 988 4544 ob
1010 4491 1120 4546 metum
1141 4483 1376 4560 interceptionie,
1408 4481 1463 4541 tibl
1486 4496 1557 4540 vero
1595 4519 1600 4526 -

210 4575 284 4636 hacc
307 4572 344 4635 dc
365 4589 412 4633 me
434 4573 554 4632 testanti
577 4569 676 4632 credet
697 4569 793 4631 ieoile.
819 4603 858 4615 -
881 4572 943 4628 Jam
964 4573 1132 4646 interpositis
1157 4571 1252 4643 paucis
1277 4572 1311 4628 de
1329 4570 1432 4628 tabulis
1451 4570 1557 4627 matbe-

210 4667 323 4737 maticis,
343 4677 414 4735 quae
433 4677 516 4733 snpra
533 4677 596 4734 pag.
616 4661 668 4718 146
685 4661 820 4731 leguntur,
839 4659 882 4717 his
900 4662 982 4718 duem
1000 4662 1065 4718 tecit
1083 4660 1231 4730 Keplerue:

312 4758 473 4818 Chremeta
488 4761 516 4832 3,
536 4762 564 4830 4,
581 4760 610 4816 b.
626 4753 713 4817 Febr.
736 4754 803 4814 risa
816 4753 905 4832 longe
920 4753 1047 4831 lateque,
1064 4753 1121 4828 hio,
1138 4748 1345 4824 Vretieleviee,
1363 4750 1398 4814 iu
1414 4747 1556 4826 blacchia,

208 4844 388 4922 Voitlendie,
411 4843 556 4913 hauberti,
579 4839 722 4904 Dreedec.
754 4841 904 4906 Distincor
925 4841 1082 4906 muitarum
1096 4839 1269 4916 scriptione;
1292 4841 1412 4917 ignosce
1427 4843 1457 4899 ct
1470 4837 1556 4902 Vale.

210 4934 320 5014 dagani
341 4933 368 4998 d
393 4928 489 5018 hlih.
513 4931 600 4998 Febr.
626 4931 719 4994 1630.
