3624 5554
820 415 896 480 ¹⁶⁰0·
1464 415 1529 492 vti

274 591 440 664 Quapropter
462 595 578 648 omuibus
600 595 742 648 illustribus
764 598 952 664 praestantibus
978 603 1003 647 et
1031 597 1141 653 cordatis
1166 599 1224 650 virle
1249 601 1467 664 praenominatum
1492 597 1528 654 Μ.

177 661 311 729 lieplerum
331 667 363 716 de
382 665 486 716 meliore
504 675 564 717 unte
581 683 657 733 quarn
676 669 946 718 commendatissimum
964 682 1018 720 esee
1037 671 1125 735 cnplo,
1148 675 1227 735 utque
1246 672 1299 731 eius
1322 669 1451 720 laudabile
1468 685 1529 736 pro·

176 739 284 804 pesitum
307 743 333 786 et
353 743 459 788 conatus
478 741 589 800 egregios
613 741 638 788 ic
657 739 705 788 hac
728 740 830 788 sublimi
853 744 878 787 et
902 737 1006 802 evulgi
1029 747 1103 804 captu
1129 747 1223 788 semote
1245 742 1351 790 scientia
1374 741 1479 790 ulterius
1505 747 1530 790 et

176 808 273 874 plenius
291 806 434 858 excolenda
450 809 571 869 adiuvent
589 815 614 858 et
632 814 806 874 promoveant,
825 804 917 874 quibus
937 824 1039 870 possum
1056 812 1175 874 precibus
1195 811 1287 860 obnixe
1304 817 1330 860 et
1343 810 1454 862 oidcioso
1467 825 1527 870 rogo
1592 847 1602 860 .

142 923 146 934 ,
177 883 250 944 atque
268 879 393 930 obtestor:
413 880 515 930 iecerint
533 881 569 930 sle
586 894 641 928 meo
655 879 769 942 equidem
786 880 882 940 Judlcic
900 878 1017 942 Reipubl.
1036 877 1183 942 littorariae,
1200 882 1334 946 praecipue
1353 895 1411 930 vero
1430 882 1529 932 divinae

178 945 244 996 illics
262 945 443 996 Aetrcuomiee
461 951 588 1014 totiusque
608 949 721 998 eruditae
740 950 879 998 matheseos
898 951 1006 998 alumnis
1024 964 1074 998 rem
1094 949 1227 1000 admodum
1240 951 1327 998 utilem
1347 955 1423 1016 atque
1442 965 1530 1016 aecep-

178 1023 238 1080 tam,
263 1019 327 1082 quin
353 1025 380 1067 et
398 1031 447 1068 nou
467 1018 556 1068 saltem
580 1021 629 1085 ipsi
648 1019 684 1068 Μ.
704 1019 812 1085 Kepiero
839 1019 1007 1084 commodam,
1034 1019 1077 1068 sed
1102 1025 1127 1068 et
1151 1021 1213 1069 mibi
1237 1021 1269 1067 ob
1289 1021 1426 1070 nonicrmla
1444 1022 1530 1070 studia

178 1053 249 1148 lceg’e
274 1090 445 1153 gratissimam
470 1105 499 1138 ec
516 1103 667 1156 quocunque
689 1101 735 1154 per
755 1104 797 1140 me
815 1090 915 1138 licuerit
936 1087 1020 1138 oiiieio
1045 1091 1156 1138 vicissim
1178 1093 1389 1154 compensandam
1413 1097 1438 1140 et
1456 1093 1529 1140 ebse-

180 1160 268 1222 quleee
285 1165 369 1208 mente
388 1165 510 1222 perpetuo
535 1159 701 1210 recolendam.
736 1161 890 1224 inquorum
914 1161 1025 1208 omnium
1044 1159 1224 1211 evidentiorem
1242 1164 1268 1208 et
1283 1159 1422 1224 pleniorem
1440 1159 1530 1210 testifi-

180 1229 301 1277 cationem
326 1227 439 1289 sigillum
463 1245 544 1278 meum
568 1232 675 1296 apposui
700 1236 725 1279 ot
747 1233 849 1296 proprie
875 1244 951 1280 mauu
974 1231 1121 1294 subscripsi.
1161 1231 1252 1280 Actum
1277 1232 1303 1280 iu
1330 1245 1386 1281 aree
1410 1229 1532 1283 Caesarea

180 1298 333 1348 ileuuatioba
352 1299 486 1350 inchoante
505 1315 588 1350 rnense
606 1301 692 1364 Juulo,
711 1302 784 1350 Anno
806 1303 883 1354 1600.

385 1369 413 1422 S.
1050 1369 1137 1434 'i'Jeho
1157 1371 1237 1421 Brshe
1256 1385 1331 1421 mann
1349 1371 1460 1437 proprie.

281 1453 344 1508 Etsi
366 1451 501 1522 lieplems
522 1453 709 1508 consentiente
726 1453 866 1524 Tyeboue
876 1453 999 1509 Graiium
1020 1453 1140 1513 redieret
1158 1460 1187 1509 et
1210 1455 1326 1512 reditum
1347 1471 1408 1510 cum
1430 1453 1532 1510 familie

178 1543 356 1612 promiserat,
383 1541 469 1596 nihilo
495 1541 584 1598 minus
607 1541 641 1596 de
659 1541 749 1622 reditu
774 1539 929 1609 dubitabat,
955 1539 1029 1610 qued
1047 1557 1081 1595 ex
1100 1540 1143 1596 his
1162 1541 1197 1596 ad
1215 1539 1440 1598 Maestiinnm
1460 1535 1530 1598 detis

177 1629 264 1685 literis
284 1631 382 1700 (orarii
400 1634 424 1684 d.
445 1633 486 1686 le.
504 1631 574 1696 sept.
596 1629 685 1698 icoo.)
705 1635 833 1698 apparet:

217 1753 221 1761 ·
283 1721 422 1782 Calendis
444 1721 527 1782 «iunii
551 1721 694 1787 Benutiea
717 1721 839 1781 discessi
864 1718 999 1780 Graiium
1022 1735 1139 1796 versus,
1163 1719 1313 1794 negotium
1328 1719 1434 1796 reliqui
1457 1739 1531 1797 pen·

178 1811 290 1872 duium.
334 1807 452 1870 Terdec
475 1817 544 1868 eunt
565 1807 766 1886 expeditiones
790 1807 913 1869 aulicae.
950 1807 1117 1868 Potuiseem
1139 1807 1395 1868 intercessionibus
1415 1809 1532 1884 oprimis

177 1899 299 1976 adjutus
329 1901 358 1960 iu
389 1897 523 1958 Caesaris
553 1899 673 1956 servitio
702 1895 880 1974 stipendium
911 1897 1019 1969 iacere,
1052 1893 1105 1954 sed
1134 1911 1181 1954 me
1211 1896 1338 1970 vestigia
1368 1902 1532 1955 terruerunt

176 1985 335 2064 splendida
357 1985 504 2062 stipendia
524 1987 712 2058 merentium,
743 1987 793 2044 vix
820 1983 970 2043 dimidium
999 1984 1110 2059 ingenti
1134 1999 1199 2042 euru
1229 1981 1402 2042 difficultate
1433 1991 1532 2060 extor-

175 2075 337 2150 quentium.
382 2073 487 2149 Iraque
510 2071 681 2154 'l'Jebouem
705 2073 779 2132 inter
801 2081 832 2132 et
854 2090 900 2132 me
922 2073 965 2130 eie
987 2071 1133 2142 convenit,
1157 2077 1190 2128 nt
1212 2067 1307 2129 Gratti
1330 2069 1431 2130 literas
1455 2071 1533 2131 Gae-

175 2166 248 2222 earie
273 2166 482 2263 exspectarem,
507 2161 615 2236 quibue'
639 2160 812 2234 efficeretur,
836 2168 868 2219 ut
890 2165 1004 2219 retente
1027 2159 1135 2217 salerio
1158 2157 1292 2236 Styriseo
1314 2175 1367 2233 per
1389 2175 1479 2218 unum
1503 2167 1534 2220 et

175 2249 301 2310 aiterum
333 2265 443 2307 sunum
472 2249 500 2304 iu
524 2247 695 2309 Bchemiem
718 2249 890 2325 migrarem,
923 2247 1030 2324 quibus
1054 2263 1119 2307 cum
1141 2244 1234 2306 literis
1257 2247 1420 2306 mitteretur
1443 2247 1532 2306 etiem

176 2340 330 2398 viaticum
354 2368 394 2380 -

280 2421 339 2484 Sed
363 2422 493 2482 ordinem
515 2437 622 2499 sequor
637 2429 795 2483 eventuum
817 2421 945 2500 ideoque
964 2419 1094 2497 jucunda
1117 2419 1231 2480 acerbis
1253 2421 1372 2482 miseco
1396 2417 1533 2480 Calendis

176 2513 306 2588 Augusti
340 2509 420 2570 mille
449 2509 592 2587 amplius
599 2511 713 2570 civibus
737 2517 766 2570 et
787 2508 1012 2588 provincialium
1034 2493 1198 2566 ministris'
1203 2509 1232 2565 in
1263 2507 1334 2566 urbe
1357 2507 1428 2582 hec,
1458 2509 1533 2568 iuter

174 2600 225 2658 hoe
251 2605 283 2658 ei
305 2598 388 2672 mihi,
419 2605 593 2675 perpetuum
615 2606 661 2658 est
683 2597 824 2658 indicium
848 2595 967 2658 exilium
997 2599 1073 2654 intra
1096 2593 1158 2654 dies
1183 2599 1233 2654 45.
1279 2593 1432 2653 Vilissima
1454 2594 1534 2655 laete

174 2695 218 2746 est
239 2685 381 2764 supellex
413 2688 522 2759 omnis,
550 2687 676 2762 pecunia
698 2685 780 2746 nulia
809 2687 865 2745 nisi
889 2686 1002 2743 minute
1024 2681 1172 2759 Ungerica
1195 2684 1269 2741 luter
1291 2681 1425 2741 homines
1447 2699 1533 2742 erer-

173 2782 274 2849 cetnr,
308 2773 491 2835 decimentur
520 2773 599 2834 buna
622 2776 720 2834 omniu
744 2771 907 2849 diligenter.
951 2769 999 2830 Τιι
1022 2777 1119 2830 cetera
1141 2767 1220 2829 mela
1243 2769 1365 2845 conjice.
1409 2767 1533 2828 Renun-

173 2865 248 2922 ciari
276 2861 335 2922 hcc
358 2861 494 2936 Pragem
539 2860 700 2938 Rescripsit
721 2859 841 2938 TJeho,
869 2859 932 2936 jem
961 2875 1008 2919 me
1032 2875 1051 2918 a
1073 2874 1106 2917 se
1137 2863 1272 2916 oretenus
1298 2864 1328 2915 et
1350 2857 1532 2916 nominatum

173 2950 296 3010 (lassari
321 2957 350 3008 et
373 2949 576 3026 approbatum,
600 2950 679 3008 scias
702 2949 864 3028 exspectari
887 2947 987 3006 literas
1010 2944 1047 3004 de
1068 2945 1125 3004 hac
1146 2961 1193 3019 reJ
1217 2950 1247 3002 et
1271 2945 1341 3020 qnia
1362 2943 1534 3021 perturbata

171 3039 230 3096 siut
253 3037 383 3096 ccrrsilie
406 3045 525 3113 propter
547 3039 697 3113 exspirans
719 3035 858 3095 salarium
881 3033 1048 3120 Styrlaoum
1071 3033 1254 3110 (renuncievi
1277 3033 1363 3108 enim,
1387 3033 1510 3089 iturus
1503 3049 1532 3090 ru

173 3127 302 3200 petriam
329 3133 358 3185 et
381 3123 471 3184 alium
496 3123 644 3184 dominum
668 3125 854 3200 quaesiturus
877 3121 996 3198 iibere),
1028 3118 1134 3179 suadet
1155 3117 1356 3194 vehementer,
1388 3125 1420 3176 ul
1442 3120 1533 3179 missa

174 3213 430 3286 wirtembergic
424 3229 450 3268 ιιι
467 3211 640 3271 Bohemiem
656 3228 743 3288 qnam
759 3211 883 3287 primum
899 3210 1038 3269 venirem
1066 3207 1198 3266 Incertus
1214 3205 1329 3266 haereo.
1369 3203 1418 3265 Sic
1433 3213 1532 3266 temen

173 3300 322 3372 meditor,
353 3299 522 3358 lineium
514 3316 555 3359 rre
579 3315 643 3357 curn
667 3297 779 3359 iemiiia
801 3314 895 3373 eaque
917 3298 958 3356 ibi
982 3296 1083 3355 relicte
1106 3293 1231 3370 Prugem
1254 3301 1352 3370 petere
1381 3293 1479 3367 eolus,
1504 3303 1533 3354 et

173 3405 231 3465 quo
256 3390 329 3448 ioco
352 3389 407 3445 sim
430 3386 552 3459 iuturus,
577 3385 656 3462 quod
678 3385 831 3445 habiturus
854 3383 1001 3458 seierlum,
1026 3399 1114 3460 quam
1137 3397 1219 3458 spem
1242 3382 1306 3457 ejus
1330 3381 1531 3458 extorquendi,

172 3479 361 3552 provisurus,
383 3483 526 3552 quantum
547 3473 649 3533 divina
671 3474 765 3551 gratie
796 3471 873 3532 mihi
889 3471 1051 3532 indulserit.
1098 3469 1137 3528 Al
1159 3471 1185 3528 el
1208 3485 1316 3546 magna
1338 3471 1397 3528 sint
1418 3471 1533 3529 incoen-

171 3564 260 3623 mode
282 3565 395 3635 lutura,
419 3579 554 3624 reversus
568 3561 703 3621 Lincium
726 3577 792 3621 oum
814 3558 927 3620 iemiiia
947 3577 1001 3637 per
1016 3557 1184 3618 Danubium
1201 3556 1245 3616 'ad
1269 3573 1322 3616 vos
1346 3556 1532 3632 contendam,

172 3651 237 3712 Deo
265 3653 362 3709 vitam
392 3656 577 3727 prorogante.
623 3647 790 3709 Medicinae
813 3663 929 3708 cursum
958 3644 1146 3722 auspicabor,
1178 3643 1286 3704 dabitis
1315 3645 1385 3704 mihi
1408 3643 1532 3706 tortasse

170 3737 458 3816 proiceainncuiem,
489 3738 560 3814 qnia
582 3737 747 3798 mehercule
771 3753 806 3795 ex
830 3734 921 3794 divite
944 3736 973 3791 in
996 3751 1049 3810 spe
1071 3734 1165 3792 iaetus
1188 3749 1253 3791 sum
1276 3735 1478 3810 pauperrimus
1501 3751 1532 3792 re

170 3831 244 3904 ipsa.
270 3823 420 3888 .Urorem
443 3826 519 3885 enim
543 3823 612 3884 duxi
636 3843 672 3885 ur
695 3823 843 3900 locuplete
859 3821 955 3895 domo,
979 3822 1063 3897 enjus
1086 3827 1148 3880 tots
1171 3822 1308 3896 cognatio
1324 3823 1352 3878 in
1369 3819 1472 3880 cedern
1488 3829 1533 3880 eet

169 3917 260 3992 uari3
286 3922 324 3973 et
345 3921 409 3980 tels
431 3915 559 3989 ipserum
582 3913 750 3973 substantie
772 3917 816 3970 est
839 3913 867 3967 in
891 3907 1099 3982 immobilibus,
1123 3925 1200 3984 quse
1215 3904 1283 3967 surii
1298 3909 1450 3982 vilissima,
1474 3909 1533 3967 lmo

167 4019 204 4063 ne
236 4001 364 4080 quidem
395 3999 566 4060 vendibilia.
611 3998 721 4060 Omnes
752 3997 810 4056 iilis
841 3995 956 4056 inhient
985 3999 1048 4056 sine
1076 3997 1181 4072 pretio.
1226 3995 1352 4055 Cautum
1383 3997 1458 4054 enim
1489 4003 1533 4054 est

170 4089 291 4151 decrero
317 4089 467 4166 principis,
491 4104 527 4147 ne
551 4089 616 4166 quie
640 4105 676 4148 ea
698 4089 784 4157 bone,
809 4101 885 4161 qnae
907 4101 966 4144 nou
991 4083 1154 4144 vendiderit
1176 4083 1252 4142 intra
1276 4087 1315 4144 45
1340 4083 1420 4155 dies,
1444 4081 1532 4141 alicui

168 4179 324 4255 pontificio
350 4176 449 4234 iecere
471 4177 574 4252 pessit.
599 4207 640 4219 -
664 4173 737 4234 Suui
760 4173 835 4232 haec
850 4172 969 4244 cuidem
983 4173 1095 4249 grevia,
1119 4177 1150 4231 at
1172 4187 1231 4230 non
1254 4169 1433 4242 crediderim,
1457 4168 1532 4228 adeo

169 4267 256 4326 dulce
282 4281 353 4325 esee
377 4279 431 4340 pre
459 4263 615 4340 reiigione,
647 4279 700 4338 pro
724 4262 830 4321 Christi
858 4259 969 4320 honore
1000 4277 1066 4320 cum
1096 4257 1280 4334 aliquantulo
1303 4266 1389 4318 eoeiu
1411 4258 1531 4316 ireirum

171 4355 292 4427 damna,
320 4350 515 4412 contumelias
538 4353 609 4427 pati,
634 4349 746 4424 domos,
771 4363 875 4424 agros,
898 4349 1017 4422 amieos,
1041 4349 1166 4424 petriam
1190 4345 1331 4406 deserere.
1375 4343 1407 4404 Sl
1431 4361 1531 4403 verum

167 4444 347 4519 martyrium
372 4445 403 4497 et
424 4439 505 4498 vilae
525 4437 641 4514 jactura
663 4438 852 4515 proportione
875 4435 1002 4512 quadam
1022 4432 1188 4512 respondet,
1212 4439 1246 4490 ut
1262 4447 1321 4508 quo
1336 4431 1432 4507 majus
1448 4431 1532 4491 dem·

167 4547 236 4590 num
273 4530 335 4588 hcc
363 4527 458 4602 major
489 4525 603 4586 laetitia
631 4526 686 4586 sit:
726 4521 812 4585 iaciie
843 4530 888 4583 est
916 4529 946 4583 et
979 4523 1051 4582 mori
1079 4538 1132 4599 pro
1160 4517 1310 4596 religione.
1352 4519 1418 4579 Non
1450 4535 1532 4580 cesso

167 4626 266 4677 temen
300 4615 412 4674 luctari
434 4621 463 4673 er
486 4629 552 4672 cum
582 4612 773 4673 incommodis
804 4609 1030 4688 temporalibus,
1062 4617 1095 4668 ut
1122 4609 1219 4668 banno
1246 4605 1361 4680 solvar,
1390 4623 1427 4666 ne
1450 4606 1532 4668 deci-

165 4712 285 4766 mentur
310 4705 393 4762 bona
416 4702 515 4759 ureris
538 4717 637 4773 meae,
668 4705 840 4776 argumento
868 4714 975 4758 emsa
1002 4697 1185 4758 restitutione
1214 4699 1300 4770 cepto
1323 4704 1358 4767 (v.
1383 4715 1404 4753 e.
1422 4717 1449 4767 p.
1469 4701 1532 4770 704)

165 4811 201 4853 ue
223 4795 266 4852 sit
290 4805 331 4850 ea
353 4789 429 4848 milri
450 4787 544 4848 iraudi
567 4789 666 4865 potins
690 4805 778 4864 quarn
802 4787 891 4846 bono.
935 4785 1010 4846 Nam
1033 4787 1057 4844 si
1081 4792 1149 4843 ante
1172 4783 1320 4841 biennium
1343 4797 1402 4843 uon
1424 4781 1531 4845 rediis-

164 4898 234 4957 sem,
260 4877 495 4941 decimationem
529 4869 694 4956 effugerem
722 4883 753 4938 et
783 4873 876 4938 multa
897 4871 966 4936 alia
1011 4871 1061 4936 Sic
1082 4877 1150 4932 suut
1173 4867 1291 4952 ἐχθρω
1312 4867 1418 4954 ἀιιιρα
1440 4877 1530 4953 doec,
