3588 5540
280 403 346 478 874
382 375 386 380 ¹
793 417 989 516 oraremus
1005 419 1124 494 nepum

280 597 345 664 1³⁰si
361 593 457 664 lituae·
475 601 582 656 noras:
614 594 761 678 Fervebat
781 602 931 679 proelum,
954 603 1095 680 surgebat
1116 617 1190 679 opus
1213 599 1364 661 docniuse
1384 597 1552 674 theoricae,
1574 613 1624 658 co·

280 687 375 738 sature
398 682 461 756 ejus
485 684 625 760 legitimo,
649 704 737 764 quam
759 691 789 748 in
806 690 996 768 praeambulo
1012 691 1160 750 doctrinas
1182 689 1353 766 sphaericae
1368 689 1452 765 tetigi
1474 693 1529 752 (vt
1549 689 1625 759 stu),

280 769 433 842 antiquum
457 771 619 846 obtinente,
643 775 818 839 dormitante
847 797 884 838 nn
904 783 1040 839 ‘animam
1067 778 1164 838 lorean
1187 779 1327 853 agitante,
1351 785 1447 852 partes
1472 791 1541 835 vero
1563 774 1625 850 ejas

280 854 435 930 supplente
468 857 644 922 liberalitate
676 868 793 939 patruni
823 867 1045 928 eminentissimi
1075 868 1198 936 (Abusus
1225 869 1259 924 de
1282 867 1512 934 cremsmonster,
1536 881 1560 918 v.
1585 867 1625 932 a),

282 959 347 1000 cum
385 960 452 1004 ecce
489 947 558 1006 milri
595 965 713 1010 oausam
741 954 870 1013 subitam
900 951 1102 1032 proficiscendi
1131 957 1169 1023 (iu
1192 954 1457 1021 Warttembergiaru)
1499 967 1627 1026 opusque

280 1031 522 1109 interrumpendi,
556 1053 615 1112 quo
655 1041 719 1115 lpso
756 1049 886 1118 tempore
922 1051 952 1104 et
985 1044 1048 1120 typi
1078 1039 1165 1099 finem
1194 1037 1259 1098 libri
1290 1040 1386 1113 quarti
1415 1039 1573 1113 attigerant
1600 1043 1629 1095 et

280 1117 428 1180 nundinae
466 1122 724 1188 Franoolurtenses
756 1128 901 1190 adessent.
961 1129 1081 1201 Incidit,
1123 1125 1283 1186 rectissime
1322 1126 1465 1198 loturum,
1499 1128 1525 1184 ei
1556 1124 1628 1183 liber

281 1214 419 1283 quartus,
450 1213 501 1284 qul
529 1217 721 1276 communiter
751 1225 810 1276 tam
840 1217 969 1296 physicis
993 1235 1080 1293 quam
1111 1215 1286 1274 astronomia
1307 1215 1432 1290 scriptus
1460 1220 1518 1286 est,
1549 1228 1629 1271 seor-

280 1295 338 1352 sim
368 1298 457 1354 etiarn
490 1297 639 1375 ederetur,
675 1309 707 1362 ut
736 1321 789 1379 pro
817 1307 936 1366 arbitrio
972 1305 1090 1364 cmtoris
1118 1303 1277 1362 astronomi
1308 1301 1355 1360 vul
1386 1297 1481 1360 omitti
1508 1298 1555 1360 vel
1583 1301 1629 1357 in·

170 1437 177 1452 Κ
282 1383 340 1440 seri
370 1385 464 1459 possit
486 1387 515 1444 iu
539 1387 681 1463 reliquam
703 1393 861 1468 epitomen.
908 1395 1007 1452 Gouler
1025 1411 1086 1452 cnm
1106 1391 1158 1462 uis,
1175 1407 1246 1461 quae
1265 1407 1347 1462 supra
1370 1391 1415 1458 (sd
1432 1407 1533 1446 sunum
1550 1389 1628 1455 16¹9)

284 1469 319 1524 de
338 1471 456 1528 editione
474 1475 638 1534 Harmoniae
657 1487 708 1536 etc.
726 1485 933 1552 proposuimus,
950 1483 1050 1552 quibua
1067 1481 1135 1536 baso
1152 1479 1324 1547 adjungimus
1342 1477 1425 1534 verbe
1443 1476 1562 1548 Kepleri.
1578 1477 1631 1532 Ne·

280 1573 375 1629 perum
401 1562 579 1633 alloquentis:
608 1562 674 1622 Hoc
704 1566 769 1642 ipso
791 1563 874 1626 Julio
904 1581 1003 1624 mense
1026 1564 1160 1623 Lincium
1189 1560 1281 1620 allato
1312 1561 1469 1639 exemplari
1499 1561 1567 1620 libri
1588 1563 1630 1620 tui

281 1645 514 1721 (canonislrogn
538 1657 570 1708 nt
593 1649 630 1708 ad
654 1649 704 1710 sol.
732 1657 771 1712 28
796 1652 921 1729 legendo
944 1655 1080 1728 perveni,
1105 1649 1288 1710 considerare
1311 1653 1393 1726 coepi
1417 1667 1486 1708 num
1508 1649 1632 1708 sortasse

280 1735 493 1806 aequationum
516 1737 635 1797 tabulae
658 1741 775 1816 penitus
798 1744 912 1818 possint
938 1742 1050 1812 omitti,
1080 1741 1190 1816 quippe
1218 1755 1294 1814 quae
1323 1740 1410 1797 meris
1433 1735 1632 1798 additionibus

281 1815 330 1877 rel
353 1822 603 1884 subtractionibus
627 1826 765 1888 facillimo
788 1828 983 1906 perficientur.
1033 1829 1125 1902 Atqui
1147 1843 1192 1885 res
1215 1823 1304 1886 habet
1326 1825 1416 1901 paulo
1438 1823 1531 1884 aliter.
1567 1824 1632 1884 Non

282 1909 378 1966 omnis
404 1910 540 1971 molestia
562 1913 680 1974 subluta
703 1922 762 1988 est‘,
791 1924 884 1976 restat
911 1919 1070 1976 etiamnum
1098 1915 1221 1974 attentio
1246 1921 1276 1972 et
1298 1913 1429 1972 cautelae
1453 1913 1554 1972 variae
1578 1919 1633 1975 etc.

281 1991 372 2054 Ratio
397 1996 465 2056 tslts
489 1999 560 2058 mihi
582 2001 637 2062 luit
660 2002 797 2076 ineunda,
820 2012 853 2064 ut
876 2003 951 2063 duae
968 2012 1066 2063 essent
1080 2018 1132 2078 pro
1148 1999 1339 2076 unoquolibet
1361 2001 1480 2078 planeta
1502 1999 1631 2074 tabulae,

161 2091 167 2096 ‘
283 2079 378 2142 altera
401 2084 506 2146 indicis
529 2091 726 2164 proportionis
749 2090 883 2150 datorum
906 2091 1030 2151 laterum
1052 2106 1186 2150 summae
1208 2088 1247 2148 ad
1271 2087 1462 2148 diderentiom
1478 2090 1522 2160 (in
1540 2089 1633 2146 triau-

283 2167 354 2240 gulo
377 2171 453 2234 inter
475 2175 610 2250 Terram,
642 2177 742 2236 Solem
765 2186 795 2238 et
817 2179 995 2255 planetam),
1025 2177 1119 2237 altera
1141 2176 1242 2251 auguli
1265 2176 1475 2251 (elongationis
1497 2193 1516 2236 a
1539 2174 1631 2252 Sole).

283 2255 366 2318 Haec
394 2259 446 2320 illa
474 2280 542 2338 pars
574 2272 619 2324 est
642 2265 822 2326 Tabularum
846 2265 1129 2343 (Rudolphiuarum)
1160 2263 1199 2322 ad
1226 2269 1292 2322 tuos
1321 2261 1511 2339 logurithmos
1541 2263 1633 2322 relor·

282 2344 389 2405 manda
391 2388 498 2410 .....
544 2351 591 2410 lta
620 2352 787 2430 logsrithmi
816 2357 858 2414 tui
887 2355 1051 2414 necessario
1081 2370 1149 2428 pars
1178 2351 1249 2412 fient
1271 2351 1451 2410 Tabularum
1472 2348 1633 2427 Rudolpbi,

282 2433 363 2507 prius
387 2443 485 2496 tamen
508 2441 537 2496 in
562 2439 678 2500 officina
701 2459 767 2501 mea
789 2443 899 2514 reunsi,
922 2443 1035 2519 eritque
1059 2457 1109 2501 our
1130 2438 1188 2500 sibi
1210 2438 1392 2516 gratulentur
1413 2441 1576 2498 astronomi
1600 2437 1634 2499 de

283 2524 372 2580 moris
394 2527 467 2584 mais
492 2528 532 2597 (d.
551 2531 638 2586 Linsii
657 2545 751 2588 mense
769 2534 893 2606 Augusto
915 2533 1006 2601 1619).
1073 2571 1077 2580 ·

388 2622 500 2679 Aestate
519 2629 584 2683 anni
603 2627 668 2684 belli
686 2627 820 2685 tumultus
843 2629 871 2683 iu
889 2629 1026 2685 dustriam
1044 2627 1211 2698 superiorem
1229 2625 1396 2693 ingruerunt.
1431 2625 1635 2681 Maximillanua

283 2707 416 2764 llanariae
435 2710 491 2766 dux
509 2713 536 2768 d.
554 2715 597 2772 24.
617 2715 684 2771 Julii
702 2717 825 2772 Lincinm
845 2717 988 2787 occuparit
1007 2722 1034 2770 et
1053 2715 1161 2771 ordines
1179 2714 1349 2782 Austriacoe,
1374 2713 1428 2770 hue
1446 2730 1536 2783 usqne
1553 2714 1635 2783 impe-

282 2794 352 2849 rium
371 2796 561 2870 detrectantes,
581 2804 690 2873 subegit
706 2804 789 2872 inque
807 2819 905 2859 nomen
923 2804 1095 2873 imperaturis
1112 2799 1279 2857 Fordinsndi
1296 2801 1391 2869 jurare
1410 2801 1498 2868 coegn
1514 2803 1571 2869 (10.
1584 2801 1637 2856 Διι-

283 2883 377 2954 susti).
405 2887 506 2944 Isitcris
524 2907 559 2944 ex
571 2892 805 2962 Wnrttembergia
818 2893 938 2962 Keplero
956 2891 1145 2958 nunciabatur,
1164 2890 1191 2944 in
1210 2888 1289 2958 pejus
1305 2887 1373 2942 resti
1390 2903 1434 2942 res
1452 2887 1549 2944 matris
1567 2903 1637 2944 eanr-

283 2985 336 3039 que
353 2972 381 3026 iu
399 2976 550 3032 custodiam
569 2977 661 3034 datam
680 2995 741 3035 esse
761 2987 788 3034 et
806 2979 841 3033 sd
859 2987 991 3036 temeram
1010 2978 1186 3047 postulatam,
1205 2976 1304 3046 quibus
1315 2983 1405 3030 motus
1418 2975 1491 3030 tilius
1503 2975 1533 3030 in
1547 2977 1639 3032 thrt·

176 3127 182 3134 ¹
283 3059 458 3128 tombergiam
482 3065 623 3132 protectus
649 3076 704 3138 est,
730 3075 761 3123 ut
784 3075 898 3123 matrem
921 3083 1012 3122 coram
1034 3064 1127 3135 judice
1150 3061 1317 3119 detenderet.
1353 3061 1447 3116 Amico
1464 3061 1638 3130 Berneggero

283 3145 419 3215 Keplerus
438 3151 464 3207 d.
484 3151 527 3208 29.
546 3155 664 3222 Augusti
683 3157 804 3226 scripsit:
828 3152 859 3214 S.
877 3151 910 3209 P.
928 3151 965 3209 D.
989 3150 1066 3208 Mira
1082 3156 1111 3208 et
1127 3148 1172 3206 his
1196 3149 1289 3208 turbis
1311 3148 1451 3207 inusitata
1466 3149 1515 3205 via
1532 3148 1636 3208 literae

284 3241 354 3290 tuae
378 3249 445 3292 cum
468 3233 624 3296 honorario
647 3241 717 3316 reip.
737 3240 957 3315 Argentinensis
980 3235 1195 3298 liberalissimo,
1210 3235 1247 3295 ad
1264 3251 1309 3294 uae
1332 3243 1537 3311 pervenerunt.
1576 3236 1638 3294 'ls-

285 3319 426 3380 bellarius
443 3321 584 3382 ascherii
607 3325 705 3386 literas
729 3327 795 3386 illes
812 3327 902 3385 obvio
925 3325 1015 3397 dedit,
1040 3341 1105 3383 cnm
1128 3326 1191 3400 ipse
1215 3324 1309 3382 abiret
1330 3323 1478 3394 aliorsum,
1502 3323 1553 3382 bie
1575 3323 1635 3396 alii,

283 3407 401 3467 tandem
431 3418 528 3470 tamen
560 3411 680 3474 illaesae
710 3415 749 3474 ad
772 3431 817 3475 me
840 3419 1044 3490 pervenerunt.
1090 3410 1200 3488 Scripsi
1229 3412 1387 3488 gratiarnm
1418 3412 1566 3472 actionem
1598 3411 1636 3468 D.

283 3495 417 3556 Storclrio
441 3515 565 3574 eamque
587 3503 734 3561 transmisi
764 3503 828 3578 ejus
851 3499 926 3574 ulio,
956 3500 1051 3560 Stirae
1075 3498 1207 3574 degenti,
1232 3497 1398 3557 curandam.
1445 3498 1489 3557 Ea
1510 3501 1537 3557 si
1562 3498 1637 3558 torte

283 3583 413 3644 nondum
436 3595 513 3646 esset
536 3587 652 3662 tradita,
676 3607 748 3667 rogo
771 3599 802 3648 tn
826 3589 940 3647 iuterim
964 3590 1104 3647 vicariam
1127 3603 1245 3662 operam
1268 3584 1362 3656 loces,
1386 3585 1638 3646 luculentissimas

283 3674 393 3748 gratius
416 3673 575 3750 protessus.
615 3677 661 3740 lll.
679 3677 715 3738 D.
734 3677 865 3738 Wotonii
889 3693 946 3735 non
970 3677 1065 3734 minor
1087 3691 1157 3747 erga
1180 3690 1226 3732 ma
1242 3673 1409 3732 hnmanitas
1432 3675 1461 3732 in
1485 3673 1636 3734 visitando

283 3762 353 3834 luit;
387 3759 481 3821 doluit
510 3780 722 3840 praeproperus
752 3765 816 3841 ejus
844 3765 993 3823 transitus.
1038 3761 1179 3821 Hortatur
1203 3769 1235 3819 ut
1258 3763 1287 3818 in
1313 3760 1450 3836 angliam
1474 3770 1635 3821 transeam.

283 3847 357 3907 Mihi
380 3857 477 3910 tamen
502 3850 575 3910 baec
599 3852 691 3913 altera
714 3871 779 3913 rates
802 3855 897 3928 patria
912 3857 1030 3929 propter
1053 3850 1242 3925 ignominiam
1266 3849 1361 3921 istam,
1386 3865 1474 3925 quam
1498 3852 1636 3920 sustinet,

282 3935 443 3998 deserenda
465 3953 522 3996 uon
547 3948 592 3998 est
615 3939 706 4013 ultro,
739 3943 794 3999 nisi
818 3939 907 3998 velim
938 3942 1070 4016 ingratus
1093 3936 1205 3995 haberi.
1251 3934 1371 3995 interim
1394 3936 1465 3994 mihi
1489 3935 1638 3997 lamenta·

283 4024 341 4084 bile
364 4026 419 4085 iter
440 4028 469 4083 in
485 4025 742 4103 wirtembergiam
759 4028 908 4099 incumbit,
932 4023 1012 4101 quod
1035 4023 1182 4100 ingrediar
1198 4023 1261 4083 Deo
1278 4022 1396 4083 volente
1412 4029 1479 4101 post
1494 4039 1638 4084 mensem.

283 4120 331 4168 Dte
349 4121 390 4172 lb.
404 4121 473 4184 Sept.
493 4119 647 4182 lngolstadlo
665 4124 728 4172 base
746 4123 789 4172 dat
807 4123 899 4172 sidem:
932 4113 978 4172 De
1009 4129 1074 4172 meo
1105 4113 1208 4171 itinere
1243 4129 1279 4170 ex
1313 4113 1418 4171 comite
1449 4109 1636 4185 Gringttllelo

281 4202 431 4260 rescisces.
477 4201 521 4260 De
545 4219 634 4262 ceusu
665 4207 775 4266 itineris
805 4199 972 4262 adhucdum
994 4199 1043 4258 ille
1066 4201 1171 4271 nescit,
1205 4200 1317 4258 utinam
1346 4216 1382 4258 ue
1405 4197 1475 4275 quid
1499 4203 1640 4260 resciscat

283 4289 312 4345 in
337 4291 461 4348 transitu
485 4289 746 4368 Wirtembergiae,
778 4290 883 4350 melius
905 4305 1019 4349 mecum
1041 4294 1186 4363 ageretur.
1231 4285 1351 4345 Interim
1375 4293 1471 4346 tamen
1496 4288 1639 4348 iconem

282 4391 392 4435 meam
427 4377 520 4440 mitto.
565 4379 597 4437 Si
621 4380 719 4439 bellici
743 4388 840 4438 motus
870 4393 916 4436 me
948 4391 1007 4436 non
1036 4372 1257 4450 impediveriut,
1288 4375 1386 4449 cogito
1415 4373 1639 4436 Franoolurtum

282 4462 373 4524 adire.
419 4463 612 4540 Argentinum
636 4483 787 4527 excurrere
809 4471 1009 4539 sumtuosnm;
1034 4461 1141 4522 videbo
1165 4467 1271 4521 tamen.

387 4573 536 4643 Keplerum
554 4591 614 4632 oum
627 4575 740 4632 Jesuitis
752 4572 1017 4642 ingolstadiensibns
1036 4573 1125 4640 egisse
1142 4569 1177 4625 de
1190 4569 1303 4628 edendis
1316 4569 1553 4640 Ephemeridibus,
1573 4571 1641 4628 dixi-

283 4671 343 4712 mus
362 4659 415 4715 rol.
434 4663 492 4715 Vll.
510 4677 535 4732 p.
554 4664 606 4719 452
624 4677 660 4730 s,
680 4677 792 4731 eamque
809 4659 882 4715 torte
900 4661 935 4716 ob
954 4675 1063 4716 oausam
1082 4660 1142 4730 ipss
1158 4658 1320 4728 lngolstadii
1339 4657 1535 4728 aliquantisper·
1552 4675 1641 4715 mora-

283 4743 372 4814 batur,
390 4745 491 4802 tamilis
504 4750 671 4805 Ratiabonue
688 4750 791 4805 relicta.
818 4748 1004 4819 Gringalletns
1020 4749 1173 4816 ¹Augustum
1193 4762 1355 4818 percurrens
1369 4747 1426 4815 J'am
1445 4746 1488 4803 die
1506 4745 1550 4801 28
1566 4745 1640 4816 Sept

283 4833 395 4887 nunciet
412 4835 532 4904 chlero
549 4837 585 4894 tle
603 4837 711 4906 chaum,
735 4853 816 4907 qnam
835 4837 974 4906 Augustae
992 4835 1179 4905 procuraverit
1202 4837 1237 4892 ad
1255 4834 1466 4905 Ephemeridum
1485 4833 1641 4892 editionem.
