3612 5538
624 455 667 514 De
684 455 778 514 amicis
796 461 823 516 et
840 455 993 516 fautoribus
1008 457 1132 532 liepleri.
1488 456 1554 528 983

203 634 309 712 agitur.
356 631 405 695 Ad
427 633 506 697 hune
526 635 617 714 igitur
645 637 749 716 scripsi
779 637 951 718 prolixius.“
998 637 1111 714 Quibus
1143 637 1241 700 serbis
1263 635 1409 717 Keplerus
1431 637 1461 698 id
1484 639 1555 716 agit,

202 729 236 782 ut
254 722 376 799 juvenis
398 729 493 784 totum
515 726 644 784 animum
668 729 866 786 astronomiae
889 723 988 786 studio
1011 726 1190 799 conciliaret,
1214 733 1244 788 et
1266 725 1346 786 baud
1363 725 1452 787 dubie
1467 726 1556 786 simui

202 809 257 870 sibi
280 825 363 888 apem
386 811 465 886 iecit,
488 811 549 872 iore
572 818 605 870 nt
627 829 698 872 snus
720 812 855 873 laborum
878 823 956 874 esset
979 811 1114 890 adjutor3
1136 815 1232 892 pergit
1255 815 1332 874 enim
1356 813 1415 874 his:
1441 812 1554 892 „Sp'ero

202 896 392 958 aMaeatlino
408 901 560 975 suppetias
575 899 744 976 hujusmodi
766 905 800 973 (ι,
820 921 841 960 a.
859 921 887 975 p.
907 907 978 976 770),
1001 918 1068 960 nam
1084 908 1218 961 huncum
1234 899 1388 974 nodosum,
1412 917 1471 978 qno
1486 909 1555 962 ute·

201 985 255 1044 bar
269 1001 303 1044 ex
319 1001 462 1046 concesso
476 986 734 1062 Noribergenaiom
750 985 947 1066 (Odontinm)‚
963 991 1060 1047 remisi
1076 988 1246 1049 academiae
1261 1005 1333 1048 suae
1350 987 1553 1049 iiltdoriduae.

201 1071 264 1132 Nisi
286 1071 373 1133 iaiior
395 1071 570 1134 Maeatlinua
598 1075 660 1151 jam
690 1074 803 1154 pridem
826 1075 883 1136 hoc
913 1077 1039 1139 tecum!
1086 1075 1266 1136 Clariorihns
1289 1074 1434 1152 Keplerus
1462 1078 1555 1136 utitur

202 1159 300 1219 verbis
321 1168 446 1221 exeunte
469 1160 525 1222 hac
549 1161 683 1240 epistola,
709 1179 785 1239 qnae
817 1161 883 1224 loco
911 1162 990 1222 dioto
1014 1160 1114 1223 allata·
1133 1169 1209 1222 sunt
1255 1160 1334 1240 Quid
1357 1171 1455 1224 autem
1477 1164 1554 1243 patri

202 1243 380 1326 scripserit,'
396 1265 431 1309 ex
454 1247 533 1308 iliius
555 1265 712 1327 responso,
735 1267 824 1330 sopra
846 1267 915 1328 pag.
941 1255 1003 1311 776
1028 1251 1122 1311 obiter
1145 1249 1267 1324 tradito,
1291 1249 1475 1328 aliquantum
1498 1267 1554 1331 ap·

202 1342 292 1412 paret.
339 1335 368 1394 Is
398 1337 475 1396 enirn
505 1335 742 1412 indignabundus
770 1339 887 1416 scripsit
916 1337 1005 1398 baec:
1039 1337 1105 1411 „Ad
1133 1337 1226 1396 iillum
1253 1355 1350 1400 meum
1385 1336 1553 1398 Samuelem

201 1421 279 1498 quod
302 1424 415 1497 attinet,
439 1430 470 1485 tu
492 1427 615 1485 naeniae
636 1425 730 1503 ipsius
744 1427 865 1484 nimium
885 1425 968 1501 juato
990 1423 1111 1488 attollis.
1147 1425 1216 1484 Tiro
1240 1423 1290 1485 iiie
1312 1431 1356 1485 est
1378 1434 1408 1486 et
1429 1427 1553 1487 tironem

201 1507 378 1588 appellando
400 1513 521 1571 ninnium
545 1511 653 1572 dixisse
676 1519 763 1591 puto,
796 1529 863 1575 narn
887 1521 916 1572 et
939 1514 1002 1591 ipae
1026 1529 1081 1588 ego
1110 1514 1139 1570 in
1161 1511 1377 1572 mathematicis
1400 1514 1456 1573 tiro
1478 1503 1553 1588 anni,

200 1604 417 1678 praeceptorem
441 1605 539 1659 tannen
566 1598 645 1659 illins
675 1615 762 1676 agero
784 1599 864 1660 bona
891 1615 957 1659 cum
980 1601 1159 1660 conscientia
1187 1617 1303 1678 queam.
1349 1597 1408 1660 Sed
1427 1599 1491 1677 jam
1514 1599 1553 1660 ad

201 1685 229 1744 ld
252 1685 370 1757 accedo,
394 1685 472 1764 quod
489 1685 583 1746 dicam
599 1688 742 1747 avaritiae
757 1687 827 1746 mihi
845 1686 996 1761 adscribis,
1020 1703 1107 1764 quam
1126 1687 1267 1747 sectando
1281 1686 1438 1747 liberorum
1455 1687 1553 1748 studio

201 1781 230 1833 et
251 1771 377 1834 salntem
400 1772 558 1852 negligam
590 1773 664 1834 Eu·
656 1791 685 1832 m
707 1791 748 1847 re,
773 1775 843 1851 quia
853 1777 975 1860 primus
998 1773 1067 1834 mihi
1091 1773 1165 1834 haee
1188 1775 1292 1851 objicis
1315 1781 1345 1834 et
1367 1777 1438 1851 qnia
1453 1777 1554 1852 quoti
1640 1825 1643 1830 .

201 1859 288 1919 diana
310 1863 409 1938 prexia
431 1879 483 1940 per
506 1861 562 1921 Dei
584 1863 708 1939 gratim
732 1879 778 1922 me
801 1862 854 1938 iis,
878 1863 986 1940 quibua
1009 1871 1096 1922 notus
1119 1879 1199 1936 aum,
1231 1865 1304 1922 satia
1326 1867 1450 1941 purgat,
1478 1861 1552 1921 nihii

199 1946 338 2024 adjiciam
361 1949 496 2028 amplius.
542 1948 655 2025 Quodsi
678 1965 748 2009 vero
771 1957 868 2027 putas,
892 1947 1037 2026 ejusmodi
1057 1947 1204 2025 J'nveniiiu
1227 1951 1355 2026 ingenia,
1381 1949 1469 2026 quale
1492 1948 1553 2009 dlio

199 2051 265 2096 meo
284 2035 347 2112 J'am
371 2045 423 2112 est,
446 2038 540 2097 omnia
562 2037 677 2114 generis
701 2037 839 2096 vitiorum
861 2052 897 2096 ae
919 2036 1062 2096 scelernm
1079 2037 1216 2116 periculis
1239 2036 1472 2113 haeresibusque
1494 2038 1550 2097 ob·

195 2120 345 2200 jactanda,
367 2125 410 2185 sic
432 2127 509 2184 enim
524 2123 670 2184 nobiliora
684 2121 832 2202 praeclare
847 2125 1002 2202 probatum
1025 2125 1070 2197 iri,
1093 2123 1166 2182 nibil
1190 2123 1303 2198 celabo,
1327 2125 1399 2183 anibi
1421 2139 1553 2184 meorum

197 2209 354 2274 liberorum
377 2213 491 2290 parenti
514 2211 601 2288 longe
624 2210 711 2272 aliam
739 2219 865 2272 mentem
887 2229 962 2271 esse.
1007 2209 1082 2270 Nam
1105 2227 1180 2290 opus
1204 2219 1233 2271 et
1255 2211 1340 2272 labor
1360 2217 1414 2286 est,
1438 2218 1472 2271 nt
1488 2213 1554 2290 pie·

198 2303 289 2358 tatem
320 2297 430 2375 colant,
462 2301 487 2358 ai
515 2301 641 2360 maxime
672 2301 770 2378 pravis
803 2299 945 2379 exemplis
977 2315 1035 2358 non
1066 2297 1408 2378 consumatorem
1438 2300 1554 2360 iuterim

198 2385 309 2463 gratias
332 2403 388 2464 ago
412 2403 464 2464 pro
486 2389 580 2448 amico
602 2387 632 2446 in
656 2403 702 2446 me
724 2401 865 2464 meosque
886 2387 1089 2447 adeatu-
1007 2388 1023 2421 ⁰¹
1555 2433 1559 2450 ,

303 2471 490 2552 Superiora·
476 2493 540 2552 Jam
561 2474 628 2535 loeo
652 2480 910 2534 commemoratum
933 2480 991 2547 est,
1021 2473 1111 2534 talam
1138 2471 1229 2533 inisse
1251 2472 1374 2552 Keplari
1405 2438 1552 2548 naturam,

197 2565 231 2619 nt
253 2563 446 2637 cogitationes
470 2565 519 2622 via
542 2572 628 2622 natas
650 2562 790 2621 brevibus
812 2561 1004 2640 perscriberet
1033 2563 1252 2637 amicorumque
1276 2569 1306 2620 et
1329 2569 1499 2640 exspectata
1522 2565 1553 2622 et

197 2649 371 2725 merissima
392 2648 542 2727 postulata
565 2647 795 2709 contradictione
818 2647 855 2708 ad
878 2665 929 2708 aas
945 2645 1071 2725 amplios
1086 2645 1271 2708 meditandas
1287 2655 1315 2708 et
1331 2647 1552 2728 pertractandas

197 2733 369 2812 perductum
391 2754 424 2796 se
447 2735 545 2798 vellet.
592 2735 687 2812 Quam
710 2736 842 2796 intimam
866 2735 1015 2811 cogitandi
1038 2743 1069 2794 et
1091 2733 1236 2794 sentiendi
1258 2737 1445 2810 societatem,
1476 2751 1553 2812 qna·

198 2825 256 2884 iem
272 2823 417 2902 Keplerus
440 2830 571 2902 speraret
594 2841 630 2884 ea
653 2825 764 2896 amicis,
788 2821 865 2902 apud
889 2821 1080 2882 Maestlinum
1105 2822 1142 2880 ab
1159 2840 1186 2881 a.
1206 2827 1298 2884 root.
1322 2825 1351 2880 in
1376 2822 1438 2883 dles
1454 2823 1552 2882 mino·

198 2929 259 2971 rem
281 2911 373 2972 inisse
396 2911 533 2972 vidimus.
579 2910 690 2971 Davldi
713 2907 818 2971 deinde
841 2909 978 2970 Fabricio
1001 2907 1146 2988 Keplerus
1168 2927 1196 2968 a.
1224 2914 1317 2969 1666.
1341 2912 1404 2988 lpse
1426 2909 1553 2970 seribere

198 2997 297 3072 desiit,
320 3015 386 3060 oum
410 3000 474 3076 ejus
498 3001 674 3078 sempiterna
704 3015 798 3058 rernm
820 2999 939 3078 saepius
961 2994 1103 3056 dictarum
1132 2997 1328 3058 ruminatione
1351 3002 1381 3058 et
1401 2997 1552 3076 perpatulo

197 3087 318 3146 somrriia
341 3092 371 3146 et
392 3089 478 3164 nogia
503 3085 687 3162 astrologicis
710 3097 828 3164 prorsus
851 3090 929 3145 esset
952 3083 1142 3161 defatigatus.
1179 3083 1351 3144 Herwartns
1375 3083 1411 3144 de
1427 3082 1552 3143 Hohen·

196 3175 272 3250 burg
294 3173 411 3250 quidem
433 3191 528 3251 usqne
551 3173 589 3234 ad
605 3189 713 3233 annum
733 3179 825 3234 1669.
848 3175 879 3232 iu
902 3171 1118 3248 chronologicis
1140 3171 1246 3230 studiis
1260 3170 1383 3249 Kepierl
1407 3171 1551 3230 auxilium

197 3269 227 3322 et
249 3263 374 3338 petierat
396 3269 425 3320 et
448 3265 615 3334 invenerat,
638 3267 795 3344 praeterea
817 3259 853 3321 de
877 3261 1058 3320 nahonomia
1080 3259 1271 3336 quaestiones
1294 3261 1321 3320 ei
1343 3260 1499 3337 proposuit
1521 3263 1552 3319 at

198 3349 235 3410 de
257 3349 424 3409 tabularum
449 3350 695 3410 arithmeticorum
719 3347 849 3408 editione
863 3346 984 3423 chieri
1007 3346 1162 3407 eonsilium
1177 3346 1342 3423 postulavit
1364 3351 1450 3421 (anno
1471 3349 1549 3408 1616.

197 3439 249 3495 hae
267 3439 380 3496 tabulae
399 3439 488 3496 editae
507 3445 584 3511 sunt;
609 3438 659 3496 cir.
680 3437 851 3509 v01.1v.p.
871 3439 950 3508 527),
982 3435 1089 3511 qulbus
1122 3435 1210 3494 rebus
1237 3433 1387 3513 Kopierus
1421 3434 1484 3512 ipso
1512 3431 1551 3493 ad

197 3521 324 3602 amplius
353 3523 550 3602 quaerendum
579 3523 691 3583 excitus
721 3531 775 3582 eat.
820 3521 894 3581 cum
925 3527 1024 3582 autem
1053 3519 1134 3581 edito
1155 3520 1303 3582 Hernarti
1332 3537 1440 3600 magno
1463 3537 1552 3600 opere

197 3609 405 3688 chronologico
429 3611 543 3688 (1612)
570 3612 695 3670 rariores
725 3616 754 3668 et
783 3623 890 3669 eansae
919 3617 950 3668 ot
972 3611 1142 3668 occasiones
1172 3615 1270 3670 essent
1296 3608 1454 3670 literarum.
1468 3625 1552 3670 com·

196 3699 337 3760 mercium
361 3695 464 3758 eodem
488 3713 547 3776 qno
570 3697 668 3758 adbuc
691 3693 779 3756 modo
802 3695 1002 3768 continuandi,
1027 3696 1096 3755 hnic
1119 3711 1238 3774 quoque
1260 3699 1356 3758 amico
1372 3697 1476 3758 eodem
1492 3697 1552 3757 iera

197 3794 328 3864 tempore
352 3801 411 3863 quo
435 3787 573 3847 Fabricio
595 3785 695 3845 literas
719 3782 866 3860 Kepleros
889 3784 1004 3843 mittere
1035 3782 1131 3843 desili.
1178 3783 1349 3861 Brenggero
1372 3785 1498 3861 deniqne
1521 3789 1551 3844 et

197 3873 336 3934 ilarrioto
367 3873 500 3950 inprimis
531 3872 568 3933 do
597 3873 695 3949 optleo
723 3871 850 3932 scribere
879 3869 984 3930 soiitos
1014 3878 1060 3929 est
1088 3883 1118 3930 et
1147 3869 1237 3930 modo
1267 3879 1327 3931 tum
1351 3871 1402 3932 din
1424 3872 1550 3948 scripsit,
1614 3899 1616 3906 ·

197 3959 340 4038 quamdiu
364 3959 575 4036 Kepierlnnnm
599 3961 691 4037 ipsius
714 3961 827 4035 optices
858 3955 987 4017 studium
1011 3967 1041 4017 et
1063 3957 1150 4018 ardor
1171 3975 1231 4018 non
1252 3957 1363 4019 resedit
1384 3966 1415 4018 et
1436 3957 1552 4035 languit

197 4050 247 4127 (ab
271 4067 298 4108 a.
323 4053 424 4109 root:
442 4065 537 4126 nsque
560 4046 596 4106 ad
620 4065 648 4108 a.
676 4046 793 4123 1666).
823 4043 920 4120 Quum
943 4042 1001 4104 hoe
1023 4043 1111 4105 modo
1134 4043 1281 4124 Kepleros
1305 4045 1344 4105 ad
1366 4043 1395 4103 id
1414 4043 1551 4105 redactus

197 4143 284 4210 esaei,
307 4146 341 4196 nt
362 4135 435 4212 ipsis
457 4136 621 4196 veterrimis
643 4136 705 4194 anis
727 4134 901 4210 propinquis
924 4137 954 4191 et
976 4134 1079 4193 amicis
1103 4131 1139 4193 da
1162 4132 1268 4193 studiis
1291 4130 1437 4193 scribendi
1460 4149 1551 4193 causa

197 4231 226 4284 et
248 4223 366 4285 occasio
389 4223 523 4298 abesset,
556 4238 673 4283 omnam
704 4236 800 4280 nosos
821 4219 954 4279 homiues
984 4220 1183 4296 cognoscendi
1210 4220 1340 4281 oblatam
1364 4221 1550 4280 occasionem

196 4313 337 4389 arripuit,
368 4317 402 4370 nt
422 4313 532 4388 puriter
554 4319 645 4387 atque
672 4317 774 4381 antea,
805 4308 964 4384 partimin
988 4307 1054 4368 aliis
1084 4309 1235 4369 literarum
1265 4307 1452 4384 regionibns,
1483 4323 1550 4368 cnm

196 4402 298 4460 amieis
321 4399 517 4476 cogitationes
540 4413 610 4458 suas
633 4395 874 4457 communicaret.
921 4392 972 4454 Sic
994 4393 1117 4473 Kepleri
1139 4411 1205 4456 cnm
1228 4395 1414 4472 Bernaggero
1436 4397 1550 4474 episto·

195 4487 289 4548 iarum
305 4493 400 4546 ortum
415 4493 461 4548 est
476 4487 690 4557 commercium,
714 4481 795 4560 quod
811 4478 939 4559 quidem,
963 4488 998 4542 ut
1020 4499 1112 4560 supra
1126 4481 1265 4556 vidimus,
1288 4497 1325 4541 ex
1340 4482 1452 4543 minore
1465 4490 1550 4560 parte

197 4575 234 4636 ad
258 4576 359 4636 literas
383 4575 534 4650 pertinuit.
579 4573 626 4634 Do
649 4569 842 4646 chronologia
864 4569 914 4647 (de
937 4585 1024 4642 anno,
1049 4585 1108 4646 qno
1131 4569 1266 4630 christus
1288 4574 1334 4628 eat
1355 4575 1452 4645 natus,
1476 4569 1550 4630 deii·

195 4661 312 4736 niendc,
336 4659 462 4738 aliisquo
484 4659 521 4722 de
543 4659 644 4734 rebus)
668 4658 810 4730 Calvisio,
834 4655 979 4731 Zieglero,
1003 4655 1154 4732 scaligero
1177 4657 1215 4716 ab
1238 4660 1429 4716 6111101667.
1453 4673 1549 4734 usque

197 4750 274 4810 ada
276 4751 398 4811 ,1616.
421 4749 546 4827 scripsit,
570 4746 607 4806 de
629 4745 733 4806 iisdem
755 4744 844 4804 rebus
868 4743 1003 4805 Deukaro
1026 4742 1108 4804 aba.
1127 4747 1221 4803 1616.
1244 4742 1434 4818 aequanda.
1454 4751 1548 4806 1614.

197 4839 277 4897 misit
299 4835 451 4915 epletolaa,
475 4853 550 4913 quoa
572 4836 653 4913 ipsos
675 4835 754 4893 intra
776 4847 870 4892 annos
893 4837 923 4892 st
945 4829 1108 4890 Harmonia
1133 4837 1164 4889 61
1186 4827 1412 4906 liphemerldnm
1434 4849 1502 4910 para
1518 4837 1549 4894 et

196 4923 405 5004 lindoiphiuaa
426 4923 548 4986 1666116
567 4921 732 5002 aiiepiero
753 4921 882 5000 scriptae
904 4925 982 4981 snut.
1014 4913 1081 5002 Quo
1103 4933 1139 4977 aa
1160 4915 1357 5000 epistolamna
1374 4922 1549 4994 commercio
