3588 5540
749 431 751 439 '
794 435 872 498 itte.
1230 479 1233 486 -
1440 431 1505 506 859

154 615 282 681 dictione
304 617 376 680 milri
397 617 455 680 hoc
477 615 590 692 dicere,
620 623 754 700 ,cetsrs,
783 617 820 681 de
843 619 952 696 quibus
974 619 1103 696 rogasti,
1131 619 1240 680 rectius
1261 635 1314 695 per
1335 615 1505 680 schedulam

155 705 353 785 expedientur,
377 723 466 783 qnam
489 712 555 786 post
576 706 690 768 abitum
713 715 794 766 tunm
810 710 943 785 proxima
958 709 1114 768 occasione
1134 702 1314 786 mittam“*).
1352 705 1430 766 Hinc
1449 721 1505 783 ogs

154 813 236 873 sporn
259 796 398 871 concepi,
425 794 486 855 lore
516 801 552 855 ut
571 794 659 870 Dign.
684 794 750 854 Tua
772 796 912 856 scriberet
934 796 970 858 i).
995 795 1037 857 ii.
1059 793 1194 867 Hialero,
1225 797 1386 872 rogavique
1409 795 1505 871 ipsum

154 883 243 944 semel
267 882 356 959 reique
379 884 492 953 iterum,
517 881 628 942 nihilne
651 883 705 943 abs
729 883 818 960 Digre
841 882 908 943 'lus
929 883 1079 943 literarum
1107 883 1281 960 accepisset,
1313 883 1421 959 quibus
1449 885 1506 942 mel

154 970 237 1032 deret
265 969 400 1030 mertini
438 968 512 1031 Cum
533 971 623 1045 igitur
650 969 724 1029 nihil
756 969 816 1031 talc
843 973 989 1050 acciperet
1018 969 1060 1032 M.
1089 969 1240 1040 Hlslerus,
1273 987 1307 1030 ex
1337 969 1393 1030 boc
1417 969 1505 1046 Dign.

155 1057 238 1119 Taso
260 1057 378 1118 silentio
401 1057 528 1135 conjeci,
553 1057 641 1132 Dign.
664 1058 759 1118 Tuam
782 1066 937 1137 propterea
958 1059 1151 1130 abstinuisse,
1184 1059 1253 1133 quia
1276 1060 1302 1118 si
1325 1057 1396 1133 qnid
1419 1060 1506 1117 stiam

154 1145 339 1208 scribendum
361 1152 441 1206 esset
462 1143 500 1204 ad
523 1145 559 1204 D.
582 1144 733 1206 Hisisrnm
757 1145 792 1208 da
815 1146 872 1207 hoc
894 1146 1072 1207 exclusionis
1094 1147 1231 1220 negotio,
1254 1144 1284 1202 id
1306 1145 1376 1204 nrlhi
1399 1143 1508 1206 adrer-

155 1251 219 1294 sunr
243 1250 338 1309 eoquo
360 1235 507 1311 ingratam
528 1233 657 1294 futurum
679 1235 907 1308 existimaverit,
937 1236 1008 1310 quia
1030 1252 1078 1294 so.
1109 1231 1229 1294 ridebat
1252 1248 1288 1292 ex
1311 1249 1377 1292 rnes
1398 1232 1508 1307 schesis
1622 1236 1625 1246 '

155 1321 310 1398 Tubiugao
333 1321 371 1380 ad
393 1337 425 1382 se
447 1323 545 1393 missa,
571 1339 617 1380 mo
639 1319 718 1382 nollo
741 1321 848 1400 depelli
867 1323 906 1383 ab
922 1323 1094 1401 exceptione
1108 1339 1175 1382 mea
1190 1328 1291 1379 contra
1306 1320 1410 1380 librum
1427 1321 1507 1380 Con·

61 1459 65 1466 .
159 1408 285 1470 cordiae.
331 1407 482 1487 Perpende
507 1410 692 1470 occasionem
715 1409 855 1485 querelae
879 1417 909 1470 et
931 1426 1076 1488 cognosce
1098 1409 1235 1481 obsecro,
1259 1408 1341 1468 illam
1362 1407 1507 1469 immods-

155 1502 231 1558 rtam
252 1513 311 1556 non
335 1497 435 1570 luisse,
459 1513 513 1556 nec
534 1497 655 1576 petiisse
677 1496 778 1558 literas
801 1500 886 1574 qnasi
909 1497 945 1556 ad
969 1514 1015 1559 ms
1037 1501 1134 1576 ipsum
1157 1495 1334 1570 exerendas,
1362 1497 1414 1556 sed
1438 1513 1507 1575 pro-

156 1584 261 1657 lectam
284 1601 349 1645 esee
372 1601 408 1644 ex
431 1585 528 1644 auimo
551 1587 661 1658 saucio,
684 1593 839 1664 propterea
861 1584 940 1662 qnod
962 1601 1015 1664 spe
1038 1585 1133 1646 excidi
1155 1585 1382 1652 intercessionis.

261 1669 348 1749 Quod
370 1673 459 1748 igitur
481 1671 579 1733 dolere
601 1679 631 1732 to
653 1673 713 1744 als,
737 1673 817 1750 quod
838 1673 1040 1734 auxiliatorem
1064 1675 1208 1751 excipiam
1231 1673 1329 1732 rerbls
1351 1672 1507 1732 acerbissi-
1621 1726 1627 1732 .

157 1762 226 1822 misr
250 1761 440 1822 acerbitatem
462 1777 518 1837 ego
540 1759 652 1822 unllam
673 1777 861 1839 recognosco,
885 1776 961 1838 quae
984 1761 1094 1835 directa
1116 1763 1208 1821 sitin
1230 1759 1266 1820 R.
1291 1759 1379 1836 Digu.
1402 1759 1507 1834 Tuam,

158 1855 189 1910 at
210 1847 300 1910 talem
323 1849 441 1908 omniuo
464 1847 654 1908 acerbitatem
675 1848 783 1922 iateor,
816 1867 876 1926 qus
899 1851 990 1910 animi
1017 1847 1184 1909 mel-dolor
1204 1847 1404 1926 exprimatur,
1435 1863 1508 1908 oon·

159 1943 261 2013 ceptus
284 1953 320 1996 ex
342 1935 558 1997 ratihabitione
571 1935 660 2012 lrnjrrs
681 1954 765 1997 mese
787 1937 974 1998 exclusionis.
1011 1935 1043 1997 Si
1066 1937 1142 1997 talea
1163 1937 1316 2014 imperavi,
1338 1952 1397 1996 non
1416 1951 1508 1996 renuo

158 2023 262 2102 plecth
294 2023 339 2083 sin
363 2041 446 2098 vera,
471 2021 550 2101 qnod
573 2023 685 2084 seilicet
707 2024 851 2100 theologi,
878 2026 929 2101 qni
950 2022 1093 2084 iorrnnlae
1115 2021 1290 2084 concordiae
1313 2025 1508 2096 subscribunt,

157 2111 267 2172 iaciant
299 2128 335 2172 ex
358 2111 389 2172 S·
413 2110 515 2192 Gpsna
544 2119 685 2172 tesseram
713 2111 988 2190 particularieeimss
1015 2112 1095 2171 illins
1122 2111 1329 2186 confessionis,
1361 2119 1511 2188 quaeest

97 2238 99 2246 ν
158 2197 377 2278 comprehensa
392 2201 419 2258 in
443 2199 518 2258 libro
542 2198 738 2272 Concordiae,
761 2198 813 2259 iila
835 2199 971 2276 equidem
991 2199 1155 2277 theologie,
1186 2201 1235 2276 qni
1259 2217 1290 2260 ee
1313 2207 1392 2260 recte
1414 2199 1510 2259 iacere

157 2287 347 2359 arbitrantur,
371 2287 516 2348 acerbitas
539 2295 591 2348 ant
615 2288 799 2364 exprobratio
822 2286 913 2349 uideri
937 2304 995 2348 non
1018 2286 1120 2361 debet,
1151 2293 1204 2348 aut
1225 2289 1250 2346 si
1271 2287 1417 2348 acerbitas
1439 2287 1511 2366 ipsis

158 2375 289 2448 ridetur,
321 2382 445 2452 possunt
475 2391 539 2436 eam
571 2377 626 2453 ipsi
649 2375 800 2450 mitigare,
823 2373 1018 2437 concedentes
1041 2374 1112 2434 milii
1135 2373 1308 2436 beneficium
1332 2374 1419 2450 illud,
1450 2391 1510 2451 qno

157 2461 287 2541 medens
316 2458 448 2542 plerique
474 2460 615 2522 laicorum
645 2462 837 2541 simplicium,
868 2465 918 2541 qni
947 2479 1005 2523 non
1026 2463 1167 2539 jubentur
1194 2463 1385 2523 subscribere.
1431 2462 1510 2538 Quid

157 2569 246 2630 pecco
275 2568 345 2628 prae
373 2547 452 2610 illisi
489 2549 666 2610 stuimsccrs
694 2549 820 2631 oportet,
852 2552 959 2627 inquis.
1005 2551 1110 2623 Facio,
1141 2553 1257 2628 quoties
1286 2549 1325 2610 ad
1355 2566 1439 2610 sacra
1462 2567 1509 2612 me

157 2655 311 2718 compono,
335 2637 470 2699 valedico
493 2639 572 2697 omni
594 2639 721 2698 acumini
743 2636 863 2698 humani
885 2639 1006 2714 ingenii.
1051 2637 1109 2698 Cur
1131 2654 1191 2697 non
1212 2645 1246 2697 nt
1267 2637 1392 2715 simplex
1415 2637 1508 2698 laicus

157 2725 300 2806 recipior?
339 2723 369 2786 Si
392 2723 449 2786 boc
471 2723 617 2802 theologis
640 2719 741 2786 moret
762 2728 969 2804 suspicionem,
992 2724 1071 2802 qnod
1093 2742 1198 2786 recuso
1213 2725 1404 2798 subscribere,
1429 2725 1509 2802 quod

157 2833 214 2876 non
238 2815 311 2875 tacit
332 2811 455 2890 simplex
477 2812 586 2874 laicus:
618 2813 747 2890 theologi
777 2814 846 2874 milri
869 2816 949 2894 prius
972 2815 1169 2892 suspicionem
1191 2819 1329 2887 mouent,
1359 2811 1439 2889 qaod
1462 2829 1508 2874 ms

153 2902 258 2980 jubent
280 2893 471 2974 subscribere,
496 2917 560 2960 cum
578 2917 641 2960 -non
661 2901 786 2978 jubeant
807 2901 915 2962 laicum
938 2901 1111 2979 simplicem.
1155 2900 1335 2978 Simplicitas
1357 2915 1417 2961 non
1440 2917 1509 2977 per·

156 2993 279 3052 mittitur
302 2991 339 3060 ei,
362 3006 381 3048 a
404 3003 463 3065 quo
483 2987 626 3064 judicium
648 2990 820 3065 requiritur,
843 2988 922 3066 quod
944 2989 995 3050 ille
1017 2994 1140 3050 testetur
1161 2987 1382 3050 subscribendo.
1428 2987 1508 3048 Sub·

156 3079 276 3155 scriptio
302 3077 513 3154 praesupponit
544 3077 813 3154 comprobationem
840 3079 970 3137 omnium
1000 3083 1030 3137 et
1051 3074 1249 3152 singulorum,
1280 3093 1356 3152 quse
1386 3082 1455 3136 sunt
1477 3077 1507 3133 in

156 3165 231 3226 libro
252 3166 424 3242 perscripta.
471 3163 563 3239 Atqui
593 3163 687 3225 mults
714 3171 784 3224 aaut
810 3181 869 3225 non
899 3165 1008 3225 directe
1036 3163 1217 3242 dogmatica,
1250 3180 1326 3240 quse
1350 3179 1408 3222 non
1433 3179 1508 3240 opus

157 3260 201 3314 est
222 3252 407 3314 subscribere
429 3253 486 3311 nisi
516 3250 613 3325 illurn,
643 3253 694 3328 qni
718 3253 939 3313 concionabitur
960 3253 1086 3330 populo,
1109 3259 1143 3311 at
1165 3259 1306 3312 careatur
1326 3249 1456 3312 schisma
1478 3253 1507 3310 in

156 3341 291 3404 ecclesis.
337 3337 412 3399 Sunt
433 3342 522 3400 etiam
545 3339 682 3415 plurima,
704 3341 734 3398 in
757 3340 864 3416 quibus
888 3340 978 3400 dabla
1001 3349 1045 3400 est
1068 3342 1260 3414 constructio,
1284 3339 1391 3400 dubiae
1413 3341 1508 3418 partl-
1554 3419 1557 3424 Ι

129 3493 132 3500 Δ
156 3429 240 3510 salas
262 3428 423 3502 relatiuam
445 3425 482 3488 de
505 3429 612 3502 quibus
635 3429 660 3487 si
683 3445 831 3504 quaeram,
856 3431 987 3490 curiosus
1009 3428 1136 3504 habeor,
1160 3430 1184 3488 sl
1206 3445 1265 3488 non
1290 3445 1438 3504 quaeram,
1462 3431 1509 3504 ig·

155 3533 238 3590 noro,
264 3518 314 3592 qul
337 3517 427 3592 igitur
447 3515 639 3574 subscribam.
685 3513 799 3590 Collegi
822 3516 924 3575 talinrn
947 3514 1100 3576 dubiorum
1118 3523 1159 3576 60
1182 3531 1218 3575 ex
1241 3515 1366 3576 articulo
1389 3505 1425 3575 ds
1440 3533 1509 3593 per·

155 3621 228 3666 sons
251 3603 368 3665 (lhristi.
413 3601 480 3662 Non
508 3602 636 3683 impedit,
656 3619 703 3663 ms
725 3603 799 3663 baec
821 3605 1002 3680 ignorantis,
1034 3607 1190 3681 quominus
1220 3604 1300 3664 bons
1330 3605 1534 3665 conscientia·

154 3695 268 3770 possim
293 3691 520 3762 communicare,
549 3706 615 3751 cum
638 3689 785 3751 sufficiant
808 3691 899 3751 verba
922 3690 1027 3750 Christi
1050 3691 1212 3752 Biblioruur
1236 3693 1339 3752 brema
1361 3699 1397 3753 et
1412 3707 1509 3769 pauca

154 3797 292 3842 numero:
317 3786 349 3839 st
370 3777 493 3855 impedit
515 3795 571 3853 me,
594 3785 628 3838 ut
648 3795 709 3838 non
732 3777 856 3840 debeam
878 3779 1078 3860 subscrlbpre,
1101 3787 1134 3839 ut
1155 3795 1193 3840 ne
1216 3779 1318 3842 videar
1339 3781 1507 3841 auctoritati

153 3871 254 3948 potins
276 3866 460 3927 subscribere
483 3883 571 3942 quam
593 3867 723 3926 veritati.

258 3953 396 4016 celebrer
417 3953 453 4014 R.
476 3954 565 4030 Digu.
588 3953 655 4014 'l'na
677 3975 752 4016 acan
773 3959 858 4015 deors
878 3971 974 4014 meam
997 3955 1026 4010 lu
1049 3956 1229 4014 aeuouomia
1244 3955 1451 4032 cognitionem,
1473 3960 1508 4012 nt
1625 3989 1627 3994 -

155 4040 213 4106 κατ’
240 4040 326 4120 dpors
347 4041 527 4118 theologiam
549 4039 621 4100 mihi
643 4049 740 4118 neget.
777 4038 898 4102 Utinam
929 4044 1017 4101 etlam
1045 4039 1131 4100 illius
1148 4042 1411 4116 obliviscereminl;
1438 4057 1506 4100 nanr

152 4131 271 4192 videtur
293 4129 346 4190 ills
367 4129 461 4190 vobis.
476 4131 617 4190 incentivi
643 4129 711 4190 loco
739 4147 804 4190 esse
831 4129 870 4190 ad
892 4147 940 4190 me
965 4137 1133 4206 suspectam
1163 4129 1339 4190 laciendum.
1387 4127 1506 4204 ,Quare

152 4237 210 4280 noa
242 4218 309 4278 vult
336 4217 541 4279 subscribere?
576 4217 719 4278 Nlmlrnrn
748 4219 819 4294 qnia
844 4219 1056 4278 mucncmiess
1086 4217 1266 4278 subtilitates
1294 4219 1325 4277 ln
1355 4213 1507 4292 theologia

153 4302 299 4384 qnaerit“
339 4303 470 4365 Obsecro
485 4307 597 4382 percite
611 4305 698 4372 vobis
720 4307 802 4383 ipsis,
825 4322 862 4365 ne
878 4307 1023 4364 insontem
1046 4304 1094 4365 bic
1116 4321 1182 4365 curn
1205 4305 1375 4366 exclusione
1395 4305 1507 4379 punie-

151 4397 198 4458 ris
243 4395 310 4455 Non
342 4391 491 4453 subtilitas
522 4400 568 4454 est
597 4395 723 4469 ingenii,
753 4393 806 4453 sed
837 4395 1004 4454 aestimatio
1033 4392 1183 4453 charitatis
1213 4393 1357 4453 lratsrnae
1381 4392 1424 4465 (in
1447 4407 1507 4467 qus
1542 4417 1544 4424 ι

152 4483 223 4543 salli
246 4479 427 4560 percendum
449 4486 495 4541 est
516 4480 671 4558 acumini),
704 4479 782 4558 qnod
815 4497 885 4556 eos,
916 4483 967 4557 qni
994 4497 1061 4540 curu
1088 4481 1265 4557 antiquitate
1292 4476 1454 4554 loquuntur
1475 4485 1505 4540 et

152 4576 394 4648 argumentantur
415 4567 499 4646 (quid
522 4569 600 4628 enirn
623 4585 689 4629 curn
711 4569 888 4644 antiquitate
902 4571 1011 4628 sentiat
1026 4568 1159 4645 quisque,
1184 4567 1267 4626 Deus
1281 4571 1506 4643 soporurrmosqq

149 4656 281 4740 judicet),
305 4657 446 4718 darnsme
467 4656 548 4731 nolo,
570 4656 624 4717 ssd
645 4655 714 4717 illos
736 4659 836 4734 potius
851 4654 1000 4732 loquendo
1015 4657 1131 4728 imitari,
1155 4670 1242 4731 quam
1257 4652 1412 4712 lormulsm
1432 4669 1505 4714 con-

251 4861 343 4930 ⁸iilis
362 4861 553 4915 Hsisnredsrus
572 4863 719 4928 adscripsit:
743 4877 789 4926 ego
809 4864 954 4928 exspectavi
972 4863 1054 4930 ipsius
1071 4859 1169 4923 literam
1194 4873 1226 4910 us
1243 4871 1365 4912 normam
1383 4863 1504 4932 scriptio-

152 4949 209 4990 ιιι
223 4939 331 4990 initium
346 4933 465 5006 hastan.
1357 4947 1361 4956 ’
