3612 5538
587 403 629 462 De
646 402 740 462 amieis
757 407 788 462 et
804 401 959 462 fautoribus
975 401 1097 478 Kepleri.
1454 403 1519 478 965

171 579 259 640 nibus
282 581 309 642 ei
330 597 390 642 nun
413 582 514 646 llasret
532 582 660 646 Galdsai
682 585 837 646 raritatem
859 591 889 646 st
907 584 1040 660 iudicare
1064 593 1094 646 et
1115 587 1288 665 perspicere,
1312 587 1368 650 soli
1391 589 1521 652 confisus

170 668 235 744 ejus
258 666 407 732 honestati
429 680 459 732 et
480 671 548 732 fidei
570 680 600 732 et
622 673 658 730 iis
680 675 784 744 nitens,
808 690 885 749 qnae
908 672 945 734 de
968 673 1150 750 planetamm
1174 683 1254 735 motu
1277 685 1307 736 et
1328 684 1433 736 natura
1455 679 1519 754 ipse

170 757 337 831 quaesierat
359 767 388 818 et
411 767 600 835 cognoverat.
631 757 699 833 Qua
720 761 866 836 gravitate
890 767 919 820 at
940 761 1265 839 severitate-Keplerus
1285 765 1393 840 juveni
1413 781 1520 825 cocae-

170 850 236 902 cato
250 840 387 926 (Horkio)
408 847 560 908 levitatem
582 863 666 906 suam
683 846 824 922 objecerit
846 846 1038 925 eundemque,
1064 864 1150 924 quam
1174 853 1325 926 indignum
1340 859 1370 912 et
1392 853 1520 928 iniquis-

50 945 53 951 ’
168 931 274 990 simum
288 948 321 992 se
336 941 437 994 contm
454 932 621 994 Galilaeum
636 935 812 1010 praebuerit,
835 937 975 994 acerrima
991 936 1199 1012 objurgaverit,
1223 937 1282 998 rol.
1298 939 1336 1000 ΙΙ.
1354 958 1382 1016 p.
1399 945 1463 1000 abs
1478 957 1518 1002 ss.

168 1017 227 1094 legi
251 1021 367 1095 poterit.
382 1055 425 1070 -»
440 1010 528 1082 initio
552 1021 832 1099 quidem-Keplerus
854 1023 937 1082 aolus
960 1031 1023 1082 erat
1044 1023 1133 1100 buius
1155 1028 1197 1082 rai
1220 1024 1363 1100 defensor,
1387 1026 1519 1088 amultis

169 1114 198 1165 et
221 1109 287 1182 ipso
309 1106 466 1168 Maestlino
490 1127 548 1168 non
572 1109 746 1182 intellectus,
770 1127 861 1185 quum
883 1127 936 1186 pro
959 1108 1088 1170 Galilaef
1111 1113 1236 1171 inventis
1259 1111 1376 1188 publice
1400 1113 1519 1176 diceret.
1609 1147 1612 1156 ·

140 1269 144 1278 1
171 1193 258 1268 Quod
282 1211 317 1254 eo
340 1196 431 1272 pluris
454 1196 668 1256 aestimandum
692 1205 745 1270 est,
768 1214 858 1272 quum
883 1196 1186 1259 Galilacus'enaunc
1204 1203 1286 1260 rtet
1310 1212 1395 1260 omna
1417 1201 1519 1262 litara-

169 1298 232 1340 rum
250 1285 462 1344 commercium
484 1283 675 1361 praecidisset
697 1293 729 1344 et
749 1287 848 1344 omnia
870 1283 990 1360 Kepleri
1013 1301 1103 1361 opera
1125 1303 1218 1362 usqua
1241 1286 1279 1346 ad
1301 1305 1409 1347 annum
1435 1295 1517 1350 tela

168 1368 247 1428 edita
271 1369 458 1446 neglexisset.
496 1373 572 1432 Tam
596 1372 731 1450 demum,
761 1389 827 1432 cum
850 1371 996 1448 Keplerus
1025 1390 1085 1433 rem
1116 1372 1243 1434 Galilaci
1271 1374 1388 1452 publica
1417 1375 1518 1436 defen·
1576 1449 1579 1458 ,

167 1456 257 1529 deret,
279 1456 427 1518 literarum
444 1460 648 1520 commercium
663 1459 759 1519 denuo
773 1463 938 1520 restitutum
962 1469 1014 1520 est.
1048 1459 1202 1520 Galilaeae
1217 1464 1294 1521 enim
1310 1463 1367 1539 ipsi
1389 1464 1517 1536 tradidit,

166 1543 308 1619 quidquid
332 1549 401 1604 novi
423 1547 550 1623 amplius
573 1549 602 1603 in
625 1547 709 1607 coelo
732 1545 903 1620 detexisset,
928 1561 1002 1623 quas
1025 1547 1182 1608 relationes
1205 1565 1271 1608 cnm
1293 1551 1355 1609 suls
1371 1555 1518 1628 responsis

166 1630 321 1708 Keplerus
336 1635 364 1690 in
382 1633 547 1711 Dioptriaes
562 1635 742 1710 praefatione
766 1634 865 1708 edidit,
889 1634 927 1696 ad
944 1651 1033 1710 quom
1049 1636 1288 1696 conscribendam
1304 1639 1376 1714 ipsis
1390 1637 1518 1699 Galilaei

166 1721 292 1779 inventis
316 1720 473 1796 perductus
497 1731 549 1784 est.
580 1719 704 1797 Propria
725 1738 845 1798 quoque
868 1723 1073 1782 observatione
1097 1725 1191 1782 nitens
1215 1726 1319 1786 iterum
1342 1725 1379 1785 ad
1396 1743 1515 1788 oausam

166 1805 331 1866 Galilaeam
354 1807 454 1882 rediit,
487 1817 520 1868 ut
551 1826 616 1868 eam
646 1809 830 1868 confirmaret
851 1809 1001 1884 (Narratio
1032 1810 1070 1872 de
1099 1810 1265 1874 observatis
1287 1830 1306 1871 a
1328 1829 1360 1872 se
1389 1823 1517 1890 quatuor

167 1892 255 1953 Jovis
277 1895 456 1971 satellibus),
480 1897 680 1971 Pragensibus
702 1899 763 1955 suis
786 1898 888 1956 amicis
911 1899 1069 1957 testimonii
1092 1915 1183 1958 causa
1204 1899 1367 1964 advocatis.
1390 1933 1433 1946 -

271 1981 307 2040 lit
337 1982 457 2058 Kepleri
486 1984 569 2042 libris
599 1983 686 2044 modo
715 1983 800 2044 dictis
830 1991 860 2044 et
891 1984 1021 2060 ejusdem
1052 1984 1090 2044 de
1111 1985 1238 2048 Galilsei
1266 1989 1393 2048 inventis
1415 1988 1518 2050 litare·
1626 2017 1633 2030 ¹

167 2083 230 2126 rum
254 2073 428 2130 commercio
452 2073 544 2130 intimi
569 2073 623 2130 viri
646 2087 741 2131 mores
756 2072 842 2130 nobis
858 2070 1034 2147 deteguntur
1056 2073 1276 2151 clarissimeque
1296 2084 1428 2152 apparet,
1452 2090 1519 2137 eum

165 2165 199 2214 ut
221 2157 250 2213 in
275 2157 375 2216 multis
397 2158 464 2218 aliis
487 2159 587 2232 rebus,
613 2161 691 2218 omni
714 2159 885 2222 inhonestae
908 2160 1076 2220 ambitionis
1098 2163 1265 2237 suspicione
1292 2166 1397 2238 suique
1420 2174 1541 2224 amore*

166 2244 339 2317 vacavisse,
370 2247 537 2322 incorrupta
556 2247 674 2322 justitie
697 2255 725 2306 et
749 2245 873 2306 velitata
900 2249 1053 2309 imbutum.
1098 2248 1303 2310 Admiratione
1324 2253 1401 2312 enim
1424 2253 1520 2312 omnis

167 2329 297 2390 invidiae
329 2343 447 2410 experte
477 2335 564 2393 refert
587 2334 748 2410 Keplerus,
780 2351 869 2410 quam
897 2334 971 2394 benc
995 2334 1148 2396 Galilaeae
1175 2335 1212 2396 de
1233 2337 1413 2414 amplificato
1436 2339 1519 2399 coelo

166 2419 362 2482 astronomiae
385 2423 506 2483 meritus
528 2424 574 2493 sit,
598 2421 785 2498 simplicitate
801 2421 922 2480 amabili
938 2432 1045 2494 narrat,
1068 2441 1146 2498 quse
1162 2425 1347 2500 conjecturae
1369 2433 1402 2486 et
1421 2434 1519 2486 tenta-

166 2507 263 2566 tiones
287 2507 379 2568 ailato
402 2508 518 2568 illorum
541 2511 726 2569 inventorum
741 2511 849 2568 nuncio
864 2511 1040 2587 necopinato
1061 2513 1091 2568 iu
1106 2513 1235 2570 animam
1258 2527 1345 2572 suum
1359 2514 1518 2586 subierintq

165 2602 195 2654 ct
216 2596 315 2653 stetim
339 2595 460 2656 edoctus
483 2595 519 2656 de
542 2597 593 2670 iis,
625 2615 702 2672 quae
725 2598 891 2656 etiamnunc
919 2599 1044 2670 obscura
1071 2605 1100 2658 et
1123 2599 1213 2658 dubia
1237 2607 1333 2670 erant,
1364 2599 1400 2660 de
1431 2619 1519 2677 prse-
1629 2637 1633 2647 ·

164 2683 270 2740 sumtis
293 2684 355 2742 suis
379 2685 568 2761 opinionibus
591 2684 707 2744 desistit
728 2699 824 2759 neqac
846 2699 933 2757 vero,
961 2693 994 2743 ut
1016 2687 1062 2744 vir
1091 2694 1153 2744 arat
1179 2687 1225 2746 sui
1256 2687 1352 2762 ipsius
1372 2691 1518 2762 conscius,

165 2768 284 2828 silentio
308 2774 456 2846 praeterit,
480 2787 556 2846 quae
580 2773 643 2847 ipse
662 2773 725 2848 jam
748 2780 836 2831 antea
858 2779 888 2829 et
911 2788 980 2830 vere
996 2775 1166 2846 cognoverit
1189 2782 1218 2832 et
1240 2790 1318 2832 nunc
1339 2778 1519 2850 argumentis

167 2855 313 2918 affirmata
335 2857 479 2918 babuerit.
527 2857 671 2918 Omnibus
702 2865 800 2918 autem
829 2860 880 2934 qui
903 2857 1038 2918 Galliaco
1070 2869 1099 2918 et
1121 2859 1286 2920 inviderant
1316 2867 1345 2920 et
1368 2863 1518 2922 obtracta-

164 2952 238 3018 rant,
262 2947 402 3006 acerrime
432 2948 539 3006 restitit
561 2954 590 3006 et
612 2962 664 3005 eor
693 2961 811 3022 quoquc
833 2961 989 3020 aggressus
1011 2953 1071 3018 est,
1103 2949 1153 3022 qui
1176 2963 1241 3006 cum
1273 2963 1343 3008 raro
1365 2951 1517 3010 inventore

166 3030 202 3089 dc
237 3033 364 3092 inventis
397 3035 533 3092 cenaturi
565 3041 678 3106 essent,
714 3041 746 3094 ut
780 3031 938 3092 Onoldium
973 3032 1054 3092 illum
1092 3032 1331 3096 mathematicum
1365 3035 1515 3098 Simonem

165 3117 309 3192 Marium,
341 3122 388 3179 oui
412 3121 506 3180 facete
530 3120 722 3192 demonstrat,
753 3119 833 3195 quod
856 3121 917 3195 ipse
940 3119 1032 3194 dicat,
1060 3139 1092 3180 se
1115 3123 1239 3197 primum
1265 3122 1387 3183 Veneris
1408 3124 1516 3200 plreses

166 3204 320 3279 detexisse,
344 3207 498 3268 allatorum
513 3217 675 3284 temporum
690 3209 908 3283 comparatione
931 3207 969 3266 ad
983 3211 1094 3267 irritum
1110 3208 1215 3270 cedere
1231 3215 1279 3279 (li.
1298 3213 1372 3282 469).
1407 3213 1517 3272 Postea

167 3303 282 3366 mman,
311 3311 377 3354 cum
400 3297 464 3372 ipse
487 3293 672 3372 tranquillius
694 3313 753 3355 rem
777 3295 919 3370 cogitaret
941 3303 970 3354 et
993 3296 1059 3356 aliis
1089 3299 1295 3376 instigantibus
1318 3299 1516 3359 dubitationes

165 3397 236 3440 snas
259 3386 433 3458 temperavit
455 3390 565 3442 etcum
581 3383 676 3442 Mario
692 3383 804 3442 offenso
818 3383 914 3441 amice
929 3399 988 3442 rem
1005 3386 1178 3461 composuit.
1194 3415 1229 3430 —-
1244 3385 1340 3445 Etiam
1363 3387 1400 3446 de
1422 3389 1515 3464 primo

166 3467 247 3528 Solis
269 3469 450 3530 macularum
473 3473 625 3530 inventore
648 3479 713 3530 orta
737 3479 783 3530 est
797 3472 1006 3532 controuersia.
1035 3469 1131 3546 Quam
1154 3475 1352 3534 inventionem
1370 3475 1516 3552 Keplerus

166 3559 254 3616 surici
277 3559 324 3616 sui
340 3558 466 3616 Davidis
482 3559 610 3617 Fabricii
631 3557 692 3616 filio
710 3556 822 3618 doanni
845 3558 987 3630 attribuit,
1010 3558 1068 3618 boe
1086 3559 1156 3634 joco
1178 3560 1289 3635 addito,
1312 3564 1337 3622 si
1359 3565 1452 3640 ipsius
1474 3565 1514 3623 rai

167 3646 244 3703 ratio
267 3644 433 3717 baberetur,
456 3646 511 3704 sibi
535 3663 566 3704 se
589 3645 664 3706 banc
679 3644 802 3721 gloriam
817 3661 975 3718 assumere,
999 3662 1064 3706 curn
1089 3649 1151 3722 ipae
1165 3647 1286 3723 quidem
1300 3652 1423 3726 primam
1439 3649 1517 3710 Solis

166 3731 312 3791 maculam
327 3732 457 3805 vidisset,
474 3732 525 3792 sed
541 3751 607 3794 cnm
621 3731 697 3792 falso
712 3749 765 3809 pro
779 3731 924 3792 Mercurio
940 3732 1100 3796 habuisset.
1124 3734 1270 3812 Keplerus
1283 3738 1347 3814 ipsa
1361 3741 1390 3796 in
1407 3738 1516 3814 templo

165 3819 376 3879 Batisbonensi
399 3820 543 3896 frequenti
572 3829 601 3879 ct
628 3819 791 3896 legatorum
821 3818 891 3878 illuc
917 3819 956 3878 ed
984 3823 1146 3897 principum
1178 3823 1332 3884 concilium
1362 3827 1515 3885 missorum

165 3915 194 3964 et
217 3906 343 3966 aliorum
367 3907 517 3968 bominum
542 3909 708 3981 conventui,
733 3923 791 3966 non
815 3905 947 3966 adhibito
971 3907 1141 3986 telescopio‚
1164 3909 1243 3970 Solis
1262 3911 1393 3972 maculas
1415 3919 1514 3972 osten·

165 3993 215 4064 dit,
240 3995 334 4070 ipsius
355 3995 435 4054 Solia
457 3997 556 4071 specie
576 4012 628 4070 per
650 3995 807 4054 fenestram
829 4000 897 4069 apte
926 3995 1058 4054 immissa
1085 3998 1114 4054 in
1141 3997 1243 4058 samm
1275 3999 1394 4060 luminis
1422 4013 1516 4074 pastis

165 4090 322 4157 arpertem.
375 4081 447 4142 Cum
480 4081 618 4142 Galilaea
651 4082 796 4158 denique,
829 4080 1005 4152 Sabeinaro,
1040 4082 1207 4157 Hervsrto,
1248 4082 1349 4146 Marco
1383 4084 1515 4146 Welsero

164 4167 312 4244 Keplerus
333 4168 370 4227 'de
393 4169 439 4230 bis
461 4169 540 4229 Solis
563 4169 685 4228 maculis
706 4187 759 4244 per
781 4169 923 4242 epistolas
950 4168 1113 4230 collocutus
1135 4179 1195 4244 est,
1218 4189 1277 4248 quo
1302 4191 1337 4232 er
1367 4175 1514 4232 literarum

165 4257 338 4316 commercio
370 4255 427 4317 boa
457 4273 546 4316 uuum
578 4256 741 4336 afferimus,
772 4253 932 4330 Keplerum
963 4255 1030 4317 inda
1055 4259 1093 4318 sb
1124 4261 1208 4318 initio
1233 4267 1343 4318 certum
1367 4260 1515 4332 babuisse,

165 4343 230 4404 illas
254 4342 386 4404 macules
409 4347 438 4402 in
462 4347 526 4422 ipso
542 4343 621 4404 Solis
643 4360 762 4420 corpore
785 4359 866 4414 esse,
889 4359 1013 4417 quarum
1036 4361 1071 4404 ex
1087 4347 1215 4405 mobbns
1237 4344 1359 4406 Solam
1382 4363 1420 4406 sa
1443 4363 1514 4406 mo-

165 4449 254 4491 vere
277 4434 380 4492 eirca
402 4450 507 4492 axem
530 4448 637 4490 suum
661 4431 804 4506 conjicere
827 4429 944 4500 liceret,
974 4433 1055 4506 quod
1077 4435 1140 4508 ipse
1159 4433 1223 4509 J'am
1247 4433 1296 4492 diu
1319 4441 1387 4493 ante
1410 4436 1516 4494 iuven·

165 4529 225 4578 tum
248 4519 441 4596 telescopium
463 4519 592 4597 physicis
614 4519 793 4594 argumentis
815 4519 911 4576 nitens
934 4517 1064 4580 dixisset.
1088 4553 1130 4564 -—

270 4604 420 4681 Quamdiu
442 4607 557 4683 Pragse
579 4606 724 4683 Keplerus
748 4610 825 4677 erat,
850 4622 887 4664 ex
909 4603 1044 4664 familiari
1068 4608 1241 4666 commercio
1269 4623 1334 4666 cnm
1363 4610 1465 4666 amicis
1487 4619 1517 4670 et

164 4693 328 4756 fsntcribns
356 4693 416 4756 illic
435 4697 528 4772 partis
551 4701 580 4752 et
601 4694 632 4752 lri
654 4694 811 4752 maximam
843 4693 951 4768 ingenii
981 4694 1177 4769 voluptatem,
1209 4699 1240 4752 et
1265 4694 1328 4769 ipsa
1357 4697 1515 4757 maximam

160 4781 376 4857 jucunditatem
404 4789 434 4840 ct
456 4781 612 4842 utilitatem
635 4781 772 4857 percepit.
819 4777 962 4854 Quamvis
984 4785 1061 4840 enim
1088 4781 1216 4839 fautores
1248 4778 1277 4837 hi
1301 4779 1464 4858 Pragsnsss
1486 4785 1516 4842 iu

165 4868 222 4930 illis
251 4869 308 4930 snb
336 4867 488 4947 Rudulpbi
519 4869 705 4947 imperatoris
735 4869 956 4930 vitrearium
986 4875 1016 4928 et
1045 4865 1169 4944 publicis
1197 4869 1309 4929 mortis
1337 4871 1465 4932 motibus
1487 4881 1518 4934 st
