3662 5544
237 343 301 416 792
602 363 606 376 ·
745 344 809 402 vra
824 343 939 402 ronna
957 341 1078 415 ueprerr.

237 527 285 586 die
308 525 393 586 Wort
423 524 480 601 bey
495 522 569 583 ‘dem
600 527 753 602 gemeiuen
777 523 867 585 Manu
896 523 1053 584 cutlehnen
1082 525 1215 598 miissen,
1245 538 1280 583 so
1303 519 1351 582 rril
1381 519 1432 582 der
1453 521 1588 598 gemeiue

235 615 327 674 Μιιιιι
350 613 393 671 ιιι
416 613 495 671 nicht
518 610 637 671 auderat
658 612 831 685 verstehen,
863 611 940 671 daun
969 614 1024 672 wie
1048 629 1078 672 er
1100 611 1268 686 gewobnet,
1301 611 1386 670 weiss
1411 609 1506 668 nichts
1531 623 1589 666 von

237 703 292 762 den
316 699 561 759 abstractionibus
584 700 780 774 generalium,
811 700 906 760 sielret
927 719 983 760 nur
1004 700 1067 758 auli
1087 700 1134 758 die
1157 706 1308 771 concreta,
1338 697 1402 756 lobt
1425 697 1477 756 ulit
1507 698 1591 756 elneu

191 785 206 808 ‘
237 786 410 850 Calendar'
402 805 432 844 ιι
455 789 549 849 ciuem
573 788 770 848 cutrcflenden
786 788 861 863 Fall,
886 789 938 846 aui
951 787 1089 847 nclcben
1102 787 1153 845 der
1175 785 1282 846 author
1303 789 1350 844 nio
1372 783 1506 859 gedacht,
1526 773 1592 841 ιιι

197 912 202 920 =
240 876 329 937 schilt
350 877 500 951 hingegen
523 876 577 934 aul
597 876 661 947 ibn,
685 893 771 935 wann
796 873 848 934 das
872 876 987 935 Wctter
1009 875 1089 935 nicht
1111 875 1229 953 lriimpt‚
1252 875 1308 933 wie
1331 890 1362 932 er
1384 871 1458 930 ihms
1482 889 1594 948 cynge-

238 964 345 1038 hildet,
372 981 407 1022 so
438 963 512 1021 doch
545 971 621 1021 etna
644 961 694 1021 der
717 961 890 1022 Celender'
884 981 912 1020 ιιι
939 965 1033 1022 seiner
1061 961 1227 1037 mliglichen
1251 959 1432 1020 Generalitet
1461 977 1513 1034 gar
1536 958 1593 1017 rrol

237 1052 434 1128 rugetroiien:
458 1048 597 1110 Wclcber
620 1049 770 1110 uerdruss
778 1051 855 1110 mich
872 1051 1066 1124 vcrvrsacbct,
1091 1049 1158 1110 dass
1173 1049 1221 1110 ich
1236 1047 1365 1108 cudtlich
1380 1047 1438 1107 hab
1454 1047 1594 1106 aulhiiren

238 1138 381 1200 Calender
403 1156 439 1196 zu
462 1137 625 1197 schreiben.

342 1225 377 1284 In
400 1225 529 1299 Summa,
554 1243 585 1284 es
608 1224 696 1301 gehet
720 1227 773 1284 wic
796 1225 853 1302 bey
876 1224 931 1285 deu
956 1223 1144 1299 Philosophis
1161 1222 1321 1282 Platonicis
1344 1223 1397 1280 mit
1419 1219 1475 1280 den
1498 1223 1594 1280 sensi-

238 1289 293 1374 hu's
317 1312 377 1372 und
401 1321 507 1384 mente,
531 1329 616 1372 wann
640 1313 691 1372 der
714 1313 819 1371 Ηιιι
812 1331 851 1370 rm
866 1307 966 1372 Hauss
982 1331 1027 1371 ern
1044 1312 1118 1370 Narr
1140 1314 1186 1384 ist,
1211 1310 1268 1368 vnd
1285 1309 1364 1368 urcht
1379 1308 1474 1368 selber
1490 1309 1592 1368 hester

237 1405 334 1477 weiss,
358 1402 412 1460 wie
437 1418 467 1460 er
491 1401 555 1460 eine
577 1418 688 1478 ansage
712 1400 865 1460 verstebeu
891 1399 948 1459 rnd
971 1399 1156 1459 auliuehmen
1179 1397 1262 1470 sollo,
1286 1416 1319 1456 so
1342 1398 1400 1456 lran
1424 1397 1501 1455 ihme
1525 1395 1591 1454 lrein

238 1491 310 1549 Bott
331 1488 412 1549 recht
434 1488 516 1561 thun,
541 1486 612 1548 oder
634 1505 797 1564 gnugsame
819 1488 1031 1563 uaehrichtung
1054 1489 1191 1561 hringen,
1223 1485 1300 1545 danu
1324 1485 1374 1544 der
1396 1483 1467 1542 Bott
1489 1483 1593 1556 selber,

151 1599 154 1606 ⁴
226 1567 427 1648 dorsennus,
451 1577 490 1634 ιιι
513 1575 571 1635 viel
594 1594 630 1634 au
654 1577 726 1652 grob
752 1575 808 1634 rud
830 1575 1044 1652 vrrrersttindig
1067 1574 1178 1634 hieran.

341 1675 490 1744 Keplerum
510 1691 580 1730 anuo
602 1677 668 1731 locu
687 1673 749 1730 duci
767 1675 1014 1742 Wurttemhergico
1033 1673 1195 1730 senteutiam
1215 1688 1291 1730 suam
1311 1671 1417 1728 deiide
1436 1670 1596 1728 Lutheraua

242 1763 434 1834 proposuisse,
452 1777 537 1832 supra
555 1761 686 1829 diximum
709 1760 846 1831 theologis
865 1756 1104 1830 Witrtembergicia
1123 1761 1194 1816 hauc
1212 1761 1411 1816 contessionem
1430 1761 1518 1814 miuus
1536 1758 1595 1830 pla·

240 1852 339 1920 cuisse,
358 1851 562 1920 interpolabit,
582 1849 654 1904 sicut
672 1847 753 1904 etiam
772 1863 814 1902 en
825 1847 867 1902 his
886 1847 921 1902 ad
939 1849 1084 1904 Matthiam
1103 1847 1320 1932 Haleurefferum
1339 1848 1411 1904 datis
1429 1847 1525 1904 literis.

345 1990 481 2062 Keplerus
499 1989 582 2058 igitur
598 1988 667 2044 haec
686 1986 797 2058 scripsit
813 1985 1014 2044 Hafeureffero.

492 2080 523 2140 S.
546 2080 581 2142 P.
604 2080 643 2142 D.

342 2167 516 2230 Revereude
539 2175 569 2228 ιι
591 2167 760 2248 charissime
783 2165 821 2229 D.
836 2167 1024 2244 Praeceptor.
1063 2167 1137 2228 Cum
1160 2170 1189 2227 in
1211 2168 1290 2228 hunc
1313 2168 1499 2228 tabellarium
1513 2166 1597 2227 hiar-
1686 2215 1690 2225 .

238 2255 416 2334 pachensem
440 2256 615 2329 incidissem,
639 2257 702 2314 sine
725 2255 815 2313 literis
839 2253 876 2314 ad
899 2255 934 2313 R.
960 2255 994 2316 Τ.
1019 2272 1078 2314 non
1102 2259 1200 2316 censui
1225 2255 1438 2329 dimittendum,
1462 2273 1598 2332 pracser-

239 2346 292 2404 tim
315 2346 385 2419 quia
413 2362 495 2422 spem
523 2347 569 2404 sui
598 2342 709 2402 reditus
738 2343 806 2402 lecit
829 2343 906 2401 intra
932 2345 1112 2418 septimanas
1135 2362 1195 2403 sex.
1242 2344 1346 2420 Itaque
1368 2338 1516 2419 significo,
1550 2360 1598 2404 mc

239 2431 278 2492 ad
300 2431 401 2492 literas
430 2441 510 2506 tuas,
542 2433 649 2507 quibus
678 2447 760 2506 spem
788 2431 920 2506 responsi
950 2430 987 2489 ad
1019 2447 1162 2507 personae
1193 2449 1275 2492 meac
1305 2431 1486 2507 objectiones
1514 2431 1597 2506 lacis,

239 2521 423 2596 rescripsisse
453 2537 505 2596 per
526 2525 641 2596 postam
665 2535 758 2594 eoque
781 2534 867 2594 spero
899 2526 927 2576 le
955 2518 1021 2576 illas
1049 2522 1204 2594 recepisse.
1251 2517 1363 2593 Quodsi
1387 2518 1456 2595 quid
1486 2520 1599 2578 interca

240 2615 412 2685 conceptum
436 2615 480 2667 est
503 2625 521 2666 a
544 2624 697 2683 quoquam·
716 2615 766 2664 tuo
789 2605 837 2666 ιιι
854 2605 891 2664 D.
913 2605 949 2662 Ι).
966 2605 1140 2666 Cancellarii
1164 2607 1291 2678 hortatu,
1318 2605 1356 2680 id,
1380 2623 1438 2665 non
1461 2607 1599 2666 obstante

240 2693 381 2770 quicquid
404 2697 573 2780 acerbitatis
595 2694 670 2754 sorte
693 2693 811 2767 babeat,
834 2691 922 2750 modo
947 2692 982 2752 de
1006 2701 1102 2753 cetero
1125 2693 1207 2754 Tuae
1231 2704 1260 2754 ct
1283 2693 1455 2754 cancellarii
1478 2701 1598 2753 senten-

240 2785 299 2842 tiae
321 2785 360 2841 sit
382 2791 626 2853 consentaneum,
654 2798 726 2856 rogo
754 2783 952 2856 praesentium
980 2780 1067 2840 latori
1099 2781 1207 2843 tradas.
1252 2781 1345 2842 Simul
1370 2789 1468 2841 autem
1491 2788 1520 2841 et
1542 2780 1600 2842 boc

239 2886 322 2944 rogo,
347 2877 379 2928 ut
402 2870 542 2946 quicquid
565 2868 643 2944 apud
666 2868 701 2928 R.
725 2867 820 2927 Τιιιιι
850 2868 955 2944 reliqui
983 2868 1158 2928 schedarum
1187 2887 1239 2930 seu
1268 2872 1434 2945 germanico
1458 2867 1598 2928 idiomate

240 2974 293 3016 seu
316 2956 422 3029 latino,
453 2957 527 3016 illud
547 2958 609 3032 jam
632 2955 740 3029 addas,
770 2965 802 3014 ut
825 2953 942 3014 tandem
966 2954 1125 3032 aliquando
1149 2955 1186 3017 ad
1210 2975 1296 3018 suum
1319 2957 1468 3017 dominum
1490 2973 1593 3016 rever-

240 3051 348 3104 tantur.
394 3043 469 3103 Nam
492 3046 518 3103 si
542 3061 640 3104 sarum
665 3043 821 3118 Tuhiugae
844 3042 891 3102 vcl
915 3041 1105 3104 Stuccardiae
1129 3062 1198 3104 usus
1222 3062 1286 3104 esse
1309 3048 1422 3122 potnit,
1448 3061 1515 3104 eum
1535 3045 1599 3120 jem

240 3139 312 3208 puto
336 3135 509 3208 exspirasse.
548 3131 601 3192 Sin
624 3139 738 3202 autom,
763 3139 795 3190 ut
819 3149 854 3190 cx
877 3131 969 3190 literis
993 3131 1147 3206 cujusdam
1171 3131 1350 3193 intellexisse
1374 3131 1486 3204 videor,
1511 3131 1599 3192 Stuc·

241 3217 369 3277 cardiam
393 3219 494 3296 aliqua
517 3218 553 3280 de
575 3222 611 3278 iis
635 3219 773 3294 ablegata
795 3236 813 3277 ι
837 3226 865 3278 ιι
889 3218 1004 3277 luerunt
1027 3221 1055 3276 in
1070 3238 1170 3291 ,ιιιιιιι
1186 3220 1380 3294 commodum,
1403 3239 1439 3280 ee
1462 3236 1597 3295 quocun·

241 3323 299 3382 que
320 3309 506 3381 percurrerint
528 3315 608 3366 sarta
630 3313 709 3365 tecta
731 3306 792 3366 lore
816 3313 897 3383 puto,
921 3321 1015 3382 eoque
1038 3314 1068 3366 et
1083 3307 1139 3368 hoc
1159 3325 1240 3384 rogo,
1265 3317 1296 3368 ut
1319 3307 1503 3368 tabellarium
1518 3306 1596 3366 hunc

242 3409 308 3452 cum
331 3393 439 3462 scheda
461 3394 499 3454 ad
523 3394 574 3454 illa
596 3393 754 3469 repetenda
769 3393 954 3469 Pragamque
977 3392 1158 3470 deportanda
1182 3396 1311 3472 ableges.
1343 3394 1487 3471 Equidem
1505 3411 1598 3470 quos-

242 3497 357 3557 cunque
381 3480 432 3542 illa
455 3482 578 3541 lectores
601 3489 688 3541 nacta
711 3483 832 3555 luerint,
858 3497 908 3540 eos
931 3480 987 3540 hoc
1010 3493 1161 3558 reputasse
1185 3491 1270 3560 puto,
1294 3501 1340 3543 me
1363 3500 1420 3540 non
1444 3479 1597 3559 reliquisse

243 3569 295 3628 illa
317 3575 350 3626 ut
372 3569 408 3627 ιιι
431 3569 538 3628 chartis
561 3571 700 3645 privarer,
726 3571 810 3644 quasi
833 3567 903 3628 milri
928 3567 1007 3627 domi
1029 3587 1133 3630 manus
1156 3572 1194 3631 ad
1217 3569 1342 3630 urendas
1365 3569 1517 3642 doluerint,
1542 3567 1595 3630 scd

242 3664 275 3715 ut
296 3655 449 3732 scrupulis,
473 3673 548 3730 quos
570 3655 678 3716 chartis
702 3657 846 3732 expressi,
875 3665 990 3732 promta
1012 3657 1218 3732 theologorum
1240 3659 1423 3718 institutione
1446 3658 1595 3718 liberarer.

241 3743 301 3804 Sed
324 3747 391 3819 qui,
423 3751 566 3820 utsupra
590 3743 708 3824 dictum,
733 3761 852 3820 operam
875 3743 922 3804 bic
944 3744 1015 3802 mihi
1038 3744 1210 3818 collocavit,
1235 3749 1262 3806 ei
1285 3745 1321 3805 de
1345 3746 1499 3816 honorario
1525 3763 1597 3805 aca-

242 3829 365 3906 demiae,
388 3833 582 3907 simpertum
605 3839 634 3891 et
656 3839 804 3908 receptum
826 3831 928 3904 luerit,
959 3848 1011 3907 pro
1035 3833 1155 3892 arbitrio
1179 3841 1229 3892 tuo
1252 3851 1317 3892 meo
1341 3835 1458 3892 nomine
1482 3831 1595 3909 aliquid

242 3918 342 3978 dones.
387 3917 439 3977 Sin
463 3925 562 3978 autem
584 3921 683 3994 periit,
707 3918 878 3978 dilationem
900 3927 969 3994 peto
993 3919 1061 3978 dum
1084 3919 1173 3997 paulo
1196 3921 1348 3981 liberalius
1371 3915 1443 3980 milri
1466 3939 1502 3980 ιιι
1526 3920 1595 3980 aula

241 4015 350 4081 nostra,
375 4008 417 4064 uti
440 4023 508 4082 spes
530 4024 622 4082 nuper
645 4007 732 4077 lacta,
755 4008 842 4067 luerit
865 4014 1061 4082 prospectum.

347 4094 421 4153 Cum
444 4093 590 4154 audissem
613 4094 798 4170 respondisse
814 4094 1088 4170 Heidelbergenses,
1111 4093 1217 4172 puduit
1235 4095 1368 4155 nonnihil
1391 4095 1457 4156 falsi
1482 4094 1597 4170 indicii,

241 4182 312 4242 mihi
336 4184 414 4241 enim
437 4189 500 4242 crat
523 4181 641 4254 dictum,
666 4198 723 4241 uon
739 4199 939 4258 responsuros.
971 4180 1010 4242 Ut
1032 4183 1100 4260 legi,
1124 4185 1245 4243 miratus
1259 4175 1325 4244 'sum
1342 4183 1409 4244 illos
1423 4200 1480 4242 non
1497 4185 1597 4260 potius

242 4273 271 4328 iu
294 4268 582 4342 solidumstacuisse,
606 4287 693 4346 quam
717 4279 750 4329 ut
771 4272 890 4330 arrectis
913 4269 1055 4330 lectorum
1070 4269 1261 4330 sollicitorum
1278 4274 1382 4332 animis
1397 4272 1597 4333 rebusmissis

242 4356 407 4418 illuderent.
453 4356 528 4417 Nam
551 4357 623 4433 quid
646 4356 717 4416 mihi
740 4357 859 4433 prodest
883 4357 919 4417 de
941 4357 1026 4418 lactis
1042 4360 1198 4419 resciscere
1212 4377 1412 4437 personarum,
1436 4361 1487 4436 qui
1502 4358 1597 4428 medi-

244 4447 338 4503 cinam
362 4454 500 4520 crspecto
524 4444 694 4520 dogmatum
718 4451 748 4503 et
770 4461 873 4519 pacem
896 4445 1010 4520 capto?
1046 4445 1139 4506 Vides
1155 4461 1296 4522 quantum
1320 4455 1524 4524 argumentum
1540 4446 1597 4504 ali-

244 4529 316 4607 quid
338 4532 455 4608 puhlice
478 4531 633 4606 scribendi,
657 4533 682 4589 si
705 4533 751 4590 cui
775 4530 982 4592 concederetur
1005 4551 1043 4593 ea
1063 4533 1193 4612 libertas,
1218 4553 1306 4611 quam
1321 4535 1379 4594 sihi
1400 4537 1504 4594 sumsit
1526 4551 1598 4595 con-

245 4623 361 4692 ceptum
390 4638 487 4680 meum
514 4621 729 4698 germanicum,
760 4626 791 4680 et
811 4620 837 4700 si
860 4621 977 4682 occasio
1007 4629 1137 4698 pateret,
1169 4621 1282 4699 aliquid
1312 4621 1418 4684 edendi
1439 4639 1597 4700 suppresso

244 4707 371 4768 nornine.

348 4790 482 4853 Scribe
469 4812 533 4876 Jam
554 4794 686 4860 exercitii
709 4809 800 4858 cauea
822 4799 925 4856 contra
939 4793 1105 4882 Hubertuur
1121 4796 1292 4878 sturmium,
1315 4798 1596 4885 cujusauo01604
