3624 5554
264 387 330 464 710
773 391 837 449 Vita
854 391 970 450 loannis
990 387 1135 464 aspicit·

369 564 665 634 Zebeotm'cjsrus
687 566 770 626 otiam
787 567 840 622 boc
858 583 929 624 auno
947 567 1052 638 pluries
1070 581 1133 624 cum
1149 567 1268 638 Keplaro
1286 584 1337 640 par
1353 563 1447 628 liberm
1463 569 1618 628 reboamus

224 695 226 702 ,
264 657 314 710 est
344 651 396 722 Die
415 651 439 708 2.
451 651 686 723 Aprilisremittit
704 657 860 714 coertionem
872 656 992 727 liepleri,
1012 655 1077 725 quia
1094 653 1185 724 aliqua
1203 657 1306 728 desint;
1328 658 1452 725 „mallem
1468 667 1501 715 ut
1518 666 1619 715 cusas

263 745 356 796 essem
367 739 483 810 integra,
495 755 619 800 curarem
632 742 704 798 enim
717 741 902 813 describenda,
914 743 1077 800 multarunt
1089 744 1118 800 iu
1131 761 1164 800 ea
1175 752 1272 803 notatu
1282 747 1392 819 digna“.
1405 750 1457 804 Die
1465 751 1507 806 20.
1516 746 1620 818 Aprilis

264 831 378 882 excusat
397 841 435 894 se,
455 828 529 896 quod
547 843 565 883 s
582 829 701 900 lieplero
720 829 756 886 od
775 846 888 888 coenum
905 830 1035 886 invitatus
1052 847 1107 888 uon
1126 835 1316 904 comparuerit,
1335 851 1418 905 equa
1435 837 1619 904 excusatione,

263 913 335 967 sicut
354 911 435 967 etiam
455 929 470 969 e
488 912 576 970 literis
595 915 624 984 d.
643 916 687 972 26.
705 915 771 984 apr.
790 924 818 972 et
830 918 905 986 Majo
924 919 1154 986 subsequentibus
1172 921 1389 978 concludendum
1407 929 1458 992 est,
1476 939 1531 992 quo
1545 930 1620 980 statu

262 997 364 1054 fuerim
385 999 433 1056 illo
456 1007 579 1071 tempore
605 1001 692 1058 Gratti
715 1019 759 1060 res
781 1005 1010 1081 Lutheranorum.
1053 1007 1136 1073 ,Cum
1159 1008 1226 1064 bora
1247 1011 1328 1066 tertia
1350 1011 1485 1079 Krugium
1507 1011 1619 1080 adirem,

262 1085 308 1142 ille
326 1102 342 1141 e
359 1087 474 1158 uestigio
492 1089 576 1144 aedes
595 1090 723 1160 occludit,
741 1091 826 1162 pallio
845 1099 873 1148 et
891 1091 982 1162 gladio
1001 1109 1043 1149 rue
1060 1101 1155 1161 mmet,
1173 1112 1224 1152 uec
1241 1096 1317 1166 prius
1334 1097 1388 1152 uisi
1403 1099 1546 1168 ingruente
1561 1098 1621 1166 jara

265 1174 556 1245 crepusculo'dImisit.
593 1178 684 1247 Atque
703 1180 756 1236 bac
773 1181 879 1236 ratione
897 1197 915 1236 a
931 1187 979 1238 tua
998 1189 1026 1238 et
1043 1181 1158 1240 aliorum
1176 1185 1381 1244 conversatione
1401 1185 1531 1240 exclusus
1549 1200 1619 1244 sum.

215 1313 218 1324 ,
262 1261 315 1316 Die
332 1262 379 1319 26.
392 1265 459 1336 apr.
480 1262 577 1333 refert,
596 1267 719 1334 proxime
736 1285 767 1326 se
784 1285 846 1324 eum
866 1275 1031 1340 ,qeneroso“
1051 1271 1086 1328 ad
1104 1281 1265 1330 conventum
1286 1266 1560 1328 indictum'Gratiunr
1577 1289 1620 1330 re-

261 1366 434 1419 gressurum,
453 1352 531 1408 illum
549 1370 612 1410 sero
631 1355 769 1426 dubitare,
787 1371 849 1412 aum
866 1357 983 1427 nesciat,
1003 1359 1068 1428 quid
1086 1361 1234 1429 praeterita
1251 1361 1402 1432 septimana
1421 1367 1511 1418 actum
1530 1361 1619 1416 inerit

265 1469 294 1480 -
320 1439 497 1498 Nativitatem
523 1441 747 1514 Zebentmajerus
775 1445 880 1516 expetit
906 1445 956 1500 filii
986 1448 1187 1520 Herberstenii,
1220 1445 1359 1506 dominum
1390 1463 1470 1506 suurn
1499 1464 1555 1504 non
1579 1448 1619 1502 in·

261 1532 369 1596 uratum
388 1528 520 1586 futurum.
550 1530 602 1585 Dio
618 1531 662 1588 2t.
682 1533 751 1601 Maji
768 1532 888 1589 nondum
906 1540 1017 1590 venerat
1039 1535 1264 1605 Zeheutanerus
1289 1536 1420 1604 Gratium,
1441 1536 1521 1606 ,qnia
1538 1550 1619 1605 geue·

262 1630 342 1670 rosus
361 1631 438 1671 meus
456 1616 633 1686 praepeditus
653 1619 726 1676 euris
745 1619 900 1678 domesticis
919 1629 947 1678 et
963 1623 1052 1678 musis
1069 1623 1129 1680 aliis
1147 1624 1243 1680 maluit
1262 1624 1334 1679 domi
1346 1623 1517 1692 delitescere,
1536 1638 1619 1692 quam

262 1703 291 1758 in
310 1703 389 1760 seriis
407 1703 548 1774 religionis
568 1705 822 1774 deliberationibus,
847 1724 917 1779 quas
936 1711 1059 1782 periculo
1077 1711 1122 1766 vix
1140 1721 1249 1782 carent,
1268 1711 1365 1768 ceteris
1384 1712 1464 1768 etism
1484 1711 1621 1766 calumum

264 1789 376 1844 addere.
409 1789 591 1861 Praepeditus
611 1809 672 1850 sum
689 1795 771 1852 ruiis
790 1797 1031 1867 occupationibus,
1055 1805 1087 1853 nt
1104 1798 1191 1859 literis
1209 1800 1265 1856 tuis
1283 1799 1432 1855 rescribere
1450 1813 1505 1856 uon
1522 1805 1620 1870 potue·

264 1875 316 1934 riro
328 1883 356 1932 et
373 1877 455 1933 animi
468 1893 550 1936 sensu
563 1895 701 1950 exponere
714 1884 747 1940 de
760 1883 919 1940 doctissima
930 1891 979 1940 tua
991 1885 1183 1942 dissertatione
1201 1886 1243 1942 de
1260 1894 1431 1958 magnete,
1450 1893 1485 1942 et
1502 1885 1620 1940 altera

262 1965 303 2022 de
322 1967 506 2036 sapientia
525 1969 644 2024 dirius
662 1970 697 2026 iu
721 1971 904 2027 creatione
921 1972 1058 2042 mundi,
1081 1980 1110 2028 et
1133 1975 1252 2030 causis
1272 1974 1499 2046 obliquitatis
1517 1975 1551 2028 in
1568 1989 1619 2028 so·

263 2052 376 2118 diaco.
402 2055 479 2124 Quae
492 2057 616 2125 sequitur
628 2057 745 2128 epistola
756 2058 821 2114 dots
838 2059 942 2126 estdie
957 2061 997 2116 12.
1008 2059 1093 2126 duob,
1112 2075 1146 2117 ex
1161 2078 1216 2131 qna
1234 2077 1267 2118 ea
1279 2062 1473 2130 excerpsimus,
1493 2059 1620 2130 equibus

260 2141 326 2214 quid
344 2141 608 2215 uolneritlleplerus
626 2145 670 2202 bis
692 2145 961 2213 „dissertationibus“
975 2147 1173 2216 quadamtenus
1190 2149 1343 2220 apparebit.
1367 2149 1443 2204 llaec
1455 2146 1538 2214 igitur
1555 2151 1620 2206 sunt

259 2230 342 2286 rerba
359 2229 572 2301 Zebentmsjeri:
594 2233 709 2300 ,Ordior
726 2233 761 2288 sb
779 2234 825 2288 illa
843 2235 991 2304 sententia,
1015 2249 1096 2304 quam
1114 2238 1274 2307 colophonis
1292 2237 1352 2294 loco
1370 2237 1510 2306 adjecisti,
1528 2238 1619 2292 Deum
1653 2229 1656 2234 ’
1715 2229 1719 2236 ’

258 2319 384 2378 nimirum
394 2321 424 2376 in
436 2322 549 2379 conditu
561 2322 654 2378 mundi
667 2339 728 2380 eum
741 2325 850 2382 modum
862 2326 1006 2396 mrenmse,
1023 2328 1070 2396 qui
1082 2325 1182 2382 radoni
1194 2325 1329 2382 laumense
1342 2323 1451 2380 omuino
1464 2324 1618 2380 conueniat

261 2407 335 2462 Dum
352 2408 424 2463 enim
435 2409 541 2479 priores
554 2417 611 2466 tres
623 2412 728 2481 modos,
747 2429 816 2482 quos
834 2412 929 2470 ordine
947 2428 1082 2482 recenses,
1099 2419 1212 2482 propter
1226 2413 1302 2470 sorio
1313 2409 1492 2478 incommoda,
1511 2416 1542 2466 ut
1554 2417 1620 2468 sunt

260 2496 336 2554 nimii
355 2503 496 2556 aestaset
513 2498 624 2570 frigora,
642 2508 777 2570 perpetua
793 2503 858 2559 item
876 2502 1029 2573 aequalitas
1048 2502 1152 2558 dierum
1170 2508 1198 2557 et
1216 2500 1346 2570 noctium,
1365 2497 1411 2554 Sol
1424 2496 1552 2552 dimidius
1569 2513 1618 2567 ap·

259 2599 358 2654 pareus
376 2585 451 2641 eirca
467 2585 556 2656 polos,
575 2587 651 2642 Deus
669 2588 834 2660 repudiavit,
853 2596 980 2660 quartum
999 2571 1098 2644 rationi
1117 2595 1145 2644 et
1163 2589 1305 2642 universae
1323 2591 1438 2641 naturae
1457 2585 1618 2662 conperien-

259 2670 396 2732 tissimum
414 2673 559 2743 amplexus
577 2679 627 2744 est,
647 2691 700 2744 quo
719 2676 767 2732 Sol
784 2693 838 2732 nou
859 2684 1013 2746 portatum
1031 2677 1074 2733 sel
1095 2672 1234 2732 dimidium
1252 2673 1440 2744 quadrantem,
1459 2681 1507 2730 ant
1523 2673 1618 2730 immo·

258 2757 320 2832 bilis
340 2760 449 2816 omuino
462 2759 531 2816 nibil
543 2760 577 2816 ab
590 2769 739 2830 aequatura
752 2761 887 2834 deflectit,
899 2781 1014 2834 quorum
1026 2780 1111 2820 uuum
1123 2762 1274 2820 secuudum
1286 2768 1343 2818 tres
1354 2761 1459 2830 priores
1472 2761 1619 2832 oportebat

257 2845 325 2918 fieri,
344 2846 393 2904 sed
411 2849 448 2904 ad
465 2856 591 2918 quartam
608 2850 768 2918 quadrantis
786 2859 890 2920 partem
911 2853 972 2922 (22ο
990 2853 1049 2921 ³0¹)
1067 2851 1188 2908 inclinat.
1219 2851 1272 2906 Hic
1288 2849 1385 2906 modus
1402 2848 1508 2904 inducit
1519 2851 1617 2918 trigaur

257 2951 398 3007 excusem,
417 2935 498 2992 medii
511 2943 539 2992 et
551 2935 685 3004 deiectus,
705 2939 848 2994 constitnit
859 2939 930 2996 iuter
942 2940 1075 2996 torridum
1094 2949 1122 2994 et
1130 2937 1261 3008 trigidum
1274 2943 1396 2994 extrema
1413 2935 1531 2992 medium
1550 2944 1617 2990 tem-

259 3030 394 3096 peratum,
414 3024 538 3094 perbelle
557 3025 684 3082 conuenit
702 3041 763 3081 cum
780 3025 853 3096 polis
871 3026 964 3082 mundi
983 3034 1011 3082 et
1027 3026 1168 3095 magnetis,
1187 3025 1234 3094 qui
1251 3024 1364 3080 inuicem
1377 3023 1425 3078 23ο
1436 3024 1480 3080 28’
1499 3024 1616 3094 distant;

257 3111 297 3168 'tta
315 3110 432 3184 quidem,
452 3118 484 3168 ut
496 3121 628 3183 punctum
646 3113 716 3168 illud
729 3113 842 3184 'lernae
861 3131 878 3168 a
895 3131 949 3184 quo
964 3114 1071 3170 initium
1084 3119 1240 3170 sumserunt
1257 3111 1373 3181 reliqua,
1391 3112 1514 3183 praecise
1532 3112 1618 3183 respi-

258 3197 321 3254 ciat
330 3198 436 3256 zodiaci
458 3200 552 3270 polum
577 3207 606 3257 et
622 3201 831 3260 declinationem
850 3201 921 3258 Solis
939 3203 968 3257 in
986 3200 1149 3272 quadrante,
1174 3207 1204 3254 nt
1229 3198 1455 3268 quemadmodum
1480 3199 1527 3256 bic
1544 3199 1618 3257 rrltra

259 3284 309 3342 22⁰
326 3285 370 3342 ³0¹
389 3288 425 3344 ab
443 3296 592 3357 aequatore
610 3305 751 3360 nunquam
763 3289 892 3347 deflectat
904 3297 932 3346 et
944 3290 1111 3362 tropicorum
1127 3288 1228 3346 limitm
1246 3287 1413 3356 egrediatur,
1431 3288 1470 3344 sic
1482 3290 1619 3360 magnetis

258 3373 358 3443 polus,
377 3382 481 3446 utpote
498 3393 562 3448 pars
581 3377 682 3433 Terrae
700 3378 825 3448 perfecta
842 3385 871 3434 et
888 3378 1050 3448 principium
1068 3376 1155 3446 globi,
1173 3374 1207 3431 ab
1225 3390 1277 3430 axe
1296 3390 1345 3430 seu
1362 3375 1427 3446 polo
1444 3385 1535 3432 motus
1553 3393 1620 3446 quo·

258 3461 357 3520 unani
375 3463 490 3520 eandem
508 3465 664 3522 distantiam
682 3465 815 3522 obtineat.
843 3467 881 3522 Et
899 3474 930 3521 ut
948 3468 1018 3523 baec
1029 3463 1185 3520 conditricis
1203 3463 1353 3533 sapientiae
1371 3464 1486 3532 uestigia
1498 3462 1618 3522 humano

259 3550 351 3619 captui
363 3550 442 3607 raldo
453 3559 518 3608 suut
527 3553 710 3623 accommoda,
718 3553 757 3609 sio
770 3553 793 3609 si
809 3553 950 3623 speciatim
961 3554 995 3610 de
1009 3561 1122 3609 naturae
1136 3551 1228 3620 aliqua
1239 3558 1316 3620 parte
1330 3551 1478 3620 suscipitur
1491 3551 1619 3622 nequat-

258 3637 306 3707 tio,
324 3639 439 3696 rationia
453 3641 585 3698 beneflcio
597 3659 690 3698 rerum
702 3641 782 3698 facile
800 3643 859 3698 erui
871 3648 899 3697 et
907 3641 1041 3711 judicium
1058 3639 1147 3696 miuus
1164 3638 1251 3696 fallax
1269 3638 1337 3694 sumi
1355 3645 1457 3706 potest
1481 3639 1566 3708 Cujus
1578 3641 1618 3696 rei

259 3739 321 3784 cum
333 3725 439 3784 infinita
451 3728 506 3784 sint
517 3728 650 3800 exemplu,
663 3735 721 3786 tum
733 3745 864 3800 praeseus
878 3730 913 3785 de
924 3735 1050 3798 magnac
1062 3729 1111 3786 abs
1124 3735 1152 3782 te
1163 3726 1333 3797 propositum
1346 3728 1400 3782 hoc
1412 3727 1495 3782 etiam
1508 3729 1618 3786 conuin-

259 3815 305 3885 cit,
324 3817 358 3873 de
372 3817 450 3888 cujus
468 3817 589 3890 matema
607 3819 634 3873 ri
652 3824 680 3874 et
699 3817 755 3874 situ
772 3833 833 3874 cnm
846 3832 939 3873 omnes
956 3815 1183 3886 pbilosophorum
1200 3813 1263 3872 libri
1280 3815 1414 3872 bscunus
1435 3817 1573 3874 tacuerint
1589 3825 1618 3874 et

186 3931 189 3942 ·
227 3913 232 3922 '
258 3919 338 3962 nemo
349 3919 469 3976 unquam
480 3905 533 3966 hoc
545 3905 703 3976 mysterium
721 3905 756 3960 ad
768 3904 941 3975 physicorum
954 3903 1148 3973 principiorum
1160 3903 1289 3960 trutinam
1307 3903 1463 3973 appendere
1474 3905 1510 3960 sit
1523 3921 1618 3975 ausus,

258 3998 351 4048 tamen
363 4007 396 4048 eo
409 3993 523 4063 porrigit
534 3995 645 4050 tandem
658 3993 794 4050 humanae
806 3992 905 4048 mentis
923 3991 996 4048 acies
1013 3998 1042 4048 et
1058 3990 1180 4060 diligenti
1192 3990 1286 4048 habita
1298 3991 1475 4064 ipquisitione
1493 3991 1618 4052 mseras

148 4069 154 4079 ’
259 4087 303 4138 est
314 4083 402 4137 omnis
413 4081 575 4140 obscuritas.
594 4083 639 4138 Ex
650 4082 694 4138 bis
705 4081 819 4138 firmiter
829 4081 927 4150 arguit,
939 4079 1046 4136 dismas
1064 4079 1177 4148 rationis
1189 4079 1290 4134 rivulos
1307 4077 1336 4132 in
1348 4077 1427 4134 nobis
1439 4094 1456 4132 a
1468 4078 1544 4136 iente
1555 4081 1617 4150 ipso

258 4163 369 4226 minima
381 4167 521 4240 dissidere,
539 4169 580 4224 uti
591 4169 698 4240 prolixe
710 4171 739 4226 in
752 4169 847 4236 literis,
864 4167 1007 4226 occasione
1019 4172 1109 4224 motae
1128 4167 1294 4234 quaestionis
1307 4167 1342 4222 do
1353 4173 1488 4237 magnete,
1507 4168 1617 4225 demon·

260 4259 355 4318 stresti
358 4297 455 4316 .....
490 4259 570 4329 Quod
592 4261 674 4332 polus
700 4259 836 4330 magnetis
859 4256 958 4328 apolo
983 4253 1076 4312 muudi
1091 4249 1145 4310 '23⁰
1167 4253 1210 4311 28³
1228 4255 1312 4310 distet
1341 4270 1376 4310 ex
1398 4256 1536 4326 primaevo
1561 4258 1617 4314 situ

260 4347 371 4417 Terrae,
389 4363 446 4404 non
463 4346 568 4405 levibns
586 4350 722 4406 rationum
734 4345 877 4406 momentis
896 4344 962 4400 mibi
979 4343 1054 4400 risus
1072 4358 1101 4400 os
1120 4339 1280 4413 approbare,
1299 4358 1454 4413 quanquam
1472 4360 1507 4399 ex
1525 4353 1616 4414 poste·

263 4435 381 4494 rioribus
399 4435 485 4492 literis
503 4435 635 4507 intellexi,
654 4443 683 4494 ts
700 4437 771 4492 banc
783 4433 945 4510 sententiam
960 4438 1089 4501 mutasse,
1107 4447 1140 4486 eo
1159 4431 1232 4500 quod
1251 4431 1279 4486 in
1290 4439 1416 4499 maguus
1434 4448 1522 4502 oquae
1540 4434 1615 4489 inna-

260 4527 339 4580 tsnte
356 4521 402 4578 rix
420 4521 452 4578 7⁰
470 4522 679 4580 declinationem
691 4523 887 4600 observaveris.
913 4521 967 4580 Sed
985 4519 1170 4594 quianullum
1188 4519 1277 4576 adbuc
1295 4519 1394 4576 dedisti
1411 4521 1494 4590 hujus
1514 4522 1616 4584 distan-

261 4610 316 4668 tiae
334 4626 453 4678 causam,
471 4610 535 4669 inde
554 4613 687 4682 suspicor,
706 4619 735 4670 te
747 4625 844 4668 norom
855 4611 927 4666 bauo
939 4610 1094 4681 opinionem
1102 4607 1227 4672 nondum
1241 4608 1350 4664 omuino
1361 4609 1499 4677 amplecti,
1528 4609 1615 4666 Porro

262 4705 291 4756 et
307 4699 423 4756 alterum
440 4700 476 4758 da
493 4702 521 4756 ri
537 4701 668 4759 tractoria
685 4699 752 4756 mibi
774 4700 934 4770 persuaderi
955 4716 1055 4773 passus
1078 4715 1153 4766 sum3
1179 4695 1243 4767 quia
1266 4710 1364 4765 nempe
1390 4695 1529 4766 quaelibet
1550 4713 1615 4766 pars

262 4786 365 4843 Terrae
387 4788 509 4860 perfecte
530 4796 638 4861 repetat
661 4787 823 4861 principium
841 4792 869 4845 et
886 4789 969 4846 sitnm
987 4787 1207 4854 totinsTerrse,
1232 4783 1305 4840 baud
1323 4799 1403 4842 secus
1420 4791 1452 4841 ut
1468 4786 1562 4854 gravis
1580 4786 1616 4845 ad

262 4879 386 4938 centurn
403 4875 537 4938 tenuem.
570 4877 638 4936 Cum
649 4891 761 4950 magnes
778 4875 942 4950 principium
958 4890 1065 4934 massae
1082 4881 1207 4933 terrenae
1220 4873 1402 4934 antuman
1419 4879 1448 4930 et
1459 4875 1617 4934 elaboratae
