3588 5540
271 386 336 467 966
777 395 1113 470 vincunturque.

270 575 396 638 ultorum
419 593 476 654 ope
499 581 629 638 uteretur
651 583 681 638 ct
701 576 875 656 6166666666
890 583 944 640 aut
957 580 1078 652 amicos,
1100 583 1153 638 aut
1173 576 1265 638 tiliam
1279 574 1497 654 Mmgaretbam
1511 577 1624 654 episto·

272 664 367 726 larum
389 664 550 742 advocaret
572 667 746 744 interpretes
768 675 799 726 ct
819 669 991 744 scriptores,
1020 666 1145 726 rsricrcs
1167 665 1311 742 epistolae
1334 671 1386 724 aut
1408 667 1436 722 in
1459 665 1547 724 rebus
1568 683 1623 727 ue-

273 753 408 814 ceasariis
432 759 486 810 aut
507 754 533 810 si
555 756 678 828 gravius
701 753 772 830 qnid
794 752 950 829 accideret,
975 752 1013 815 ed
1035 759 1157 814 matrem
1180 772 1199 813 s
1220 753 1282 813 iilic
1305 759 1374 811 suut
1395 754 1513 813 66616666.

376 839 495 916 Quanto
518 848 618 902 autem
648 840 747 902 studio
769 840 904 904 Jnannes
926 843 1012 902 matri
1034 839 1227 914 consuluerit,
1259 857 1325 900 cum
1350 841 1551 900 funestissima
1572 840 1625 900 ills

271 926 416 1004 implicita
438 934 517 988 essct
539 945 630 988 causa
653 929 784 1007 capitali,
806 936 1011 1007 66696166.
1036 947 1072 990 ex
1094 935 1347 988 monumentorum
1369 927 1427 987 fide
1447 935 1477 988 66
1498 929 1625 988 6666661-

271 1022 333 1076 tute
355 1014 489 1090 pluribus
511 1017 725 1090 enarravimus,
740 1017 937 1094 'eundemque
964 1017 1162 1094 promtissime
1192 1019 1290 1078 animo
1321 1017 1419 1075 omnia
1449 1014 1624 1092 deseruisse,

270 1103 424 1176 66166666
448 1110 477 1162 66
498 1119 597 1163 666666
613 1121 649 1164 cr
666 1111 749 1180 parte
773 1105 1011 1166 dissentientibus
1034 1113 1064 1164 et
1086 1105 1196 1179 invitia,
1219 1103 1271 1162 filii
1294 1105 1404 1181 pietate
1427 1110 1549 1163 matrem
1571 1103 1626 1164 de-

220 1255 228 1261 ,
272 1188 422 1264 laederet,
454 1189 577 1265 ejnsque
601 1195 818 1252 contentionem
840 1194 958 1254 unicam
980 1191 1040 1254 1666
1063 1209 1184 1253 causam
1205 1191 1311 1266 161666,
1334 1207 1385 1250 666
1406 1197 1551 1254 tormenta
1565 1201 1626 1265 ,ant

273 1295 378 1353 rogum
400 1283 493 1337 mater
516 1279 666 1354 effugeret,
690 1297 726 1340 ex
749 1279 853 1342 1166666
876 1279 1036 1340 clarissime
1058 1286 1181 1358 apparet
1203 1280 1409 1340 monumentis.

376 1363 423 1425 Da
445 1363 567 1441 Kepleri
591 1384 657 1426 cum
679 1367 776 1442 166666,
786 1383 915 1442 sorore,
939 1369 1048 1429 6666616
1070 1369 1176 1428 marito
1199 1365 1410 1427 consuetudins
1433 1373 1501 1442 post
1522 1367 1625 1426 matris

272 1467 392 1514 caueam
414 1451 496 1512 illum
519 1443 692 1530 capitalem,
724 1455 798 1514 nilril
821 1457 892 1516 certi
914 1454 1054 1516 traditum
1077 1461 1137 1516 cst:
1167 1452 1224 1514 boc
1253 1453 1324 1515 s‘sne
1354 1455 1480 1514 maxime
1510 1456 1625 1528 6616666,

273 1538 354 1617 6666
367 1538 478 1600 dcanni
502 1546 568 1600 cum
583 1541 711 1605 Bindcrc
734 1552 861 1622 6666666,
885 1545 994 1603 6666616
1016 1541 1151 1618 conjuge,
1175 1545 1379 1602 commercium
1402 1549 1479 1602 66666
1501 1539 1624 1604 nullum.

274 1625 419 1704 Quamvis
442 1629 520 1688 enirn
543 1637 573 1689 66
594 1631 659 1707 ipse
681 1647 748 1690 cum
771 1632 880 1692 viseret
902 1648 969 1691 cum
993 1633 1024 1690 in
1045 1631 1141 1707 patria
1163 1638 1241 1690 esset
1263 1637 1384 1690 matrem
1408 1631 1437 1687 in
1460 1645 1551 1688 causa
1572 1647 1626 1690 ca-

272 1713 358 1793 pitali
381 1712 553 1776 defensurus
576 1715 700 1795 (1621),
731 1725 761 1780 66
789 1718 883 1778 filium
911 1735 1032 1795 qusque
1054 1715 1255 1790 Ludcvicum,
1286 1720 1337 1794 661
1367 1717 1405 1778 ab
1429 1723 1624 1778 66661626.

220 1851 225 1864 .
272 1818 367 1880 usque
389 1800 428 1862 66
449 1820 559 1865 annum
583 1810 678 1868 1629.
709 1805 872 1866 studiorum
901 1823 991 1866 66666
1019 1812 1152 1866 versatus
1175 1813 1221 1866 est
1243 1803 1414 1881 Tubingae,
1445 1802 1624 1880 admoneret,

273 1898 308 1950 ut
328 1889 424 1952 adiret
451 1894 586 1966 amitam,
618 1910 695 1970 quae
721 1894 790 1971 plns
817 1893 909 1954 semel
939 1893 1041 1972 aliqua
1069 1895 1196 1970 pecunia
1218 1909 1285 1952 enm
1307 1891 1436 1968 adjuvit,
1467 1901 1565 1952 tamen
1589 1892 1625 1954 de

274 1977 396 2055 11661661
418 1982 556 2056 66661666
571 1997 638 2040 cum
654 1980 781 2042 Bindern
792 1981 938 2041 societate
952 1989 983 2042 et
997 1982 1171 2042 commercio
1187 1979 1260 2041 nihil
1274 1987 1455 2058 compertum
1470 1978 1625 2042 66666666.

378 2065 469 2128 Brevi
490 2076 649 2145 postquem
671 2068 818 2146 Keplcrus
841 2067 977 2129 Gratium
1000 2077 1123 2130 vocatus
1146 2065 1256 2148 (1594)
1288 2076 1318 2129 66
1348 2067 1496 2128 66661666
1518 2067 1627 2145 ampli-

273 2151 376 2214 tudine
398 2160 428 2214 66
449 2157 578 2216 maxima
600 2157 690 2216 animi
710 2155 897 2233 jucunditate
924 2155 1085 2234 permultos
1114 2157 1298 2232 comparavit
1320 2162 1350 2216 et
1371 2157 1483 2215 amicos
1505 2162 1536 2216 66
1557 2155 1627 2216 lan·

273 2249 366 2316 tures,
397 2243 481 2302 suria
511 2244 641 2304 animum
672 2245 737 2321 ejus
759 2245 939 2305 matrimonii
970 2244 1093 2306 consilia
1121 2245 1282 2304 subierunt
1326 2242 1400 2303 Post
1422 2241 1515 2302 mults
1537 2244 1627 2319 igitur

273 2327 484 2406 impedimenta
507 2331 675 2409 6661666666
702 2349 800 2402 moras
823 2331 944 2392 viduum
972 2333 1029 2392 sibi
1052 2331 1208 2409 despondit
1228 2331 1389 2392 Barbarum
1417 2329 1454 2390 de
1476 2330 1626 2406 61661666,

274 2417 359 2494 cujus
380 2419 538 2494 propinqui
562 2418 612 2479 diu
628 2419 833 2499 prohibebant,
857 2437 895 2480 ne
909 2419 1015 2480 mulier
1030 2421 1155 2498 patricia
1170 2437 1235 2479 cum
1258 2417 1376 2498 plebeio
1399 2417 1517 2478 homine
1541 2421 1628 2480 iniret

273 2506 502 2568 matrimonium.
555 2503 686 2582 Qucmm
716 2513 749 2568 66
778 2507 917 2588 66616166
950 2510 1069 2587 66161666
1099 2505 1259 2586 impleret,
1278 2506 1484 2584 Stuttgartiam
1514 2507 1627 2584 (1696)

273 2593 423 2672 proiectus
446 2592 476 2652 id
491 2595 677 2673 potissimum
693 2597 789 2672 661666
804 2594 929 2666 videtur,
952 2603 985 2656 ut
1007 2596 1103 2672 gentis
1126 2611 1198 2656 6666
1220 2593 1413 2669 nobilitatem,
1437 2593 1627 2654 diutumitata

274 2687 440 2757 temporum
462 2679 644 2758 neglectam,-
662 2681 856 2762 depromeret.
902 2680 999 2758 Quam
1021 2682 1059 2743 66
1081 2700 1142 2742 rem
1165 2699 1242 2758 quae
1266 2685 1424 2760 pertinent,
1449 2681 1513 2757 jam
1540 2699 1630 2760 66666

277 2772 318 2842 (6.
344 2771 409 2841 691)
435 2767 596 2844 retulimus,
620 2786 799 2847 quamquam
822 2771 911 2831 etiam
934 2769 1027 2830 multa
1049 2769 1164 2844 desunt,
1188 2771 1295 2846 quibus
1310 2768 1399 2847 plana
1413 2786 1459 2829 666
1482 2776 1512 2830 66
1527 2779 1630 2845 aperta

236 2929 238 2935 y
276 2853 424 2915 reddatur.
471 2856 653 2918 Consecutus
684 2860 787 2934 utique
818 2856 916 2918 estid
939 2856 1018 2935 6666
1048 2856 1142 2917 661616
1163 2856 1309 2934 Keplcrua
1339 2863 1369 2917 et
1391 2857 1510 2935 nuptiae
1533 2855 1630 2917 Gratii

275 2939 324 3002 die
355 2947 406 3002 21.
429 2941 540 3022 Aprilis
567 2949 648 3006 tuat
673 2945 769 3006 166666
800 2953 879 3008 sunt.
924 2945 958 3005 16
981 2946 1197 3006 matrimonium
1219 2945 1320 3005 attulit
1347 2943 1468 3022 Kapleri
1497 2961 1572 3004 uxor
1601 2953 1631 3005 et

275 3029 423 3091 fortunam
446 3031 519 3092 satis
543 3033 723 3111 opulentum,
747 3032 832 3109 cujus
855 3036 918 3110 agri
941 3039 1025 3094 erant
1046 3035 1175 3093 maxima
1197 3049 1279 3110 pars,
1312 3039 1342 3092 et
1363 3031 1506 3109 Reginam
1529 3030 1629 3108 tiliam,

245 3113 248 3118 ’
276 3133 311 3178 66
334 3118 428 3194 661666
458 3121 644 3181 matrimonio
673 3121 819 3198 genitam,
851 3122 935 3198 cujus
966 3119 1134 3180 educationi
1157 3123 1220 3198 ipse
1244 3119 1392 3181 consuluit
1417 3121 1630 3180 amantissime.

279 3203 371 3282 Cujus
395 3207 572 3267 matrimonii
594 3209 704 3283 primos
726 3225 821 3270 annua
844 3215 1003 3286 exegerunt
1023 3206 1225 3281 felicissimos,
1248 3225 1314 3268 cum
1338 3208 1465 3283 conjunx
1488 3213 1518 3268 et
1539 3209 1632 3267 166666

276 3297 306 3353 66
328 3299 425 3354 aetate
448 3293 555 3355 1166666
578 3297 683 3372 viginti
706 3301 765 3356 tres
787 3311 881 3356 annos
903 3301 974 3358 nata
996 3293 1084 3373 (6666
1105 3303 1173 3356 ante
1194 3294 1354 3372 Keplcruur
1376 3295 1480 3355 babuit
1501 3297 1631 3369 maritae,

275 3395 400 3456 qnorum
428 3380 504 3442 61666
524 3385 626 3460 paucis
648 3391 716 3461 post
745 3382 840 3445 factm
861 3385 981 3462 nuptias
1004 3385 1089 3444 annis
1112 3383 1252 3455 decessit,
1283 3381 1357 3443 ulter
1386 3381 1474 3442 66666
1504 3400 1630 3460 nequam

274 3466 365 3527 luisse
388 3467 512 3544 ridetur,
536 3477 569 3530 ut
590 3487 658 3532 mor
680 3470 763 3532 116666
778 3468 946 3551 divortium)
966 3471 1210 3547 jucundissimam
1233 3471 1261 3530 61
1282 3469 1522 3530 redderetvitam
1544 3488 1632 3548 prac-

273 3561 386 3616 ssutsm
409 3557 586 3618 6616666666
609 3566 760 3636 sperarent
780 3558 902 3620 liberam
925 3559 1015 3627 stab
1038 3559 1156 3637 inopiae
1179 3558 1256 3618 curis
1278 3575 1412 3618 vacuam.

385 3641 444 3704 Sed
467 3643 551 3705 66661
572 3653 642 3724 6666
665 3646 728 3706 6166
750 3643 928 3708 laetissimos
951 3647 1044 3707 secuti
1066 3654 1136 3707 6666
1150 3648 1299 3706 tristiores.
1337 3645 1410 3705 Cum
1434 3644 1631 3706 6616666661-

274 3727 390 3790 nandus
405 3731 565 3807 Archidux,
589 3735 640 3810 661
657 3741 762 3810 postea
784 3733 879 3794 lactus
895 3741 940 3794 est
954 3736 1119 3810 imperator,
1144 3733 1260 3812 styriae
1276 3733 1428 3808 imperinm
1444 3735 1630 3809 suscepisset,

273 3818 399 3896 primum
421 3819 478 3881 666
501 3819 558 3880 6161
580 3820 746 3890 iaciendum
768 3823 894 3898 putavit,
917 3827 950 3882 ut
972 3821 1158 3882 Lutbsruuae
1181 3820 1249 3881 fidei
1272 3823 1300 3878 iu
1324 3819 1422 3897 Styriu
1445 3818 1631 3896 1666661666-

274 3923 332 3983 que
355 3905 479 3969 diffusae
501 3915 532 3967 et
554 3907 762 3970 disseminatae
786 3910 939 3986 opiniones
968 3909 1105 3970 interris
1134 3909 1196 3968 suis
1224 3907 1425 3969 haereditariis
1455 3912 1632 3987 opprimeret

275 4009 385 4070 casque
408 3996 445 4056 ad
470 3996 698 4072 exstinguendas
721 4003 752 4057 66
773 3997 861 4074 61666
884 3995 1024 4058 delendas
1047 3995 1231 4057 Lntharsncr
1253 4003 1283 4056 ct
1304 3997 1460 4073 magistros
1482 4003 1512 4057 66
1533 4013 1631 4056 66666-

148 4081 150 4084 ’
274 4079 359 4142 dotes
382 4083 487 4157 ejicere
510 4085 653 4159 optimum
682 4091 764 4146 ratus
787 4091 841 4148 est.
885 4084 924 4144 Et
945 4086 1029 4144 initio
1052 4077 1177 4161 ¹qnidam
1200 4083 1345 4163 Keplcrus
1375 4087 1502 4144 intactus
1528 4091 1559 4144 et
1585 4086 1632 4142 in-

275 4169 402 4230 violatus
418 4167 512 4231 Gratii
528 4187 677 4234 remanere
692 4189 781 4251 posse
804 4174 886 4232 risus
909 4177 954 4232 est
974 4174 1032 4243 (616.
1056 4192 1084 4245 p.
1103 4177 1151 4232 701
1173 4177 1216 4244 6.).
1261 4169 1351 4233 Η666
1372 4173 1415 4231 166
1436 4171 1524 4248 longe
1546 4179 1632 4248 post-

272 4272 310 4317 ea
340 4274 410 4318 6666
441 4275 488 4318 666
509 4257 632 4336 11661661
653 4261 683 4319 16
714 4259 800 4337 pejus
823 4277 926 4320 666666
949 4265 1026 4320 6666.
1071 4257 1239 4319 consiliarii
1266 4258 1340 4320 lcrte
1362 4257 1540 4320 Fordinaudi
1562 4258 1631 4337 (Je-

272 4345 384 4419 suitae)
408 4347 490 4422 prius
511 4363 593 4424 spem
617 4347 745 4426 aliquam
769 4347 935 4421 66666666,
965 4344 1092 4408 eumad
1115 4345 1289 4408 catholicam
1319 4346 1406 4407 fidem
1434 4365 1499 4408 6666
1521 4349 1630 4408 666661-

273 4437 379 4492 turum.
425 4431 514 4509 Quod
537 4451 603 4495 cnm
626 4436 663 4497 ub
687 4433 991 4497 6666166116616666
1018 4435 1205 4494 tenacissimo
1234 4451 1292 4494 non
1323 4436 1544 4511 impetrassent,
1574 4436 1629 4511 ipsi

273 4535 391 4596 quoque
414 4520 527 4598 eadem,
551 4539 628 4600 quas
650 4523 741 4601 paulo
764 4530 833 4584 ante
848 4523 953 4584 6666616
968 4523 1033 4599 ajnr
1047 4523 1217 4599 6666166166
1233 4523 1462 4600 magistratibus,
1478 4523 1527 4599 qul
1542 4521 1628 4582 tidem

136 4647 148 4656 .
275 4605 476 4670 Lutheranam
497 4609 710 4687 profiterentur,
731 4627 829 4690 poena
851 4611 989 4688 imposita
1011 4616 1056 4672 666
1070 4613 1240 4686 asperrima,
1263 4618 1296 4670 nt
1310 4613 1435 4688 patriam
1451 4612 1501 4670 vix
1515 4618 1629 4687 partam

274 4691 496 4772 derelinqueret
533 4692 740 4760 6116166666
771 4715 889 4760 causum
909 4703 1043 4760 66666666
1067 4696 1508 4775 Α66616661666661666611666
1530 4700 1628 4758 animo

273 4797 379 4858 capere
400 4799 568 4862 possumus.
612 4785 744 4847 Primum
766 4788 855 4864 igitur
877 4784 1024 4862 Keplcrua
1049 4787 1080 4844 in
1103 4783 1353 4864 Wiirttembergia
1384 4793 1413 4848 et
1434 4785 1577 4846 auxilinm
1599 4791 1628 4845 et

273 4867 428 4934 consilium
450 4874 611 4958 quaesivit,
641 4889 709 4939 cum
731 4872 811 4982 apud
833 4872 1038 4963 ’1666666666
1060 4888 1131 4940 6666
1153 4875 1309 4984 magis²¹⁰⁸
1338 4879 1398 4941 tarn
1426 4881 1540 4956 mutam
1563 4889 1627 4936 6666
1723 4933 1728 4942 .
