3624 5554
258 371 324 444 742
769 367 1105 442 vraromausput

256 561 342 618 pense
359 544 498 604 addimnm
514 561 565 618 par
582 550 639 602 tam
655 543 824 618 importunas
841 544 936 602 literas
954 544 1111 602 alieniorem
1129 550 1157 601 et
1168 545 1257 604 minua
1274 545 1411 602 iuuentem
1427 545 1542 617 reddar,
1560 547 1611 604 sed

256 633 442 706 inposterum
460 637 488 687 te
505 631 710 704 prudentiorem
729 639 757 688 et
773 632 983 690 moderatiorem
1000 631 1131 690 exhibeas
1143 631 1305 704 praesertim
1323 647 1389 703 erga
1407 648 1477 704 eum,
1496 633 1543 704 qui
1555 633 1610 702 iam

256 725 339 778 antea
353 736 419 789 erga
431 727 460 776 te
471 736 572 792 magua
583 721 716 792 patientia
726 726 769 778 est
781 737 848 778 usus
867 727 895 777 et
912 721 964 777 tibi
981 721 1091 791 tuisque
1104 737 1185 790 qnam
1197 719 1299 790 optime
1311 733 1346 774 ex
1358 719 1447 775 animo
1460 721 1562 790 cupit.“
1579 751 1610 763 ·-

270 865 273 872 ,
360 808 544 866 Difficultates
561 809 614 866 hae
632 809 703 864 iuter
720 807 877 880 Tychoucm
896 813 924 864 et
940 806 1090 876 Keplernm
1107 807 1206 864 iterum
1224 813 1301 863 ortae
1318 813 1382 878 post
1400 807 1518 864 reditum
1535 809 1610 881 Kep-

255 893 306 952 leri
324 896 426 965 (mense
443 895 577 967 Angusto)
600 896 768 966 compositae
786 910 847 951 esse
864 893 1005 966 ridentum
1029 893 1058 949 iu
1076 895 1191 966 gratiam
1209 894 1347 966 Tychonis
1370 901 1498 966 receptus
1522 901 1566 950 est
1583 903 1611 952 et

255 997 295 1052 aa,
314 999 385 1054 quae
403 983 497 1054 Tycho
516 984 569 1054 ipsi
586 982 754 1040 elaboranda
770 981 918 1048 commisit,
935 981 1052 1040 fideliter
1069 981 1185 1056 peregit,
1209 977 1318 1040 libeiioa
1335 983 1498 1054 conscripsit
1516 989 1611 1039 cenna

254 1068 355 1126 Ursum
373 1077 401 1127 et
414 1069 550 1140 Oraiginm
563 1071 598 1139 (p.
610 1075 632 1128 1.
647 1077 699 1126 217
713 1089 746 1128 aa.
760 1079 786 1123 at
797 1071 869 1140 280),
887 1070 986 1140 quibus
1005 1069 1162 1140 Tychonem
1180 1067 1302 1126 defendit
1319 1075 1416 1124 cauma
1427 1069 1490 1126 Ursi
1508 1071 1609 1126 calum·

254 1157 323 1227 nias,
341 1163 371 1213 et
390 1157 490 1228 Craiqii
508 1157 671 1214 senentiam
689 1157 724 1214 de
742 1157 855 1213 cometis
880 1156 993 1212 refutat.
1027 1157 1105 1213 Haec
1122 1155 1182 1226 ipsa
1198 1154 1284 1211 refert
1301 1155 1451 1226 Kepierua:
1482 1153 1510 1213 A
1533 1153 1609 1232 Sep-

254 1241 360 1301 tembri
374 1243 515 1319 inquisivi
529 1243 774 1304 ecceutricitatem
788 1241 876 1316 Solis,
900 1242 929 1299 in
944 1257 1003 1317 quo
1025 1237 1127 1300 labore
1141 1237 1244 1317 Tycho
1259 1247 1391 1300 mortuns
1406 1247 1459 1300 est.
1496 1239 1609 1302 hiensis

161 1381 165 1392 .
255 1329 342 1390 nohis
364 1345 401 1389 eo
424 1329 553 1391 curando
576 1329 644 1390 dum
661 1335 827 1408 aegrotaret
849 1335 879 1389 et
895 1325 1064 1405 s'cpeliendo
1081 1334 1196 1386 mortuo
1212 1335 1393 1388 consumtus.
1430 1327 1502 1388 Inde
1516 1347 1610 1406 usque
1809 1375 1810 1387 ,

252 1415 292 1476 ad
319 1417 407 1478 leriae
433 1417 584 1478 natalitiae
611 1417 703 1496 relegi
731 1417 1028 1496 Prnqpmaoamutu,
1061 1415 1163 1491 scripsi
1193 1413 1332 1490 iudicem,
1363 1419 1484 1492 concepi
1512 1426 1609 1493 nome,
1728 1429 1733 1442 ·
1809 1419 1810 1428 ’

254 1521 377 1581 quarum
401 1503 528 1583 aliquae,
550 1505 685 1581 privatae
699 1506 868 1565 monitionis
891 1521 981 1565 cansa
1003 1503 1139 1579 scriptae,
1162 1501 1349 1579 postmodum
1370 1519 1423 1579 per
1444 1503 1609 1565 simultates

167 1655 170 1667 ,
252 1599 370 1653 uoahas
391 1610 438 1653 ms
460 1609 519 1653 non
542 1592 670 1669 amplius
692 1592 825 1653 cousnlto
848 1592 966 1652 inerunt
987 1591 1030 1650 ita
1050 1587 1161 1650 ruditer
1176 1596 1207 1650 et
1222 1588 1357 1664 cruditer,
1381 1596 1415 1650 ut
1429 1599 1510 1651 erant
1525 1609 1544 1650 a
1561 1609 1608 1653 me

251 1687 420 1758 conceptae,
444 1681 517 1740 citra
539 1697 655 1742 omnem
676 1681 880 1742 necessitatem
903 1681 1075 1756 impressae,
1098 1677 1230 1752 coasilio,
1254 1681 1287 1737 ut
1302 1679 1394 1754 ajunt,
1418 1695 1453 1738 ne
1469 1679 1607 1740 haberem

251 1786 308 1846 ego
331 1785 390 1846 quo
414 1767 615 1830 calumniarer.
639 1801 682 1813 -
703 1767 822 1828 Mortuo
845 1765 987 1846 iyebone
1009 1765 1167 1825 Baruitius
1195 1763 1267 1824 mihi
1290 1772 1342 1826 26.
1365 1763 1501 1827 Octobris
1530 1767 1607 1828 uitro

250 1855 389 1917 salarium
420 1855 598 1916 Caesareum
624 1857 829 1932 annunciavit3
859 1853 889 1913 id
913 1863 946 1914 ut
973 1851 1190 1914 confirmaretur
1218 1853 1378 1930 petendum
1407 1859 1483 1928 erat,
1515 1853 1608 1916 donoc

250 1943 368 2006 tandem
393 1949 421 2005 9.
445 1941 545 2004 Martii
571 1947 663 2005 1602.
676 1933 811 2021 ‘primam
833 1943 934 2019 accepi
956 1943 1121 2020 pecuniam.
1146 1973 1189 1984 -
1211 1939 1314 2020 'Fyeho
1330 1939 1462 2002 Rraheus
1483 1941 1513 2000 in
1529 1942 1608 2003 uinis

135 2107 137 2112 ,
249 2031 288 2094 D.
312 2031 390 2093 lirici
412 2031 510 2092 Brahe
532 2037 702 2110 aspectante
725 2049 772 2094 me
795 2031 965 2108 exspiravit.
1010 2027 1177 2090 Moriens
1200 2046 1219 2089 a
1240 2045 1310 2102 me,
1339 2045 1450 2106 quem
1479 2031 1514 2089 in
1538 2030 1607 2090 Go-

249 2119 405 2198 pernici
436 2121 638 2180 sententia
665 2135 751 2181 esse
776 2119 942 2191 sciebat,
973 2117 1110 2193 petiit,
1139 2117 1200 2177 uti
1226 2117 1264 2174 in
1292 2133 1361 2178 sua
1389 2115 1607 2196 hypothesi

250 2208 383 2268 omnia
406 2205 711 2271 demonstrarem.

352 2306 494 2363 Mortuum
507 2307 664 2378 Tychnmm
675 2305 812 2378 Keplerus
830 2311 993 2378 prosecutus
1011 2309 1054 2362 est
1064 2303 1167 2378 Eleyln
1182 2304 1214 2361 ies
1232 2305 1336 2363 obitam
1353 2305 1490 2378 dychooie
1501 2307 1607 2378 Brulse,

250 2408 332 2465 qnam
349 2393 396 2451 iol.
417 2395 467 2452 138
485 2411 522 2452 ss.
540 2395 738 2467 praemisimus.
1477 2429 1479 2432 -

353 2482 483 2554 Tychnns
495 2483 636 2540 etiamtum
648 2483 709 2539 viro
721 2483 838 2554 Pragam
849 2480 924 2536 veuit
935 2478 1012 2536 initio
1026 2479 1091 2536 anni
1103 2481 1181 2537 1601.
1204 2479 1354 2538 Derides
1366 2481 1553 2540 Fabricius
1571 2500 1607 2540 ex

247 2569 338 2627 Frisia
355 2569 489 2641 orientali,
506 2571 601 2628 literae
614 2585 707 2628 aecum
719 2569 808 2626 serens
822 2566 1067 2626 commendatoriis
1085 2567 1284 2624 Eberhardi
1303 2567 1445 2638 Schola,
1465 2569 1607 2628 orientalis

249 2657 357 2714 Frisiae
376 2659 548 2726 ,secretariii
563 2659 619 2730 (cir.
631 2661 679 2713 111.
693 2661 769 2729 ⁷2⁷),
789 2657 836 2730 qni
853 2663 952 2728 postea
970 2655 1024 2726 (id.
1037 2655 1125 2724 lunii)
1143 2655 1213 2711 haec
1231 2653 1306 2712 dedit
1324 2655 1360 2712 ad
1377 2657 1535 2727 Tychenem
1555 2675 1607 2726 ,ax

248 2761 313 2804 arce
330 2745 499 2804 nunctum:
520 2747 598 2820 ,Non
616 2746 720 2816 dubito,
738 2760 813 2802 meas
831 2760 887 2803 una
904 2759 967 2800 cum
985 2743 1081 2814 latore,
1100 2743 1133 2798 D.
1146 2743 1271 2800 Fabricio
1290 2750 1394 2811 nosue,
1411 2751 1439 2801 te
1458 2747 1606 2818 accepisse.

247 2835 311 2892 Nun
327 2835 405 2906 potui
422 2835 489 2906 quin
507 2841 535 2891 te
552 2836 607 2893 hac
625 2833 756 2892 schedula
771 2833 921 2902 inviserim,
941 2831 1146 2902 sciscitaturus,
1164 2848 1230 2888 unm
1249 2831 1341 2889 salum
1359 2849 1391 2890 ac
1408 2833 1551 2892 incolumis
1571 2838 1607 2895 ad

246 2939 296 2979 ros
318 2925 482 2992 pervenerit.
517 2923 608 2981 Multa
632 2937 730 2994 nempe
752 2920 891 2978 metuebat
914 2925 998 2990 atque
1022 2927 1054 2976 ut
1075 2920 1142 2976 mihi
1167 2919 1311 2976 ridebatur
1333 2921 1385 2978 sihi
1411 2923 1606 2996 persuadebat,

248 3010 328 3080 quasi
344 3025 399 3066 non
418 3010 478 3066 siue
495 3009 618 3081 periculo
636 3011 690 3067 hec
712 3007 766 3064 iter
782 3007 916 3078 perficere
933 3014 1040 3078 posset.
1067 3005 1234 3063 Persuasum
1251 3023 1316 3064 raro
1334 3007 1432 3080 habeo,
1449 3010 1606 3069 Fabricium

247 3095 411 3153 incolumem
436 3111 469 3152 ac
486 3095 591 3152 salvum
614 3095 670 3154 hnc
691 3097 879 3153 reversurum*
900 3100 950 3151 etc.
973 3125 1008 3135 -
1025 3095 1132 3165 Pragae
1149 3107 1266 3152 uernans
1291 3095 1434 3154 Fabricius
1457 3096 1607 3168 Iieplerum
1701 3147 1709 3162 .

248 3183 352 3240 frustra
369 3182 480 3240 visitare
497 3183 584 3240 voluit
601 3183 763 3255 absentique
781 3183 875 3240 literas
888 3181 963 3239 dedit
979 3197 1061 3266 aegre
1078 3181 1169 3240 ferens
1181 3181 1255 3238 illius
1268 3181 1419 3240 absentiam
1431 3183 1488 3255 (cir.
1498 3185 1521 3240 Ι.
1534 3187 1606 3259 305),

247 3285 317 3341 qnae
342 3270 418 3327 brevi
440 3270 627 3342 sequebantur
651 3271 722 3328 aliae
743 3287 778 3328 ex
798 3271 899 3342 Frisia,
924 3271 997 3328 uude
1019 3277 1080 3327 orte
1103 3275 1146 3330 eet
1163 3269 1334 3327 familiaritas
1355 3271 1428 3327 inter
1448 3279 1605 3346 utrumqne,

247 3373 298 3429 per
315 3363 404 3414 totum
423 3359 583 3416 decennium
601 3375 657 3415 non
674 3359 839 3416 intermissa.
877 3360 1069 3428 (Belianbtgtua
1088 3361 1114 3417 d.
1135 3365 1177 3414 it.
1194 3361 1258 3426 iiajt
1273 3363 1340 3414 1601
1360 3363 1474 3426 Tychont
1490 3367 1605 3434 nunciat,

248 3441 391 3490 Fabricium
409 3453 439 3492 ex
456 3443 545 3492 itinere
563 3455 618 3506 suo,
638 3441 706 3506 quod
717 3441 751 3491 ad
763 3441 836 3491 illum
849 3441 994 3505 instituerit,
1013 3441 1129 3498 rediisse,
1148 3437 1276 3503 Tychnuis
1294 3443 1390 3510 studia,
1409 3447 1439 3492 ut
1455 3450 1605 3512 mereantur,

249 3519 437 3572 commendasse
455 3522 692 3588 observationesque
711 3535 768 3572 rues
790 3535 874 3572 coram
895 3521 1048 3587 ostendisse,
1074 3525 1099 3571 et
1116 3519 1156 3570 bia
1172 3517 1248 3570 finem
1268 3521 1341 3574 iacit:
1367 3519 1460 3586 ,Doiui
1482 3525 1606 3590 proiecto,

249 3599 420 3665 Ganymedem
437 3605 491 3650 tam
515 3600 653 3663 elegantem
671 3601 768 3654 Frisios
785 3605 872 3669 petius
889 3605 969 3653 heret
984 3615 1100 3666 pascere,
1125 3613 1203 3667 quam
1220 3601 1251 3650 ab
1275 3599 1364 3668 aquila
1385 3600 1481 3652 doridi
1503 3607 1606 3670 raptum

247 3679 305 3731 Diis
322 3680 351 3729 in
368 3681 438 3730 coelo
456 3679 634 3747 ministrare.“)

352 3763 441 3820 Amici
458 3769 486 3820 et
502 3763 624 3822 fautores
641 3764 754 3837 Kepleri
771 3771 887 3822 mortem
898 3763 1037 3837 'iychonia
1055 3763 1083 3820 in
1100 3763 1202 3820 honum
1215 3764 1359 3834 angurium
1375 3765 1528 3823 ruebant.
1560 3767 1606 3826 bie
1718 3755 1720 3760 ’

249 3851 396 3922 theologus
418 3851 703 3912 Haienreiierus
726 3853 821 3911 scribit
845 3855 899 3924 (14.
922 3857 985 3910 tior.
1009 3856 1101 3925 lton:
1127 3853 1170 3910 De
1191 3859 1280 3910 morte
1304 3851 1442 3926 Typhonis
1464 3869 1520 3909 uon
1546 3855 1607 3912 aine

202 3982 204 3986 -
247 3956 346 4012 magno
364 3939 460 3997 delore
477 3939 577 3999 audiri.
588 3981 618 4000 ..
633 3980 662 3998 ..
708 3942 818 3999 Lenirit
836 3941 958 3999 dolorem
976 3955 1053 4014 spes,
1072 3957 1142 4013 quae
1160 3955 1224 3997 eum
1240 3941 1321 3999 nobis
1339 3940 1517 4014 superstitem
1527 3942 1605 4012 iecit,

248 4031 297 4108 qui
315 4029 408 4088 divina
425 4029 536 4100 affirma
555 4045 608 4101 epe
624 4029 786 4101 imperfecta
803 4029 941 4102 lychonie
959 4045 1044 4101 opera
1061 4029 1194 4100 perticere
1210 4035 1313 4098 potest.
1347 4029 1425 4099 Quae
1442 4031 1544 4096 recita
1561 4046 1606 4087 me

247 4117 357 4186 rededi,
379 4121 412 4174 nt
432 4121 565 4188 qnantum
587 4115 689 4174 doloris
711 4117 871 4175 immaturus
892 4117 941 4174 iile
963 4117 1102 4189 Tychonis
1125 4116 1215 4176 obitus
1236 4118 1303 4175 mihi
1320 4117 1470 4188 molinaei,
1496 4125 1605 4176 tantum

248 4206 341 4278 gaudii
358 4211 389 4263 et
404 4205 648 4275 congratulationis
669 4205 740 4266 haec
762 4207 819 4264 iida
836 4207 1003 4263 sumersetis
1026 4205 1178 4262 dexteritas
1201 4205 1358 4264 ielicimima
1380 4214 1491 4278 sperata
1509 4221 1604 4279 super·

249 4295 370 4352 adderet.
389 4323 424 4334 -
440 4293 646 4350 Heryartus
663 4295 699 4362 (t.
717 4295 819 4364 Dochi:
834 4335 841 4350 .
855 4333 864 4352 .
878 4333 906 4352 ..
925 4294 982 4350 kan
999 4293 1045 4351 ioh
1062 4294 1103 4350 Im
1115 4307 1165 4364 gar
1176 4294 1217 4352 nit
1229 4295 1336 4364 rathen,
1354 4294 1518 4352 daseEran
1530 4296 1605 4366 einig

249 4384 336 4441 tuder
352 4381 403 4438 Ort
420 4380 517 4438 recti
540 4380 674 4451 trechtet,
699 4381 773 4438 dann
790 4380 835 4438 ich
853 4383 899 4439 inr
914 4381 1084 4454 rmnaiieiig
1105 4382 1194 4454 haita,
1218 4384 1259 4440 Fr
1276 4383 1366 4440 werde
1383 4382 1474 4440 dieses
1492 4383 1558 4440 Orts
1575 4385 1605 4441 iu

248 4471 368 4528 diurnam
383 4487 418 4527 au
437 4483 560 4541 grossam
570 4469 744 4528 Aninehnnen
756 4470 893 4543 hommem,
912 4471 949 4528 da
965 4471 1011 4528 ich
1029 4470 1111 4541 deun,
1130 4485 1161 4526 so
1173 4470 1226 4528 visi
1238 4485 1273 4527 an
1285 4469 1345 4542 mir,
1361 4470 1478 4528 treuiich
1490 4471 1605 4530 ihrdern

249 4559 342 4617 helien
365 4559 429 4619 uili.
465 4557 558 4616 hileiu
581 4560 638 4618 seia
660 4575 690 4616 er
714 4565 794 4617 caute
817 4565 846 4615 et
870 4559 1080 4632 circumspecte,
1105 4560 1170 4618 dass
1194 4575 1224 4616 er
1246 4559 1291 4618 bei
1308 4559 1362 4616 deu
1380 4559 1475 4616 Erben
1491 4560 1520 4615 in
1538 4561 1604 4619 irein

249 4646 401 4706 idiatraueu
418 4648 535 4706 kumme.
572 4647 609 4706 So
626 4647 706 4706 uuile
724 4645 783 4705 sich
801 4647 850 4705 der
867 4647 939 4704 Hsrr
955 4647 1006 4706 mit
1023 4649 1072 4706 der
1089 4647 1248 4720 Besoiduug
1265 4647 1306 4706 uit
1322 4665 1354 4707 so
1372 4646 1467 4719 garing
1478 4647 1534 4704 and
1546 4649 1602 4703 ein-

250 4747 370 4804 geaogeu
387 4736 556 4807 beschlageu
572 4735 677 4808 iassen,
703 4733 821 4794 eundern
839 4733 900 4792 eine
918 4735 1012 4793 staria
1034 4736 1219 4807 aushmiiche
1235 4734 1604 4808 Besnidnnqpraetendiren

249 4819 304 4886 md
321 4821 424 4885 dimeib
442 4825 483 4883 nit
500 4841 552 4902 pro
571 4824 725 4900 quantitate
743 4823 867 4898 corporis
885 4829 913 4882 et
930 4825 1066 4885 tenuitme
1076 4825 1175 4897 rictus,
1192 4825 1242 4885 sed
1252 4839 1303 4897 pro
1321 4823 1508 4898 magnitudine
1519 4823 1603 4882 suinai
