3612 5538
579 363 693 438 Keplsri
707 363 849 431 metunt
859 364 958 426 stude
974 369 1004 424 st
1019 365 1152 426 decumo.
1189 405 1194 416 ·
1457 369 1543 443 toti

190 563 245 626 ogo
265 547 345 610 su'tst
359 546 403 612 ele
425 546 526 626 Qum
543 545 732 626 regulsribus
748 543 872 624 disputo
894 553 955 607 uon
973 551 1039 608 tsm
1052 549 1229 626 geometrice
1246 547 1322 630 tnui
1337 548 1396 612 ubi
1415 546 1472 612 illu
1487 547 1544 612 od·

190 635 248 698 nuc
269 634 448 713 incompleta
474 637 541 696 viss
567 633 639 714 est),
670 651 759 712 quem
787 635 983 699 esbonoruiee
1013 641 1043 694 et
1070 637 1288 716 metaphysine,
1319 641 1363 700 sie
1393 639 1483 698 etiem
1506 637 1543 700 sle
1627 643 1636 654 ’

191 731 294 785 centus
317 724 556 800 proportionibus
577 723 674 784 scribo
696 739 755 783 nou
770 729 832 782 tem
845 725 966 797 musice,
991 727 1278 800 prssmgeometriee,
1301 725 1433 804 pbysiee,
1458 724 1543 786 deni-

192 829 248 888 que
264 818 297 872 ut
311 812 392 888 prius
408 812 601 872 astronomiae
613 818 643 872 et
658 811 872 888 metspbpsice:
897 812 968 887 quis
990 813 1066 870 sicut
1080 814 1250 888 corporibus
1273 815 1402 892 quinque
1424 812 1544 890 regule-

190 899 270 959 ribus
293 916 330 960 ex
352 901 527 976 geometria,
555 901 599 958 sic
621 900 711 958 etism
732 899 970 976 proportionibus
1001 904 1122 974 totoque
1144 907 1288 976 eppsrstu
1310 901 1481 962 harmonico
1506 919 1543 961 ex

190 989 304 1049 musice
318 1003 393 1063 opus
407 987 505 1046 liabeo
520 985 559 1048 ed
574 983 764 1063 explicandus
786 1003 891 1048 censes
906 986 1103 1064 proportionis
1120 986 1233 1048 orbium
1250 988 1422 1050 coelestium
1439 1005 1544 1048 eccen-

191 1076 407 1152 tricitutnmque
430 1082 459 1134 et
481 1081 612 1134 motuum
635 1072 842 1150 iunepsidibus.
874 1073 976 1134 Artem
993 1090 1061 1134 vero
1084 1075 1278 1151 compossuit
1303 1083 1406 1136 centus
1429 1093 1540 1153 nequo·

191 1179 279 1240 quom
300 1161 447 1238 profiteor.
469 1194 512 1210 --
1489 1229 1492 1236 ,

182 1267 187 1278 ·
294 1249 406 1325 Quarto
433 1248 544 1312 deinde
573 1248 648 1308 libro
675 1246 823 1324 Keplerus
851 1248 972 1324 propius
1001 1247 1041 1308 sd
1066 1250 1254 1326 propositum
1285 1267 1378 1310 suum·
1400 1249 1544 1312 secedens

192 1339 289 1398 verius
311 1336 494 1413 planetarum
516 1339 591 1398 iuter
612 1354 644 1398 se
666 1338 842 1413 positiones,
865 1334 968 1412 quales
990 1353 1009 1396 s
1031 1335 1123 1398 Terre
1145 1338 1372 1414 conspiciuntur,
1392 1339 1432 1398 ed
1453 1357 1545 1416 supe·

190 1427 275 1485 rioris
297 1424 503 1503 disputationis
524 1427 667 1484 rationem
687 1421 910 1484 accommodare
932 1421 1040 1488 studet.
1077 1422 1144 1484 Hoc
1166 1432 1264 1486 sutem
1286 1425 1346 1486 lere
1367 1426 1456 1487 modo
1479 1444 1544 1487 esus

191 1529 254 1580 rem,
284 1512 461 1590 aggreditur.
505 1513 545 1572 Et
573 1511 718 1572 bumsnee
749 1512 839 1570 menti
870 1516 900 1570 et
921 1510 1045 1570 aliorum
1075 1512 1248 1572 animalium
1276 1514 1382 1574 mimis
1412 1517 1545 1574 inustum

194 1617 258 1662 esse
281 1603 455 1678 quantitatis
482 1601 642 1660 notionem.
689 1597 886 1660 Geometriem
916 1599 955 1658 eb
973 1604 1098 1659 esterno
1122 1602 1151 1658 in
1175 1599 1246 1673 Dei,
1270 1603 1409 1662 creatoris
1431 1601 1543 1676 mundi,

191 1695 289 1748 mente
311 1686 416 1762 lutere,
446 1694 537 1764 etque
560 1688 598 1748 sb
620 1686 673 1746 illo
702 1686 961 1746 humanae-menti
988 1688 1190 1762 ingeneratum
1215 1704 1283 1746 esse
1305 1687 1474 1750 fucultatem
1496 1707 1543 1750 res

192 1776 379 1837 tesmonium
395 1775 440 1836 ub
463 1777 529 1852 ipso
553 1781 666 1836 orestus
689 1775 730 1834 itu
750 1772 947 1850 percipiendi,
977 1782 1010 1833 ut
1032 1776 1171 1836 mentoris
1191 1774 1341 1850 quendum
1365 1777 1491 1854 eitigiem
1514 1780 1543 1836 in

190 1866 227 1924 iis
248 1871 421 1940 agnoscent.
459 1862 545 1924 Hune
566 1861 737 1924 fucultatem
760 1879 825 1922 oum
848 1860 922 1922 elios
942 1879 1092 1938 repperere,
1117 1870 1178 1922 tum
1202 1865 1231 1920 in
1255 1863 1439 1926 interioribus
1454 1865 1544 1924 enimi

192 1953 312 2025 uiribus,
331 1969 403 2012 eum
425 1951 560 2012 sensibus
582 1952 743 2012 sretissime
766 1949 939 2025 coniunctis.
970 1949 1054 2010 Licet
1074 1951 1154 2009 enim
1172 1967 1227 2026 ¹per
1249 1967 1281 2011 se
1301 1968 1406 2012 sensus
1421 1951 1459 2012 ud
1474 1969 1544 2030 per-

190 2039 380 2106 fectissimum
403 2056 499 2102 rerum
521 2039 709 2098 intuitionem
729 2043 879 2114 nequeunt
900 2035 997 2110 esebi,
1020 2045 1118 2098 temen
1141 2037 1267 2114 exempli
1289 2041 1387 2114 gretie
1409 2039 1543 2100 nuditum

188 2126 319 2196 nutriuit
336 2126 471 2204 uuodsm
500 2127 641 2186 instinctu
670 2140 809 2186 senorum
837 2122 990 2186 hermonis
1007 2126 1161 2186 concitari.
1205 2125 1294 2186 Hune
1317 2129 1544 2190 concitationem

189 2213 391 2292 ¹ineupliesbili
412 2213 543 2291 quodem
565 2212 653 2274 modo
676 2215 754 2272 intus
773 2213 950 2289 propsgsri,
979 2229 1074 2290 eoque
1095 2212 1172 2289 lieri,
1199 2221 1233 2272 ut
1254 2214 1343 2274 homo
1373 2214 1545 2276 hermoniae

191 2303 347 2380 lanuginem
366 2305 468 2364 tunimo
491 2309 638 2378 receptum
660 2301 691 2360 iu
713 2307 811 2360 motus
833 2307 1019 2374 transvertit,
1043 2302 1094 2377 qui
1116 2308 1275 2361 senceum
1290 2301 1378 2377 edito,
1401 2320 1455 2363 seu
1478 2319 1545 2364 cor-

187 2407 264 2468 pere
286 2391 399 2466 sgitnto
415 2393 511 2452 etism
533 2391 713 2450 extrinsecus
744 2385 938 2448 animadverti
968 2389 1090 2465 possint.
1133 2387 1247 2448 Eodem
1270 2405 1341 2449 uero
1356 2390 1452 2450 modo
1469 2389 1547 2450 bsr·

189 2479 309 2541 munies
328 2481 421 2540 obem
443 2478 624 2555 superiorem
647 2477 737 2536 animi
759 2473 886 2536 indolem
909 2474 1026 2536 officere
1041 2493 1106 2538 esre
1124 2477 1232 2552 ipsum,
1257 2493 1345 2554 quem
1359 2478 1447 2540 suedo
1464 2495 1546 2538 cesu-

190 2567 432 2640 memoravimus,
464 2567 707 2641 geometricorum
726 2563 877 2624 mdouum
906 2564 1158 2640 percipiendorum
1176 2563 1351 2626 &ordimem
1373 2567 1546 2628 exsitentes.

193 2652 291 2728 Quum
321 2655 409 2730 igitur
436 2652 495 2712 duo
526 2648 601 2714 redii
628 2653 658 2711 in
691 2658 879 2727 conspectum
902 2649 1011 2712 cedent
1032 2670 1051 2710 u
1074 2651 1189 2712 duobus
1215 2651 1365 2712 sideribus
1385 2653 1545 2730 (planetis)

189 2740 425 2818 proficiscentes,
457 2757 581 2817 quorum
604 2757 640 2799 ee
661 2742 700 2799 sit
721 2741 847 2816 positio,
879 2743 912 2796 ut
941 2755 1025 2800 nrous
1050 2756 1090 2798 ee
1106 2739 1295 2815 coujungens
1316 2739 1412 2802 ¹lutere
1435 2741 1546 2818 ligurus

192 2827 335 2906 regularis
358 2832 388 2886 in
412 2827 520 2888 cuculo
548 2828 706 2902 inscriptae
736 2826 922 2896 terminetur,
952 2827 1082 2886 ssimum
1098 2826 1232 2886 maturuit
1254 2827 1382 2904 quodem
1404 2830 1545 2888 instinctu

191 2918 349 2994 perrupere,
374 2933 462 2994 quem
477 2915 647 2975 hermonien
668 2916 707 2974 sit
720 2913 838 2972 illorum
860 2911 1006 2972 radiorum
1027 2919 1146 2992 nebus,
1169 2930 1296 2990 sumque
1318 2931 1417 2974 escum
1431 2916 1470 2975 sb
1487 2912 1546 2976 elio

194 3003 357 3066 disseruere
380 3020 438 3063 uon
459 3002 565 3064 eodem
586 3001 675 3062 modo
697 3001 845 3075 coniectu,
876 3006 907 3060 et
936 3017 1115 3077 quemquem
1146 3004 1211 3078 ipse
1240 3001 1296 3062 sibi
1323 3001 1389 3078 ejus
1417 3004 1459 3062 rei
1483 3019 1546 3062 nors

189 3093 287 3168 pessit
316 3089 437 3152 reddere
467 3091 624 3164 rationem,
651 3098 754 3150 tumen
783 3088 952 3148 hermoniae
977 3088 1132 3162 effectum,
1163 3088 1323 3165 especule
1353 3106 1547 3165 repercussae

190 3180 330 3254 imaginis
354 3179 445 3242 instsr
468 3178 648 3238 inanimum
672 3177 852 3249 induentem,
874 3175 981 3235 sentire
1003 3192 1098 3252 eoque
1121 3177 1261 3237 oouoitsri
1284 3185 1374 3254 atque
1397 3176 1545 3238 delectori.

195 3267 299 3342 llegue
324 3281 393 3326 vcro
415 3264 562 3326 humanus
582 3272 696 3324 tuntum
721 3265 846 3335 enimus,
868 3264 926 3333 ult,
948 3262 1005 3322 boe
1027 3263 1115 3322 mode
1133 3261 1313 3324 bermonicis
1336 3261 1425 3323 radiis
1448 3263 1544 3324 silici-

193 3361 250 3427 mr,
273 3352 327 3416 sod
343 3355 432 3414 etium
449 3354 576 3428 ,suimet
597 3351 782 3429 pbilosophis
798 3349 875 3410 dicte
891 3351 1185 3428 neturusublunsris,
1208 3370 1259 3428 per
1275 3359 1377 3412 toturn.
1408 3349 1545 3427 Telluris,

190 3441 333 3504 slumnse
355 3449 481 3516 nostrae,
506 3458 612 3516 eorpus
635 3439 741 3500 diffusa
762 3440 852 3514 inque
868 3437 968 3513 aitqua
982 3447 1063 3498 certe
1075 3445 1157 3516 porte
1172 3456 1230 3499 nou
1245 3439 1330 3500 oliter
1344 3457 1434 3515 quum
1449 3441 1548 3500 snims

190 3529 327 3590 bouem
350 3529 379 3588 in
402 3528 489 3588 corde
512 3528 659 3600 radiosis,
681 3545 719 3586 err
742 3541 800 3602 quc
823 3543 876 3585 ceu
899 3525 980 3600 ioco,
1004 3525 1083 3586 iente
1107 3525 1156 3587 rol
1174 3527 1321 3604 penetrali
1343 3545 1396 3604 per
1416 3529 1547 3604 speciem

197 3619 243 3678 sui
260 3617 327 3676 exit
345 3617 378 3674 in
400 3616 605 3676 circumlusum
629 3613 726 3674 Terris
750 3630 892 3674 oceanum
907 3613 1136 3689 etssperissum
1152 3614 1281 3691 undique
1295 3617 1402 3676 adrem.
1437 3614 1549 3691 Quem·

196 3701 354 3766 admodum
378 3719 447 3763 vero
471 3705 522 3780 qui
545 3701 662 3762 melodo
685 3702 817 3761 suaviter
839 3702 956 3759 canenti
977 3701 1135 3774 auscultet,
1158 3701 1316 3764 islsetitis
1330 3702 1441 3775 smnus,
1465 3719 1549 3780 voce

195 3791 300 3870 plsusu
319 3807 464 3850 munuum
485 3788 633 3867 pedumve
654 3787 694 3850 sd
716 3787 861 3848 melodiae
873 3803 1043 3848 mensurum
1058 3796 1250 3866 stterupernto
1263 3796 1399 3864 testetur,
1421 3786 1549 3866 nequod

196 3889 241 3940 est
262 3883 293 3938 iu
315 3875 444 3939 melodis
458 3877 658 3938 bermonieum
675 3878 823 3954 percipere
839 3881 867 3934 et
881 3875 1056 3952 opprobnre,
1079 3893 1136 3936 non
1161 3879 1247 3938 aliter
1260 3885 1367 3938 ustura
1383 3876 1550 3938 sublunaris

195 3967 392 4028 commotione
418 3967 527 4041 insigni
550 3973 579 4024 et
601 3963 731 4025 evidenti
759 3965 902 4024 uiscerum
925 3961 1069 4038 Telluris,
1098 3964 1136 4024 sd
1167 3965 1235 4026 illos
1261 3965 1446 4042 potissimum
1477 3963 1550 4038 dies,

197 4055 306 4131 quibus
328 4053 427 4114 sidere
448 4053 538 4115 radiis
559 4053 621 4112 suis
643 4052 811 4112 hermonien
835 4050 1054 4126 configurantur
1076 4053 1105 4110 iu
1129 4051 1242 4127 Terris,
1265 4059 1407 4125 testetur,
1435 4069 1469 4112 se
1490 4068 1549 4110 non

197 4145 294 4202 minus
318 4143 456 4200 instinctu
478 4139 607 4218 quodum
629 4139 757 4200 ustursli
780 4137 878 4198 valere
900 4137 938 4198 sd
962 4137 1179 4216 percipiendum
1200 4141 1405 4217 proportiones
1423 4137 1552 4214 ungulo·

200 4247 263 4290 rum
286 4229 481 4302 harmonicus,
505 4245 593 4304 quem
616 4227 709 4304 pollet
729 4224 871 4286 tensitate
890 4226 1028 4300 nstrusli,
1053 4227 1151 4286 vbslis
1173 4234 1290 4287 nostres
1311 4225 1409 4299 simili,
1428 4225 1471 4286 sd
1487 4241 1553 4286 con-

197 4335 253 4394 pus
276 4315 404 4376 Telluris
427 4315 618 4392 officinasque
640 4315 846 4376 subterraneus
866 4316 896 4372 in
921 4315 1067 4374 montenis
1089 4317 1176 4375 certis
1198 4313 1414 4374 hermeniarum
1436 4319 1553 4390 tempo-

196 4407 278 4466 ribus
307 4401 522 4473 edeisoieudss
553 4401 818 4478 eregitsndesque,
849 4407 882 4460 ut
903 4399 972 4462 ilias
1003 4420 1141 4478 magnum
1178 4417 1318 4477 vsperum
1349 4401 1463 4478 copiam
1496 4418 1551 4461 ex-

196 4493 309 4568 belent,
333 4510 369 4553 ex
391 4509 453 4568 qus
475 4492 769 4568 per-sutiperistoses
793 4487 908 4564 trigoris
930 4491 1048 4567 superni
1070 4491 1164 4549 omnis
1188 4489 1302 4564 generis
1325 4495 1456 4550 meteurs
1473 4505 1551 4548 cou-

200 4575 391 4642 terminet
1124 4573 1127 4580 '

300 4665 359 4728 His
374 4673 473 4728 eutem
488 4663 655 4742 pr'ncipiis,
678 4659 707 4722 id
728 4659 807 4738 quod
823 4669 853 4722 et
866 4669 954 4724 entes
969 4661 1036 4741 plus
1051 4660 1141 4722 semel
1164 4660 1331 4720 notavimus
1355 4667 1385 4721 et
1405 4679 1458 4740 per
1479 4662 1555 4723 hsnc

199 4757 385 4816 secesionem
407 4756 564 4830 repetitum
586 4749 741 4824 volumus,
763 4751 854 4810 etiam
877 4749 1036 4827 ssuologie
1058 4747 1176 4825 supteri
1198 4749 1315 4823 nititur,
1348 4749 1433 4825 euius
1462 4751 1555 4810 raun-

201 4860 268 4906 neru
288 4844 320 4904 is
339 4841 446 4904 eodem
473 4840 525 4902 illo
555 4844 661 4919 quarto
690 4835 766 4902 libro
793 4841 922 4928 exponit,
969 4837 1104 4900 Ceterum
1126 4840 1159 4899 ut
1187 4833 1287 4904 multis
1316 4832 1383 4906 eliis
1412 4836 1486 4904 loeis
1512 4839 1556 4910 its
