3588 5540
270 429 335 501 896
785 433 850 492 vita
866 434 981 493 ioannis
998 433 1119 504 Kepleri.
1228 511 1232 527 ἱ

376 609 561 666 Schiclrardus
579 609 605 664 0.
619 611 645 666 i.
658 609 734 680 Sept.
747 609 871 681 scripsit:
892 610 1018 678 ,Salvum
1036 617 1063 666 te
1081 610 1116 665 ad
1133 613 1195 666 0000
1213 591 1327 668 rediisse
1345 609 1460 680 gaudeo.
1490 609 1622 668 Tabulam

270 715 343 768 rero,
361 713 441 768 qnam
460 703 611 753 aucmento
629 698 803 769 persedens,
821 697 943 756 nondum
961 698 1107 755 succedere
1126 697 1212 765 (orbis
1230 703 1320 756 terrae
1338 697 1373 754 ad
1392 699 1459 756 Tab.
1478 697 1622 767 1000010-

269 787 340 843 situs
364 783 462 841 audiri
497 786 601 842 Vereor
619 791 650 840 ut
668 785 853 858 magnitudine
880 803 931 844 sua
953 786 988 842 ad
1012 801 1090 841 usum
1114 785 1150 840 sit
1174 785 1396 844 incommodior.“
1433 784 1541 854 Refert,
1560 791 1624 857 post

269 873 380 942 Kepleri
398 872 548 927 discessum
567 872 709 927 advenisse
727 871 913 944 Rartschium,
934 889 999 945 ,spe
1017 873 1057 929 tui
1075 887 1179 927 mecum
1196 871 1285 928 adhuc
1303 872 1466 944 0110000001,
1485 888 1540 943 000
1557 887 1623 928 0000

268 975 333 1016 suas
351 959 435 1030 hasce
454 959 487 1014 de
506 960 586 1029 globo
605 959 728 1029 pagellas
746 959 806 1028 ipse
824 960 984 1018 obtulisset*
1005 961 1066 1032 (010.
1085 960 1144 1014 Vll.
1163 960 1247 1028 470).
1281 961 1357 1016 Idem
1376 961 1488 1017 nunciat
1505 961 1624 1029 Berneg-

268 1062 334 1116 gero
352 1047 391 1116 (8.
410 1046 513 1115 Junib:
543 1041 691 1114 ,Versatur
710 1046 846 1116 Keplerus
868 1048 926 1117 iam
951 1049 987 1102 ad
1011 1063 1133 1105 mensem
1155 1049 1183 1102 in
1201 1047 1411 1118 wirtembergia
1428 1055 1456 1104 et
1476 1063 1520 1104 me
1536 1047 1623 1102 literis

267 1135 391 1206 interim,
417 1135 465 1191 sed
484 1151 597 1204 corpora
616 1134 735 1190 nondum
760 1131 889 1194 visitarit.
924 1137 1008 1192 Paret
1026 1152 1098 1192 nunc
1123 1137 1231 1192 tandem
1250 1135 1296 1191 diu
1313 1136 1462 1206 promissas
1480 1134 1550 1190 Tab.
1567 1135 1623 1190 Ru·

269 1221 379 1294 delphi,
403 1223 437 1278 ad
462 1238 576 1291 quarum
601 1222 746 1278 editionem
769 1223 822 1293 ipsi
847 1224 1039 1280 calculatorem
1063 1225 1107 1280 hic
1130 1224 1200 1279 inter
1225 1223 1361 1279 studiosos
1385 1223 1506 1280 nancisci
1525 1223 1623 1281 debeo.

267 1311 323 1367 Ait*
336 1311 427 1365 etiam'
436 1311 508 1365 inter
524 1316 624 1378 cetera,
643 1309 838 1378 perstrinxisse
852 1327 895 1366 me
908 1312 936 1366 in
948 1325 998 1366 sno
1010 1312 1217 1382 Hypersspiste,
1237 1329 1316 1382 quem
1329 1313 1447 1368 nondum
1460 1313 1522 1368 ridi.
1554 1313 1622 1368 ltem

270 1399 406 1456 editurum
426 1413 536 1467 000000
553 1396 777 1467 logarithmorum
796 1413 871 1456 osus.
897 1400 997 1456 Nescio
1016 1415 1052 1458 an
1070 1399 1209 1471 religionis
1228 1417 1312 1456 causa
1324 1401 1459 1456 hacteuus
1477 1402 1514 1455 sit
1525 1416 1542 1455 a
1555 1401 1621 1457 000·

267 1502 330 1542 0000
347 1485 511 1556 appellatus.
547 1487 607 1540 Hoc
618 1484 786 1556 -subodoror,
805 1494 998 1545 renovatorum
1019 1489 1065 1557 jus
1084 1489 1199 1544 civitatis
1223 1487 1364 1544 nobiscum
1381 1489 1410 1544 in
1426 1489 1515 1558 patria
1532 1491 1622 1544 Leon-

268 1573 360 1650 berga.
398 1572 533 1640 Quorsum
552 1571 579 1626 id
599 1577 705 1640 spectat
722 1573 802 1629 100110
821 1575 998 1632 0101000000.ιι
1036 1576 1116 1632 Brevi
1133 1583 1198 1646 port
1215 1576 1287 1631 idem
1304 1576 1391 1632 eidem
1408 1577 1505 1632 retem:
1527 1575 1622 1646 ,Quod

268 1661 404 1732 Keplerus
419 1661 478 1729 jam
496 1658 662 1728 aliquamdiu
680 1676 785 1716 mecum
803 1668 880 1732 agat,
903 1677 938 1717 ex
956 1664 1068 1732 nuperis
1086 1663 1173 1734 ipsius
1190 1663 1276 1720 literis
1294 1664 1463 1722 intellexisse
1481 1671 1557 1735 puto.
1592 1665 1621 1720 Is

267 1750 473 1806 conversatione
491 1764 543 1804 sua
560 1748 731 1804 occasionem
749 1749 838 1818 dedit,
861 1750 889 1804 in
912 1765 1067 1806 mensuram
1089 1751 1173 1822 prisci
1195 1751 1274 1822 pedis
1291 1753 1407 1810 Romani
1429 1753 1563 1808 curiosius
1580 1753 1620 1808 in·

267 1837 417 1908 qtairendi.“
433 1877 439 1892 .
453 1877 461 1891 .
475 1878 501 1892 ..

371 1925 582 1982 Observationes
607 1925 679 1980 aeris
699 1941 770 1982 anno
791 1929 870 1984 1625:
896 1928 960 1986 ian.
981 1930 1084 1985 1.-10.
1103 1929 1237 1997 Viennae,
1263 1931 1292 1984 11
1315 1943 1352 1984 00.
1378 1934 1405 1984 01
1423 1928 1571 1984 Februario
1592 1935 1621 1985 et

266 2015 368 2072 Martio
381 2013 479 2080 Lincii,
492 2013 581 2082 Aprili
598 2015 719 2070 tta-20.
737 2013 867 2082 Passarii,
886 2016 929 2072 22.
943 2015 986 2071 23.
1002 2016 1177 2085 Ratlsbonae,
1196 2016 1322 2073 24.-27.
1334 2015 1482 2084 Augustae,
1497 2017 1619 2074 27.-a⁰.

271 2102 446 2172 campiduni3
465 2102 541 2170 Majo
560 2103 588 2157 in
606 2101 705 2158 Suesia
724 2102 759 2158 ad
778 2103 874 2158 llaram
894 2103 1017 2174 (Ulmae)
1036 2111 1064 2158 et
1083 2103 1194 2174 Vilsam,
1212 2103 1295 2158 Junio
1313 2105 1342 2158 in
1354 2102 1621 2172 Wdrtembergiaad

266 2190 385 2258 Vilsam,
410 2188 484 2244 Julio
505 2187 654 2257 Tubingae,
678 2189 713 2244 ad
731 2190 846 2256 vilsam,
873 2191 982 2260 Ulmae;
1008 2193 1134 2259 Augusto
1153 2191 1239 2248 1.-7,
1258 2191 1366 2256 Ulmus,
1389 2191 1495 2248 8.-14.
1515 2192 1621 2248 Nurim-

264 2278 372 2346 bergae,
394 2275 511 2332 15.-·20.
525 2275 704 2345 Ratisbonae,
723 2279 766 2333 21.
779 2278 899 2348 Aschae,
919 2279 960 2333 22.
974 2295 1060 2349 00000
1080 2280 1114 2334 00
1132 2278 1212 2334 finem
1231 2280 1295 2335 anni
1306 2278 1403 2334 Lincii.
1428 2281 1533 2348 (1110000
1544 2279 1620 2335 iulio

266 2365 392 2434 Tuhioga
416 2363 536 2420 excurrit
554 2363 689 2432 Keplerus
708 2365 911 2422 Kirchhemiam
935 2382 1006 2435 equo
1020 2375 1122 2422 sectus.
1147 2365 1331 2422 Schiclrardus
1349 2367 1443 2422 scribit
1461 2367 1620 2424 autulii:

268 2456 316 2512 000
334 2455 405 2509 Herr
423 2453 470 2508 des
490 2451 586 2508 Pierds
605 2453 641 2506 ist
658 2451 721 2507 rbal
738 2453 871 2521 zuiriden,
890 2452 969 2522 klsgt
987 2453 1051 2510 dass
1069 2453 1118 2508 der
1140 2453 1231 2510 linclrs
1249 2454 1364 2510 sordere
1383 2454 1468 2510 Huell
1483 2455 1555 2509 nach
1573 2454 1620 2510 ab·

266 2543 427 2614 geiallenem
446 2542 553 2611 Eyssen
570 2541 727 2596 000000οε0
746 2538 914 2609 abgetriben,
935 2541 999 2596 dass
1019 2557 1063 2596 ers
1080 2540 1222 2598 innerhalb
1240 2545 1276 2600 10
1287 2544 1380 2611 Tagen
1399 2543 1440 2598 nit
1457 2543 1621 2613 heschlagen

266 2632 359 2688 lassen
377 2631 488 2697 kdonte,
507 2627 562 2683 000
580 2627 684 2682 fordert
711 2629 756 2684 100
774 2628 868 2684 solche
885 2627 947 2684 Zeit
970 2628 1024 2683 0110
1042 2629 1102 2700 Tag
1119 2629 1176 2684 seia
1195 2630 1334 2686 Rosslobn
1358 2638 1428 2686 00001
1447 2630 1506 2685 dem
1525 2631 1622 2688 Futter

266 2718 321 2775 rud
338 2733 412 2787 away
430 2714 620 2784 abgelallenen
639 2715 753 2784 Eyssen.
791 2716 853 2771 Hab
879 2716 1020 2786 deswegeu
1044 2717 1125 2773 daittr
1145 2725 1255 2774 musaeu
1273 2717 1348 2788 Burg
1365 2717 1482 2774 werden.
1517 2719 1621 2790 Besorg

267 2823 296 2864 00
314 2808 387 2862 werd
405 2803 464 2862 sich
483 2805 524 2860 nit
542 2811 619 2860 vnter
637 2803 654 2858 2
672 2805 756 2860 Daler
774 2805 963 2860 herabtrciben
982 2804 1096 2876 luascu.)

370 2897 402 2951 ln
420 2910 485 2950 mss.
505 2893 586 2948 Pulk.
605 2909 686 2949 unam
704 2899 810 2948 tantum
832 2893 1060 2964 deprehendimus
1085 2895 1305 2950 exercitationem
1329 2894 1549 2963 astronomicam,
1575 2893 1620 2948 cui

266 2984 418 3054 adscriptus
441 2989 485 3040 est
506 2983 563 3038 dies
582 2981 625 3038 22.
643 2981 818 3037 Decembris:
844 2983 1012 3051 „probantur
1034 2996 1129 3037 omnes
1150 2983 1304 3051 superiores
1329 2981 1530 3038 observationes
1548 2981 1620 3036 Mer-

267 3071 343 3141 curii,
361 3077 392 3125 ut
410 3075 549 3139 appareat,
569 3085 603 3123 ex
623 3067 722 3137 quibus
740 3069 795 3124 sint
813 3068 950 3139 apochis.“

372 3160 531 3216 Decreta
549 3157 698 3214 ordinum
715 3159 965 3215 binciensium:
985 3162 1028 3218 30.
1041 3159 1166 3228 Augusti.
1197 3158 1249 3213 Die
1265 3156 1566 3228 Besoldonglieppleri
1583 3157 1620 3213 ist

267 3265 302 3304 au
319 3246 444 3302 beaulieu
461 3245 616 3315 reruilligt,
643 3247 693 3301 mit
710 3246 763 3302 000
781 3247 938 3304 1010000000
956 3248 1021 3303 aber
1038 3247 1104 3302 00100
1122 3245 1180 3302 sich
1199 3245 1377 3315 Supplilrant,
1395 3245 1452 3301 biss
1470 3245 1547 3300 mehr
1564 3245 1621 3314 gelt

268 3335 418 3397 einlrumbt‚
437 3331 575 3401 gedulten.
598 3333 651 3388 Die
669 3335 711 3391 20.
724 3336 749 3389 N
752 3335 899 3392 osembris:
919 3334 1021 3404 Kepler
1033 3332 1218 3390 Mathematici
1230 3335 1282 3390 000
1294 3333 1319 3387 fl.
1350 3333 1513 3388 Inrermelte
1526 3332 1619 3390 00011.

268 3421 355 3478 sollen
375 3421 436 3477 dem
454 3419 667 3490 Supplilranten,
689 3422 750 3479 0011
777 3423 924 3478 dermallen
942 3423 1029 3493 senig
1046 3422 1101 3493 geit
1123 3420 1293 3491 sorhandcn,
1318 3419 1389 3476 nach
1406 3421 1461 3476 000
1479 3421 1549 3476 nach
1569 3437 1620 3477 aus

268 3511 334 3594 0000
347 3507 587 3564 liinushmerambt
604 3509 695 3566 bezalt
711 3511 828 3566 werden.
924 3506 927 3516 ’

372 3597 457 3664 idib·
487 3600 646 3661 Revolotio
678 3605 756 3663 anni.
807 3602 983 3661 Passarium
1014 3603 1056 3662 101
1088 3601 1261 3662 laminarum
1292 3614 1383 3661 causa
1413 3609 1442 3660 et
1471 3607 1619 3678 typorum.

269 3690 364 3750 Lincil
388 3690 527 3748 obsessus
550 3707 569 3749 a
589 3693 714 3750 rusticis.
760 3691 920 3751 Novembri
949 3707 1015 3750 cum
1037 3690 1150 3750 100011ἰο
1172 3689 1381 3761 Ratisbonam,
1405 3689 1468 3766 ipse
1492 3687 1619 3750 Ulmum.

372 3788 540 3845 Schickardo
559 3790 669 3861 scripsit
686 3791 822 3860 Keplerus
840 3791 936 3846 Lincio
954 3791 996 3846 25.
1015 3790 1130 3860 Aprilis:
1159 3785 1243 3862 Quae
1271 3785 1318 3845 hic
1346 3793 1501 3858 geruntur,
1530 3785 1619 3844 velim

271 3877 356 3937 vobis
379 3874 515 3933 omnibns
538 3878 753 3952 spectatoribus
776 3877 848 3950 geri,
872 3882 905 3934 01
926 3876 1041 3934 animos
1063 3874 1101 3933 ad
1119 3874 1220 3934 eadem
1244 3871 1408 3932 0011000000
1430 3875 1620 3950 praeparetis,

272 3969 296 4024 si
321 3961 439 4042 quando
464 3970 494 4022 et
517 3972 631 4022 restrae
654 3965 835 4025 visitationis
858 3971 973 4038 tempus
1004 3963 1167 4022 accesserit.
1213 3961 1244 4021 Si
1269 3959 1498 4021 melancholicus
1522 3971 1621 4021 restet

272 4055 326 4112 bas
349 4053 446 4113 tristes
468 4067 563 4110 rerum
586 4053 729 4127 imagines
761 4053 859 4110 animo
883 4052 1032 4126 concepit,
1064 4049 1181 4110 abunde
1209 4049 1252 4106 illi
1281 4049 1337 4108 iuit
1365 4049 1620 4108 incitamentorum

227 4177 233 4189 ·
273 4141 311 4201 ad
334 4147 457 4199 mortem
481 4139 702 4216 capessendam.
747 4138 889 4214 Magnum
913 4139 1045 4197 lenitatis
1068 4144 1285 4214 argumentum,
1315 4135 1393 4213 0000
1417 4153 1475 4195 non
1499 4134 1617 4196 ustula·

271 4247 344 4302 mur,
369 4227 420 4287 sed
444 4227 545 4285 010000
568 4227 654 4284 nobis
677 4226 759 4302 licet,
790 4226 935 4302 siquidem
959 4227 1059 4284 rivere
1082 4225 1151 4284 iicet
1174 4224 1231 4296 1111,
1260 4225 1306 4284 001
1335 4226 1414 4283 01100
1445 4222 1617 4284 0010000000

269 4315 401 4376 subsidia
425 4313 615 4390 denegantur.
661 4312 735 4373 Nam
758 4314 889 4392 pupillis,
914 4313 1051 4391 agricolis
1076 4321 1115 4392 01,
1138 4320 1170 4371 01
1192 4311 1281 4371 00010
1304 4314 1332 4370 10
1355 4320 1504 4388 posterum
1530 4313 1619 4372 etism

270 4403 425 4481 opiiioibus
455 4405 533 4461 exire
563 4403 715 4477 provincia
738 4419 795 4460 non
820 4401 934 4474 licebit,
966 4403 1023 4460 nisi
1046 4418 1111 4460 cum
1132 4401 1248 4478 jactura
1271 4400 1465 4460 othonorum
1489 4401 1619 4460 omnium

270 4491 485 4551 ethonestatis
516 4492 592 4549 intra
623 4488 740 4565 quidem
769 4491 954 4566 provincias:
986 4507 1053 4548 nam
1082 4488 1160 4547 lama
1192 4488 1262 4546 ioris
1291 4489 1382 4564 premi
1412 4503 1471 4546 uon
1500 4489 1617 4564 poterit.

270 4579 355 4641 Haeo
378 4577 413 4638 de
436 4595 482 4636 mc
505 4579 637 4653 meisque
661 4575 739 4637 dicta
760 4577 848 4652 0010,
879 4593 947 4637 nam
978 4576 1074 4637 adbuc
1106 4576 1176 4634 mihi
1198 4574 1254 4634 irai
1276 4573 1346 4635 licet
1367 4573 1524 4652 privilegio
1547 4591 1618 4636 con·

270 4664 389 4727 ditionis
411 4667 534 4726 aulicae.
973 4717 976 4724 .

376 4753 516 4814 00010000
539 4753 646 4829 0110010
670 4753 854 4812 immaturam
876 4753 984 4828 sparsit
1006 4753 1114 4812 iamam
1131 4750 1166 4811 00
1182 4750 1265 4810 libris
1288 4753 1360 4811 meis
1376 4751 1617 4827 circumscriptis;

272 4855 416 4916 quaeres
440 4842 495 4901 0001
517 4857 563 4900 me
585 4843 614 4899 in
638 4837 864 4900 sollicitudinem
888 4842 1051 4916 coustituit,
1080 4840 1208 4900 sciebam
1232 4846 1344 4912 tumen,
1375 4840 1404 4896 iu
1433 4837 1618 4898 umbratilem

270 4927 390 5010 plagam
412 4927 580 4992 desituram.
625 4927 746 4992 Scilicet
767 4929 928 4992 etiamnum
949 4929 1106 5006 obsignata
1127 4935 1172 4990 est
1193 4925 1373 4990 bibliotheca
1394 4943 1461 4989 maa
1482 4925 1616 4988 interdiu.
