3516 5540
432 362 616 424 summarium
633 362 770 422 H'utcrisa
786 361 977 421 amoremne
994 361 1086 421 sacru
1103 363 1176 422 xvt.
1428 355 1492 434 617

127 539 179 603 pust
191 534 218 590 in
239 536 356 598 stellis
379 539 419 598 fit
439 540 635 608 muglcbstam
653 555 715 598 esse
733 555 844 598 censeo:
871 539 936 596 hine
953 537 1056 596 iactum
1070 539 1180 610 judico,
1199 539 1272 611 quod
1291 557 1361 598 nova
1377 541 1447 600 haec
1463 541 1493 599 in

130 621 168 692 ipso
183 625 326 693 galeriae
348 629 489 698 margine
507 628 668 699 constiterit,
686 628 767 698 idque
785 643 839 684 non
858 630 974 686 obscure
991 627 1162 700 insinuabat,
1182 645 1241 687 eam
1260 646 1295 685 ex
1312 631 1419 701 eadem,
1438 645 1494 701 qua

130 713 208 784 salum
230 716 309 786 ipsa
337 717 483 788 praedita
506 724 561 788 est,
587 717 741 794 substautia
764 717 958 775 conformatam
983 715 1078 775 luisse.
1120 717 1191 785 Quin
1214 725 1242 774 et
1264 717 1355 774 adhuc
1377 719 1493 776 hiatus

132 803 252 872 quidam
271 806 315 862 in
338 821 384 863 eo
406 807 487 878 ipso
506 806 669 876 galeriae
687 807 763 863 loco
782 807 914 875 cernitur,
938 803 985 862 ubi
1003 803 1085 860 stella
1102 805 1170 861 haec
1193 821 1256 862 suae
1281 805 1360 865 sedes
1379 807 1494 863 obtinuit

134 891 194 960 idque
210 892 247 948 ad
267 895 477 965 quanu'tatem
496 896 575 964 quasi
592 895 758 964 semiplenae
775 891 880 950 Lunae.
916 892 1004 961 Quem
1021 897 1094 950 certe
1111 891 1215 947 hiatum
1233 909 1288 948 nou
1305 893 1433 948 recordor
1449 909 1493 949 me

133 989 192 1036 antea
203 997 292 1052 quam
306 985 472 1039 exstiterat
482 983 552 1040 haec
564 983 646 1039 atella
657 982 756 1040 ibidem
768 981 989 1053 deprehendisse,
1002 995 1092 1050 neque
1104 979 1185 1035 mam
1198 980 1232 1036 sh
1244 981 1286 1050 iis,
1304 981 1351 1050 qui
1370 981 1493 1048 galeriae

136 1065 226 1133 iduum
243 1071 419 1142 antiquitus
439 1072 614 1140 denotarunt,
632 1071 765 1141 ejusmodi
783 1069 849 1140 qnid
866 1069 1055 1142 consignatum
1073 1069 1196 1141 legimus.
1233 1069 1287 1127 Sed
1307 1071 1342 1128 sit
1365 1069 1493 1139 quiequid

136 1155 191 1226 seit,
207 1165 288 1214 certe
303 1175 405 1216 sonae
421 1159 531 1216 lacteae
549 1159 701 1218 substantia
717 1158 857 1213 materians
880 1157 944 1212 huic
968 1156 1064 1215 stellae
1087 1159 1299 1229 compingendae
1317 1159 1383 1215 satis
1402 1157 1491 1227 eopio-

138 1257 183 1298 ssu
198 1245 394 1316 suppeditare
405 1246 509 1301 *valuit
524 1285 530 1298 .
545 1285 593 1304 ...
622 1247 758 1314 cometae,
776 1261 845 1316 quos
863 1260 918 1300 uon
929 1244 1019 1300 minus
1030 1247 1167 1304 aethereis
1186 1248 1296 1303 sedibus
1315 1260 1494 1302 annumeran-

141 1332 179 1390 dos
199 1336 349 1392 uidentes
374 1335 569 1407 probabimus,
595 1339 627 1388 ut
649 1332 795 1404 plurimum
813 1333 895 1400 juxta
914 1331 1038 1400 galmiae
1056 1336 1193 1391 territoria
1212 1337 1425 1394 conformantur.
1450 1334 1494 1410 vel

142 1439 191 1476 mn
214 1424 288 1481 haec
317 1430 472 1480 transeunt
499 1422 581 1494 paulo
607 1420 752 1478 lucidiores
777 1421 1047 1500 appetentioresque
1061 1423 1314 1494 deprehenduntur,
1340 1423 1413 1495 quod
1439 1438 1494 1478 non

142 1511 238 1566 niniam
255 1511 365 1568 indicio
385 1519 439 1580 est,
458 1511 573 1568 ethaeo
591 1524 699 1580 quoque
716 1509 835 1564 ascititia
853 1507 921 1564 coeli
939 1508 1029 1566 sidera
1046 1511 1191 1582 plurimum
1215 1511 1355 1568 affinitatis
1372 1527 1433 1568 oum
1449 1511 1495 1566 vis
1555 1579 1557 1585 y

143 1597 222 1654 haee
239 1597 369 1656 obtinere
389 1605 418 1654 et
436 1606 469 1654 ut
486 1597 538 1654 uos
555 1613 606 1654 sua
621 1597 686 1654 hino
705 1595 804 1652 babere
821 1595 987 1652 incunabula
998 1614 1052 1653 uon
1065 1599 1197 1654 immerito
1211 1599 1344 1670 suspicari
1358 1600 1446 1656 liceat
1460 1629 1494 1642 -

144 1688 242 1758 Siquis
262 1695 392 1757 quaerat,
412 1701 546 1757 quaenam
565 1701 648 1742 cansa
666 1684 786 1742 efficiens
805 1684 848 1755 sit,
867 1700 922 1756 qua
940 1684 1009 1741 haec
1027 1683 1109 1740 stella
1126 1700 1141 1740 e
1158 1685 1272 1742 matoria
1289 1687 1402 1742 coelesti
1413 1689 1494 1743 adeo·

145 1791 192 1844 que
209 1775 308 1832 eadem
326 1793 391 1833 cum
416 1774 643 1844 punitatem
666 1773 753 1828 stellis
776 1772 910 1828 communi
933 1777 1059 1828 concreta
1082 1772 1177 1839 inerit,
1200 1781 1321 1828 nostram
1339 1775 1392 1830 hac
1410 1775 1445 1830 de
1464 1791 1494 1830 re

142 1877 288 1929 mamm,
306 1871 456 1934 postquem
474 1869 638 1920 cometarum
654 1871 763 1944 quoque
780 1860 886 1930 aliquot
902 1860 1127 1931 praecedentibus
1147 1862 1224 1917 anuis
1242 1862 1491 1919 animadversurum
1510 1888 1512 1894 ·

144 1951 386 2008 mnsidersu'onem
405 1950 615 2006 asuonomicam
633 1949 784 2018 exsudaro,
803 1949 977 2004 manifestare
996 1949 1112 2006 decrevi.
1142 1949 1202 2005 Illic
1220 1965 1331 2022 quoque
1348 1967 1397 2007 cur
1415 1949 1496 2006 stella

141 2037 205 2094 haec
222 2054 295 2094 noua
312 2037 489 2095 dissolutioni
507 2037 625 2094 obnoxia
641 2037 734 2102 luerit,
751 2037 871 2093 rationes
889 2037 999 2094 uberius
1012 2038 1159 2108 adducam
1179 2055 1262 2110 quere
1275 2041 1311 2098 ed
1329 2040 1443 2096 alteram
1461 2039 1496 2096 de

140 2127 274 2196 portentis
294 2127 378 2196 hujus
397 2125 496 2183 stellae
515 2126 700 2196 quaestionem
718 2139 760 2179 me
779 2124 925 2181 conseram.
1044 2151 1047 2158 ·

243 2215 273 2270 Si
292 2230 412 2283 uuquam
440 2214 547 2270 exstitit
568 2213 714 2270 difficultas
731 2213 759 2268 iu
777 2211 960 2283 percipiendis
982 2214 1225 2286 praedicendisque
1250 2218 1369 2274 siderum
1394 2215 1496 2286 signid-

139 2305 214 2368 catu,
234 2309 312 2358 certe
330 2304 398 2360 haec
416 2301 500 2358 stella
523 2301 640 2358 omnium
657 2303 773 2358 maxime
796 2302 1002 2372 ambiguitatem
1021 2310 1048 2360 et
1067 2303 1229 2374 perplexum
1251 2307 1280 2360 iu
1298 2306 1354 2360 suis
1378 2303 1496 2360 decretis

139 2391 304 2448 mulcendis
316 2389 438 2447 laborem
450 2405 637 2460 remoramque
649 2390 782 2461 suggerit,
801 2390 962 2460 praesertim
974 2407 1035 2445 cum
1053 2390 1157 2450 nullum
1175 2391 1341 2462 ejuscemodi
1360 2395 1496 2449 ostentum

140 2493 173 2532 ex
189 2479 326 2535 dtissimo
352 2479 430 2536 coelo
453 2479 596 2549 terrigenis
619 2481 701 2534 antea
722 2486 897 2548 conspectum
923 2479 979 2535 ulls
997 2477 1136 2537 literarum
1159 2489 1334 2536 monumenta
1350 2487 1496 2538 testentur.

139 2566 374 2634 Quemadmodum
392 2568 475 2624 stella
492 2569 560 2623 haec
577 2567 742 2634 rarissimum
761 2567 885 2624 exhibuit
908 2569 1074 2639 miraculum,
1100 2569 1139 2624 sic
1163 2584 1272 2639 quoque
1297 2569 1450 2624 rodselmus
1468 2576 1497 2624 et

138 2657 262 2726 ingentes
281 2663 367 2727 atque
378 2657 540 2727 improvisos
553 2655 708 2712 habituram
721 2653 836 2712 effectus
849 2656 996 2713 verisimile
1015 2664 1065 2726 est,
1083 2657 1130 2728 qui
1148 2656 1244 2726 quales
1262 2656 1290 2712 in
1308 2657 1399 2726 specie
1412 2655 1497 2712 futuri
1515 2685 1519 2692 -

138 2744 205 2808 sint,
229 2742 301 2799 nulli
318 2743 447 2812 equidem
464 2743 619 2798 mortalium
646 2744 713 2800 salis
730 2750 903 2814 perspectum
924 2745 1029 2814 judico.
1065 2745 1110 2800 Ex
1126 2743 1214 2800 forma
1233 2751 1338 2814 autem,
1361 2759 1442 2816 quam
1460 2746 1496 2802 ab

137 2831 213 2888 initio
232 2848 302 2903 prae
319 2849 352 2888 se
370 2832 487 2902 larebat,
506 2846 576 2902 quae
590 2831 684 2902 joviali
703 2837 731 2888 et
748 2831 823 2887 claro
835 2831 963 2901 laetoque
980 2831 1086 2902 fulgore
1099 2831 1240 2903 emicabat,
1257 2833 1366 2889 udatur
1382 2848 1497 2902 prospe·

135 2935 194 2974 rem
212 2921 416 2990 pacificumque
439 2935 531 2975 rerum
556 2919 751 2976 mundanarum
775 2923 876 2974 etatum
898 2917 1131 2991 praesignificare,
1155 2920 1207 2976 uisi
1231 2921 1304 2990 quod
1322 2921 1498 2994 postmodum

134 3009 253 3064 musti
276 3009 365 3064 tincta
387 3008 532 3064 rutilantia
557 3007 695 3076 quippiam
718 3005 868 3062 turbulenti
897 3013 980 3075 atque
1002 3007 1163 3064 tumultuosi
1188 3009 1338 3066 immiscere
1363 3010 1496 3070 videatur.

134 3096 313 3165 Religionum
336 3094 471 3165 insignem
493 3095 692 3160 alterationem,
718 3094 815 3149 sinon
839 3092 1019 3149 omnimodam
1044 3094 1220 3151 abolitionem
1239 3112 1274 3150 ex
1294 3096 1390 3166 joviali
1407 3097 1497 3168 flgur'a

135 3185 304 3254 portendere
322 3189 448 3254 apparet,
467 3183 540 3253 quod
558 3191 586 3238 et
603 3182 680 3238 locus
697 3180 744 3238 ille
762 3181 847 3236 coluri
864 3181 1079 3251 aequinoctialis,
1095 3183 1177 3252 juxta
1195 3199 1274 3254 quem
1293 3183 1415 3240 sublimis
1434 3201 1497 3241 con·

25 3258 26 3264 ¹
134 3273 212 3340 atidt,
231 3273 333 3329 innuit
370 3273 409 3328 Et
427 3271 652 3342 quemadmodum
676 3285 708 3326 es
727 3285 742 3325 e
760 3271 899 3340 superiore
922 3271 991 3326 coeli
1015 3277 1094 3341 parte
1117 3271 1168 3326 toti
1190 3285 1261 3340 pene
1285 3273 1411 3328 terrestri
1434 3265 1495 3328 orb'i

134 3361 303 3431 inminebat,
323 3359 465 3416 siceum
491 3358 672 3414 universalem
695 3374 745 3428 per
760 3356 893 3429 plurimas
911 3365 939 3412 et
955 3358 1111 3428 potissimas
1130 3357 1231 3415 Terrae
1254 3361 1379 3430 regiones
1404 3375 1495 3417 rerum

134 3449 335 3519 mtssmopben
354 3447 511 3518 impendere
530 3447 658 3502 credibile
676 3452 742 3503 eet.“
780 3446 997 3516 significationes
1017 3445 1114 3503 stellae
1133 3455 1228 3504 censet
1239 3449 1333 3519 Tycbo
1352 3463 1386 3502 er
1405 3455 1494 3504 astro-

132 3536 230 3604 logicis
249 3535 358 3606 regulis
383 3535 418 3592 ad
436 3551 522 3592 anuos
543 3537 657 3592 theses
674 3536 744 3592 1592
765 3535 921 3604 referendas
944 3549 1018 3605 esse,
1042 3538 1123 3592 immo
1149 3538 1231 3593 etiam
1248 3535 1283 3592 ad
1306 3553 1405 3591 sunum
1425 3538 1495 3593 1632
1545 3593 1548 3599 ,

133 3625 342 3694 mtendeudse,
364 3623 489 3695 ,quando
507 3625 607 3692 trigoni
625 3625 711 3695 ignei,
737 3625 813 3693 euque
831 3624 900 3679 haec
919 3623 999 3679 stella
1017 3623 1214 3693 antesignatrix
1233 3625 1353 3696 exstitit,
1371 3626 1449 3692 rigor
1467 3633 1495 3682 et

133 3713 251 3770 effectus
270 3713 421 3769 elucescet.
457 3712 553 3768 Omnia
576 3713 648 3769 euim
674 3711 770 3768 etessae
793 3712 876 3782 hujus
895 3717 1022 3781 portenta
1040 3729 1101 3768 cum
1119 3714 1173 3768 bac
1195 3713 1364 3782 trigonorum
1380 3713 1494 3783 periodo
1543 3715 1550 3735 ²

133 3817 261 3870 mgnum
281 3801 376 3856 sortiri
394 3801 547 3870 analogiam
561 3801 681 3869 judico.“
718 3799 795 3855 Hanc
813 3815 875 3855 esse
892 3801 1033 3869 septimam
1055 3802 1223 3871 trigonorum
1241 3803 1275 3858 ab
1295 3801 1360 3856 orbe
1383 3799 1493 3856 condito

134 3890 280 3957 periodum
300 3890 426 3957 etham,
445 3903 556 3945 numero
574 3888 671 3959 impari
690 3887 861 3958 gaudentem,
880 3888 1123 3958 magnicujusdam
1135 3889 1200 3946 honi
1218 3897 1246 3945 et
1263 3889 1392 3947 felicioris
1405 3895 1494 3944 status

135 3991 195 4032 esse
213 3978 412 4048 pnenmcism
426 3985 477 4033 etc.
501 3976 625 4034 Additin
638 3977 692 4034 dne
704 3975 813 4044 Tycho:
834 3974 904 4040 ,Sed
917 3975 985 4030 haec
1003 3977 1162 4034 obscuriore
1174 3983 1238 4033 sunt
1256 3983 1285 4033 et
1302 3978 1337 4033 eb
1355 3975 1494 4032 intellectu

133 4063 254 4122 buseo
272 4065 433 4134 remotiora,
457 4080 539 4135 quam
557 4073 588 4120 ut
607 4063 723 4121 dilucide
741 4068 770 4118 et
787 4062 903 4118 discrete
928 4064 956 4118 in
975 4071 1099 4132 apertum
1123 4063 1214 4121 diduci
1232 4071 1345 4135 queant,
1368 4059 1432 4118 noio
1449 4063 1493 4118 his

134 4154 285 4210 remundis
299 4153 520 4222 extricssdisque
532 4151 634 4208 diutius
646 4151 808 4208 immorari“.
822 4179 854 4192 -
867 4151 1001 4221 Keplerus
1019 4153 1207 4224 Appesds'cem
1224 4155 1492 4222 Progymnasmstum
1599 4201 1604 4210 .

132 4239 265 4302 (⁴:11.ch
284 4241 331 4298 VI.
351 4257 378 4310 p.
392 4241 454 4310 570)
473 4241 542 4294 suite
560 4240 701 4296 terminat:
723 4241 819 4304 ,Certe
838 4239 862 4294 si
879 4239 947 4293 nihil
966 4239 1042 4296 aliud
1059 4241 1139 4297 stella
1150 4241 1206 4309 illa,
1224 4256 1351 4309 magnum
1368 4235 1493 4306 equidem

133 4339 325 4386 mncmum
344 4327 510 4399 significavit
528 4335 557 4382 et
573 4327 743 4398 progenuit“,
763 4327 855 4383 dicens
873 4328 1029 4398 Tyehonem
1048 4329 1194 4386 Brabeum.

243 4419 320 4487 Quae
336 4419 366 4474 in
384 4415 545 4486 praemissis
563 4416 597 4472 de
614 4417 696 4472 stella
719 4431 790 4470 nors
812 4415 876 4471 anni
898 4417 966 4472 1572
984 4417 1174 4487 exnycbonie
1197 4415 1274 4472 libris
1292 4411 1493 4484 proposuimus,

133 4519 196 4560 ean
215 4506 325 4562 obrem
344 4504 460 4575 mnjcris
484 4510 550 4559 suut
571 4504 700 4562 momenti
722 4504 759 4560 ad
777 4501 952 4572 dijudicanda
971 4504 1121 4574 Kepleri
1144 4502 1248 4570 studia,
1274 4500 1339 4571 quia
1355 4499 1492 4569 lieplerus

132 4609 189 4648 non
208 4601 312 4651 nutum
330 4594 433 4650 librum
452 4607 534 4647 suum
552 4592 586 4647 de
604 4607 675 4648 nora
694 4589 774 4647 stella
791 4590 854 4646 anni
868 4591 938 4648 idol
955 4593 1035 4661 quasi
1054 4590 1088 4648 sd
1101 4603 1220 4646 normam
1240 4587 1330 4657 operis
1343 4586 1493 4657 Tychouici

132 4679 277 4738 adsumsit
288 4685 379 4754 adque
396 4680 468 4739 illud
481 4669 583 4749 passim
595 4678 715 4748 respicit,
734 4677 781 4734 sed
795 4677 876 4733 etism
888 4677 917 4732 in
934 4678 996 4734 aliis
1008 4679 1066 4734 suis
1078 4676 1188 4745 scriptis
1200 4673 1358 4744 saepissime
1376 4673 1412 4729 ad
1422 4674 1492 4733 illud

133 4769 216 4837 'Q
250 4772 344 4830 henot
358 4768 521 4844 praemissa
537 4767 674 4837 capitibus
692 4767 783 4836 operis
800 4767 881 4822 tertio
901 4781 987 4838 usque
1006 4765 1041 4820 ud
1062 4765 1202 4821 decimum.
1228 4761 1322 4816 Priora
1335 4761 1389 4820 duo
1401 4765 1493 4834 capita

134 4858 274 4922 neuneu
292 4857 523 4932 ,afflationem
542 4861 664 4917 nauum
681 4853 753 4912 &lis
764 4855 914 4926 Lunaeque
931 4860 960 4914 et
976 4853 1098 4916 locorum
1110 4847 1252 4914 sullam
1268 4848 1394 4915 marum.
1424 4851 1492 4916 om
