3662 5544
818 384 894 444 sors.
1071 417 1075 424 ·
1235 439 1242 448 ,
1459 369 1525 456 a1t

179 584 267 642 mom,
291 567 403 646 eritque
423 583 539 628 rursum
561 565 723 626 Novembri
745 571 775 626 at
797 565 953 628 Decembri
975 567 1174 644 sequentibus.
1206 567 1255 643 At,
1278 571 1303 633 ai
1326 568 1383 630 hae
1407 585 1525 644 consae,

180 655 323 732 quomodo
346 655 460 733 agunt?
498 655 574 714 Num
596 653 693 714 locum
716 653 826 714 hahent
847 671 931 715 meae
954 654 1173 731 explicationes,
1198 673 1273 734 quas
1296 656 1371 718 alias
1393 657 1538 734 usurpol·

178 743 250 802 Nam
279 745 365 803 astris
388 743 444 804 Dei
471 759 593 814 munus,
627 740 769 800 formandi
801 741 936 815 aflectus,
965 757 1151 818 nequaquam
1181 745 1387 806 transscribere
1417 748 1525 821 cogito.
1558 799 1561 805 .

179 831 247 890 Esto
270 833 358 906 igitur
379 833 410 890 in
433 837 576 890 astrorum
599 831 689 888 etiarn
712 829 835 902 ratione,
857 833 913 888 sim
932 828 989 888 hoe
1003 837 1134 905 tempore
1158 831 1344 892 vehementer
1366 833 1397 889 in
1411 833 1527 892 affecti·

179 919 230 978 bus
252 936 337 978 meae
360 927 482 978 naturae
505 917 706 990 familiaribus,
732 918 761 972 in
785 915 966 990 credulitate,
990 918 1019 974 in
1044 919 1239 978 ostentatione
1262 921 1390 996 pietatis,
1413 922 1528 980 miseri·

179 1005 306 1080 cordiae,
338 1007 370 1062 in
390 1007 557 1082 captatione
586 1004 682 1063 famae
704 1020 741 1062 ex
763 1007 849 1062 novis
872 1012 902 1064 et
923 1003 1080 1080 paradoxis
1110 1005 1240 1064 consiliis
1263 1013 1294 1066 et
1322 1006 1527 1083 singularitate

178 1093 337 1167 factorum,
351 1094 380 1150 in
396 1093 522 1152 sollicita
536 1093 682 1151 rationum
698 1091 845 1150 variarum
861 1092 1084 1168 conquisitione,
1103 1095 1328 1169 comparatione,
1344 1097 1528 1168 excussione,

178 1183 205 1238 in
228 1183 377 1240 anxietate
400 1183 489 1240 animi
513 1181 590 1240 circa
614 1178 797 1238 electionem.
843 1177 906 1238 Sim
929 1179 1063 1255 exemplo
1089 1188 1119 1238 et
1140 1183 1219 1256 ipse,
1253 1181 1350 1240 Deurn
1372 1199 1437 1242 raro
1461 1200 1528 1242 cnr·

177 1285 240 1326 sum
256 1275 378 1326 naturae
395 1271 592 1344 lrrtorvertcre,
617 1275 646 1324 et
660 1272 758 1324 tamen
774 1266 897 1326 formare
912 1275 1001 1342 atque
1018 1267 1173 1342 disponere
1189 1270 1378 1328 consiliorum
1394 1278 1527 1332 euentus.

178 1356 315 1432 Agnosco
344 1357 531 1414 manifestum
561 1355 678 1430 signum
708 1355 821 1430 gratiae
845 1353 902 1412 Dei
931 1356 959 1411 in
987 1353 1044 1413 hac
1074 1356 1168 1430 prima
1195 1369 1336 1431 persona,
1367 1356 1446 1432 quod
1469 1374 1528 1416 non

178 1445 285 1516 arcuit,
310 1442 389 1518 quod
413 1447 530 1502 evenire
553 1449 676 1517 poterat,
699 1448 733 1498 ut
755 1440 807 1500 illa
829 1439 901 1500 mihi
925 1441 1056 1502 nuberet
1095 1440 1263 1518 Sequuntur
1285 1443 1372 1502 aliae.

282 1529 356 1588 Cum
379 1539 471 1594 matre
494 1529 566 1588 mibi
588 1535 657 1592 sunt
679 1529 848 1603 propositae
872 1527 947 1587 duae
969 1527 1056 1603 tiliae,
1081 1528 1158 1588 malo
1183 1533 1294 1602 ornine,
1319 1533 1344 1588 si
1367 1531 1529 1590 honestatis

177 1615 269 1676 laesio
295 1617 509 1694 qualiscunque
532 1619 561 1674 in
584 1613 655 1674 mali
679 1617 784 1674 ominis
798 1623 880 1691 parte
902 1615 1039 1691 ponenda
1060 1627 1113 1675 est.
1154 1616 1191 1675 Et
1206 1621 1280 1676 ratio
1298 1618 1397 1691 dictat,
1420 1619 1530 1678 malum
1588 1671 1592 1678 ,

177 1703 370 1782 portendisse,
394 1704 445 1764 sed
468 1702 577 1764 malurn
600 1711 766 1778 cognatum,
792 1701 905 1761 scilicet
926 1705 1072 1762 sinistram
1097 1703 1314 1764 abhorrentium
1329 1707 1418 1766 animi
1442 1724 1461 1766 a
1483 1724 1530 1766 ro-

178 1794 312 1866 ceptione
341 1791 470 1866 corrsilii,
501 1809 603 1867 parum
633 1789 755 1849 honeste
778 1807 796 1847 a
818 1793 949 1865 patronis
980 1793 1150 1850 ferninarom
1176 1791 1279 1853 oblati.
1326 1795 1365 1853 at
1387 1792 1461 1852 illud
1483 1811 1530 1852 me

178 1882 282 1938 mirem
306 1880 405 1952 habet,
429 1881 454 1938 si
477 1879 585 1940 malurn
609 1877 665 1936 hoc
689 1893 773 1936 omen
799 1885 857 1950 est,
882 1894 933 1937 cur
955 1878 1135 1953 portenderit
1158 1879 1266 1938 malurn
1289 1879 1376 1955 plane
1400 1879 1527 1940 alianum

179 1984 302 2026 acausa
326 1969 384 2026 ista
405 1965 504 2026 laesae
527 1965 700 2025 honestatis.
733 1965 808 2024 Ecce
826 1967 902 2024 enim
925 1963 1058 2024 fortunae
1074 1966 1241 2042 ludibrium,
1267 1967 1348 2028 nulla
1362 1985 1429 2028 mea
1444 1967 1531 2045 culpa

183 2057 369 2115 concitatum.
410 2053 477 2114 Non
500 2061 614 2112 tantum
638 2054 721 2110 initio
744 2057 823 2130 cum‘
833 2060 924 2113 matre
947 2051 1008 2110 filia
1031 2053 1133 2112 dotata
1156 2054 1218 2128 fuit,
1242 2054 1294 2114 scd
1318 2057 1405 2116 ctiam
1428 2065 1533 2132 postea

182 2141 211 2200 in
234 2144 503 2218 compensationem
526 2143 627 2198 matris
651 2141 830 2198 recusantis:
857 2137 1043 2200 vehementer
1057 2157 1103 2199 mc
1127 2141 1252 2217 perculit
1274 2141 1443 2204 deformitas
1459 2160 1532 2202 con·

182 2229 249 2299 silit,
273 2237 303 2287 et
325 2235 423 2288 tamen
445 2229 531 2305 coepi
554 2227 589 2286 de
613 2225 780 2285 conditione
809 2229 962 2302 inquirere.
1008 2226 1127 2288 Interim
1151 2229 1220 2287 dum
1242 2232 1372 2290 animum
1394 2249 1413 2292 a
1436 2230 1533 2290 viduis

182 2315 220 2375 ad
242 2318 370 2394 virgines
393 2317 535 2376 transfero
559 2322 589 2375 ct
610 2313 646 2373 de
669 2314 790 2373 absente
813 2331 872 2372 non
895 2322 963 2374 aute
985 2317 1051 2374 visa
1073 2317 1188 2390 cogito,
1221 2318 1299 2392 cepit
1326 2336 1373 2378 mo
1396 2327 1533 2394 aspectus

182 2405 343 2478 praesentis
368 2411 398 2463 et
419 2406 543 2480 probata
565 2401 780 2479 physignomia.
826 2399 904 2461 Satis
934 2400 969 2460 de
994 2401 1167 2462 educatione
1198 2404 1367 2478 constabat,
1400 2405 1534 2481 splendi-

183 2489 249 2548 dam
270 2493 366 2565 magis
396 2508 460 2552 csse
491 2507 580 2566 qnam
610 2489 681 2547 mihi
713 2487 825 2549 utilem.
870 2487 992 2548 Deliciis
1022 2497 1083 2550 erat
1111 2493 1238 2549 enutrita
1266 2508 1355 2566 supra
1378 2494 1532 2566 fortunam,

183 2595 236 2638 neo
258 2577 361 2638 adorat
383 2587 466 2638 aetas
489 2585 559 2654 apta
583 2578 659 2636 curis
683 2575 859 2636 domesticis.
905 2576 951 2636 De
975 2575 1193 2636 indolertamen
1220 2595 1257 2636 ex
1287 2577 1370 2638 vultu
1391 2579 1535 2656 judicium

183 2665 277 2724 farone
312 2667 423 2741 optima
453 2681 587 2741 quaeque
617 2663 787 2740 sperabam,
818 2663 843 2722 si
868 2664 955 2722 etiarn
978 2666 1086 2722 serens
1110 2663 1281 2723 accederent
1308 2663 1534 2739 admonitiones,
1624 2661 1630 2682 ⁸

184 2753 306 2812 feminae
330 2756 468 2828 optimae.
514 2750 655 2811 Consului
684 2767 838 2827 personam
871 2753 1021 2826 utriusque
1050 2760 1180 2810 nostrum
1210 2754 1416 2828 peritissimum
1440 2771 1533 2828 aequa

139 2827 143 2842 ’
184 2857 218 2899 ao
244 2839 501 2900 studiosissimam.
554 2837 656 2896 Visum
686 2847 730 2896 cst
758 2838 813 2911 illi,
846 2837 1015 2896 tertiandum
1045 2837 1163 2914 puellae
1193 2848 1323 2898 matrem.
1374 2841 1449 2912 llam
1480 2841 1533 2900 etsi

184 2926 337 2987 lautiorem
365 2945 503 3004 generum
533 2933 593 2984 tarn
622 2928 757 2984 teneriter
785 2924 905 2984 habitae
934 2942 1074 3000 quaerere
1107 2925 1275 3000 videbatur,
1306 2933 1407 3003 optare
1436 2935 1534 2986 tamen

184 3017 277 3090 magis
306 3032 395 3090 quarn
425 3003 543 3091 'sperare
574 3019 704 3089 poterat,
734 3013 772 3075 ob
796 3030 840 3072 res
870 3014 983 3072 accisas
1007 3020 1036 3072 et
1059 3011 1214 3072 Gaesarem
1237 3011 1392 3076 mortuum.
1439 3015 1535 3074 Etiam

184 3111 276 3163 mater
300 3101 484 3162 deliberavit.
529 3099 603 3160 Mihi
634 3101 691 3158 hoc
713 3109 776 3158 erat
798 3099 967 3172 consilium,
995 3100 1124 3160 rationes
1145 3118 1227 3160 meas
1251 3101 1445 3160 dissuasorlas
1467 3119 1535 3178 per·

185 3193 297 3248 mittere
321 3192 440 3249 arbitrio
464 3191 573 3258 aratris,
597 3189 721 3248 feminac
745 3196 774 3247 et
789 3185 1033 3263 prudentissimae
1055 3195 1085 3246 ct
1099 3187 1177 3248 filiae
1192 3191 1421 3250 amantissimae.
1458 3189 1534 3248 Nam

185 3279 208 3336 si
232 3277 370 3353 probaret
392 3294 488 3336 meum
511 3275 681 3347 consilium,
712 3290 770 3332 non
793 3273 854 3333 lore
877 3275 982 3334 falsam
1006 3292 1099 3334 meam
1122 3293 1205 3351 spem
1228 3275 1264 3336 de
1288 3275 1393 3340 indole.
1437 3273 1534 3337 Unum

185 3363 239 3424 hoc
262 3382 281 3424 a
303 3381 350 3424 mc
380 3371 459 3424 racto
490 3363 615 3436 factum;
649 3360 754 3420 melius
783 3369 880 3420 tamen
910 3363 1013 3421 fuisset
1045 3379 1102 3421 nou
1133 3372 1246 3438 petere,
1281 3363 1360 3439 quod
1382 3363 1535 3440 probabile

185 3458 254 3523 erat,
278 3469 336 3510 non
359 3451 535 3526 placiturum
559 3451 653 3509 matri.
697 3447 772 3507 Nam
795 3448 1051 3526 materdenique,
1075 3453 1206 3510 excussis
1230 3453 1408 3524 rationibus,
1431 3451 1536 3510 statuit

185 3555 275 3598 annos
300 3539 380 3598 filiae
402 3539 500 3616 plures
523 3543 708 3613 exspectare,
732 3542 761 3594 et
777 3542 838 3595 tute
855 3539 953 3596 omnia
968 3535 1179 3610 administrata,
1202 3538 1281 3598 fama
1296 3538 1377 3598 nulla
1400 3542 1535 3600 excitata.

186 3624 296 3686 hiensis
319 3627 394 3686 abiit
415 3643 466 3703 per
488 3626 542 3684 has
565 3642 658 3694 curas,
683 3624 854 3699 interimque
878 3623 975 3700 Praga
998 3640 1052 3700 ego
1078 3622 1212 3684 discessi:
1236 3643 1304 3684 nam
1327 3634 1379 3686 aut
1393 3643 1532 3703 sponsam

185 3713 326 3786 obtinere,
350 3721 402 3772 aut
425 3721 517 3772 toturn
540 3713 720 3789 propositum
745 3727 810 3768 cum
834 3712 898 3786 ipsa
921 3711 992 3770 urbe
1007 3711 1180 3787 relinquere,
1205 3715 1300 3772 risum
1324 3721 1368 3772 est
1391 3714 1536 3774 edictum-

184 3818 238 3876 qnc
255 3801 349 3862 matri.
375 3801 473 3875 Atque
490 3801 563 3858 haec
578 3796 708 3858 secunda
722 3804 776 3870 est,
793 3796 831 3855 ad
847 3799 960 3856 tertiam
978 3800 1073 3859 venio.
1097 3798 1161 3858 Non
1179 3802 1256 3858 enim
1272 3810 1377 3860 noceat
1396 3811 1535 3878 repetere,

185 3887 262 3964 qnod
286 3887 397 3946 Illustri
422 3887 619 3947 Generosltati
644 3885 726 3944 Tuae
746 3885 808 3959 jam
824 3895 911 3944 antea
927 3892 1062 3944 oretenus
1078 3887 1173 3960 retuli,
1196 3889 1309 3947 scilicet
1323 3898 1355 3947 ut
1371 3906 1407 3948 ex
1423 3891 1535 3958 itinere,

184 3975 262 4050 quod
286 3974 419 4034 Lincium
443 3976 639 4046 institueram,
672 3974 700 4029 in
724 3971 889 4031 Moraviam
913 3971 1096 4046 deflexerim,
1126 3975 1425 4048 resumto'consilio,
1457 3973 1535 4050 qnod

182 4063 265 4122 initio
289 4070 408 4139 propter
431 4061 644 4122 deformitatem
667 4058 864 4134 displicuerat.
896 4059 954 4118 Hic
971 4060 1084 4120 animus
1100 4061 1351 4136 calebatfateor,
1376 4062 1537 4139 quaerebat

184 4150 418 4227 supplementum
443 4152 626 4225 nuperrimae
653 4147 795 4223 jacturae,
821 4147 891 4205 nifril
917 4155 1013 4206 tamen
1037 4147 1112 4208 adeo
1137 4166 1171 4208 cr
1196 4149 1301 4210 calore.
1334 4149 1409 4209 Veni
1431 4151 1459 4206 in
1475 4165 1536 4206 reur

185 4245 378 4312 praesentem,
402 4237 513 4313 placuit
536 4239 634 4311 virgo,
659 4239 721 4294 erat
743 4233 868 4293 educata
891 4234 928 4292 ad
952 4235 1135 4294 commodum
1159 4253 1270 4310 meum,
1296 4237 1369 4296 mira
1392 4236 1535 4313 prompti·

186 4323 285 4384 tudine
310 4325 448 4401 amplexa
470 4333 515 4384 est
536 4323 645 4382 liberos
668 4332 766 4380 meos:
791 4320 820 4379 id
842 4325 1033 4398 praecipuum
1057 4331 1119 4382 orat
1142 4323 1353 4394 firnrarnentum
1377 4330 1536 4398 conceptae

188 4411 323 4486 fiduciae,
348 4429 384 4471 ex
406 4411 463 4471 hac
485 4427 610 4488 propera
633 4408 749 4480 fiducia,
774 4407 842 4474 doru
867 4411 917 4468 unt
933 4413 974 4472 rei
990 4411 1110 4470 nimium
1133 4429 1198 4470 sum
1214 4413 1351 4484 intentus,
1375 4409 1536 4470 firmandae

186 4499 299 4558 scilicet
322 4501 488 4576 sponsioni,
519 4501 548 4557 in
571 4497 630 4556 clia
653 4513 683 4555 re
705 4509 808 4571 parurn
832 4504 936 4556 cautus
960 4497 1017 4570 fui,
1047 4515 1105 4556 non
1136 4497 1248 4558 scilicet
1270 4499 1343 4557 satis
1365 4498 1431 4556 cari
1455 4513 1537 4556 corn-

186 4585 280 4646 modis
303 4587 388 4646 meis.
433 4587 508 4646 Nam
530 4587 639 4644 liberos
663 4581 767 4658 reliqui
790 4583 904 4642 futurae
928 4586 1027 4658 matri,
1051 4602 1125 4661 quos
1148 4593 1252 4661 postca
1274 4601 1339 4642 cum
1364 4592 1461 4644 sumtu
1485 4601 1537 4644 ac-

187 4691 297 4734 cersere
321 4673 363 4734 fui
387 4681 518 4734 coactns.
564 4672 610 4732 De
632 4671 764 4746 reliquo,
797 4679 828 4728 ut
851 4689 940 4748 supra
963 4671 1032 4744 dixi,
1055 4672 1171 4730 fortuna
1194 4674 1223 4727 in
1247 4671 1335 4748 culpa
1359 4678 1414 4730 est.
1459 4671 1535 4731 Nam

185 4761 263 4822 bona
284 4759 388 4838 puella
409 4760 496 4820 fidem
519 4775 603 4820 suam
632 4765 700 4819 ante
722 4771 830 4817 annum
855 4759 1049 4818 obstrinxerat
1072 4759 1138 4832 alii,
1172 4760 1221 4834 qni
1251 4760 1365 4817 interim
1393 4765 1537 4828 scortator

187 4851 280 4910 erasit
308 4847 462 4926 filiumque
484 4866 519 4908 err
549 4845 655 4928 pellice
684 4853 852 4924 susceperat
881 4862 976 4924 coque
1005 4847 1088 4905 visus
1118 4852 1164 4906 est
1196 4843 1290 4906 deseri
1317 4862 1422 4922 posse:
1451 4853 1537 4926 grata

236 4949 313 5006 om
324 4947 497 5002 mersurus.
1294 4945 1328 5006 bo
