3624 5554
756 488 759 494 Ι
810 399 886 464 ιιι
1239 339 1243 348 “
1454 393 1518 470 ιιι

165 577 356 652 intelligerem,
381 579 481 651 sedani
497 579 634 638 hominess
657 596 708 638 suo
731 577 853 638 arbitrio.
890 573 962 646 Quid
980 589 1044 632 sero
1062 573 1202 632 inurens
1226 571 1384 640 ventilatum
1402 574 1452 646 sit,
1474 573 1519 634 lli.

164 669 240 726 Dum
258 669 319 727 Tus
338 669 404 726 ιι).
423 671 540 726 Doctore
556 670 664 727 donans
680 667 815 738 iassenic,
834 666 882 735 qni
900 665 951 720 has
969 662 1071 732 ediert,
1087 661 1204 730 reorum
1221 671 1383 733 tumescat:
1402 664 1427 718 is
1445 664 1518 720 enim

166 755 288 813 interfuit
310 758 376 813 dum
400 757 470 812 haec
495 763 665 827 gererentur,
694 771 779 825 qnare
803 753 925 823 longiore
948 757 976 808 et
999 751 1124 808 taediosa
1147 767 1239 808 eorum
1266 752 1520 808 commemoratione

166 843 346 914 supersedeo,
370 843 461 900 omnia
485 843 520 900 ad
538 843 609 900 hanc
627 859 685 900 rem
702 842 832 900 facientia
849 841 891 898 ιιι.
911 842 955 898 D¹·
973 841 1049 896 Tuae
1070 839 1198 910 prudenti
1220 840 1333 898 oonsilio
1353 840 1521 910 dispicienda

166 931 369 1002 ordinandoque
388 931 534 988 etiamnum
553 931 717 1001 relinquens.
754 931 897 986 Caeterum
915 929 949 984 de
966 942 1062 998 puero,
1087 942 1166 996 quem
1185 927 1228 984 lll.
1245 928 1326 984 Dum.
1345 928 1406 984 Tne
1423 917 1458 984 ad
1475 943 1520 986 me

166 1017 271 1074 mittere
290 1019 420 1088 decrevit,
439 1019 517 1086 sciat,
536 1035 580 1076 me
597 1019 714 1076 libenter
725 1035 787 1074 eum
800 1017 1017 1088 quandocunque
1030 1015 1171 1072 advenerit
1183 1023 1363 1084 recepturum,
1382 1021 1440 1072 tum
1453 1031 1520 1085 qno·

167 1121 217 1176 qne
238 1106 423 1172 laboratorem
447 1107 616 1177 spsqiricnm.
658 1108 696 1164 Et
717 1115 834 1178 expecto
856 1104 960 1176 pariter
987 1102 1094 1160 fabrum
1115 1101 1192 1160 illurn
1215 1103 1413 1171 mechanicum,
1439 1105 1520 1174 quie

168 1193 256 1264 Styris
274 1201 406 1252 rentsrrus
425 1202 474 1252 est.
512 1195 731 1266 Quamprimum
750 1210 814 1250 sero
833 1207 882 1263 per
900 1193 1095 1262 occupationes
1113 1190 1232 1259 licuerit,
1257 1191 1336 1260 sp'ero
1355 1207 1398 1246 me
1416 1192 1520 1262 Progne

165 1279 294 1352 laturum,
312 1281 358 1338 urbi
371 1284 478 1353 plenius
492 1300 552 1342 curu
571 1282 614 1338 lll.
627 1284 707 1338 Dum.
719 1284 779 1338 Tun
797 1281 832 1338 de
848 1281 881 1336 iis
901 1297 970 1350 quae
982 1281 1028 1338 hic
1041 1280 1141 1336 omissa
1157 1286 1222 1338 esunt
1233 1295 1319 1348 agam·
1349 1279 1447 1335 Valeat
1459 1280 1520 1334 Tus

84 1361 88 1368 ’
165 1368 207 1426 Ιιι.
229 1369 383 1426 Dominatio
407 1385 487 1440 qnam
512 1371 614 1441 optimo
638 1377 667 1426 et
688 1369 848 1428 diutissime.
890 1369 996 1426 Dabam
1020 1385 1055 1424 ex
1080 1383 1142 1424 arce
1167 1367 1301 1424 Caesarea
1324 1365 1454 1424 Benatics
1477 1367 1521 1424 die

166 1457 190 1512 d.
207 1456 310 1528 Aprilis
328 1473 401 1514 anno
421 1458 498 1518 1600.
531 1458 577 1514 Ill.
595 1458 724 1516 Genetos.
744 1457 821 1516 Tuas

790 1525 992 1584 addictissimus

1187 1593 1280 1666 Tycha
1300 1595 1389 1652 Brehe

1169 1700 1252 1742 manu
1277 1685 1396 1757 propria.
1489 1717 1494 1724 ·

267 1807 420 1878 Jessenias,
438 1807 518 1864 lectis
537 1809 674 1879 prioribus
692 1815 720 1866 et
732 1809 843 1879 Kepleri
860 1808 954 1878 literis,
972 1807 1164 1866 Hoffmsunusn
1182 1806 1257 1876 adiit,
1276 1808 1321 1878 qni
1333 1808 1446 1880 liepleri
1462 1809 1520 1868 nni·

166 1911 237 1950 mum
262 1895 396 1952 irritatum
420 1895 539 1966 placavit
563 1903 592 1954 et
613 1896 692 1952 ιιιιιιι
711 1897 868 1967 Tychoncm
892 1897 1027 1954 iniensnm
1046 1895 1166 1965 Keplero
1188 1896 1331 1951 concitare
1350 1897 1463 1954 studuit.
1489 1899 1521 1953 Ιιι

169 1985 253 2048 „vita“
275 1982 447 2052 Hoffmanni,
470 1984 583 2052 abipso
605 1985 774 2054 conscripta,
798 1984 926 2052 legimus:
952 1984 1092 2054 ,Tychoni
1113 1983 1221 2040 Brslneo
1242 1983 1321 2039 Dono
1343 1986 1522 2042 amicissimus

166 2083 193 2128 ct
216 2073 244 2130 in
268 2073 333 2126 aula
354 2078 487 2142 patronus
511 2074 612 2152 erstiti.
647 2074 692 2130 Ad
714 2088 777 2130 eum
801 2072 884 2129 eduxi
907 2089 922 2128 e
941 2073 1032 2144 Styria
1054 2072 1190 2128 ioannem
1211 2071 1375 2140 Keplernm;
1404 2089 1521 2143 cumque

167 2159 304 2216 simultate
327 2157 400 2216 inter
418 2159 493 2229 ipsos
511 2167 573 2216 orta
598 2159 742 2216 disortium
764 2160 907 2224 iecissent,
933 2158 1008 2228 quod
1025 2172 1041 2214 e
1059 2171 1089 2214 re
1106 2159 1289 2216 mmonomica
1307 2177 1362 2218 non
1379 2160 1524 2217 ridebatur

165 2247 295 2314 sutorum,
314 2253 411 2302 auctor
435 2247 559 2317 utrisque
580 2247 809 2304 reconciliationis
829 2257 856 2303 et
875 2245 995 2318 Kepleno
1017 2246 1170 2317 praesentis
1195 2247 1321 2304 iortunao
1339 2249 1443 2318 (seripts
1460 2255 1523 2305 osea

164 2347 224 2388 suna
240 2352 310 2388 enno
330 2335 418 2402 loll),
436 2334 632 2405 qualiscunque
650 2351 684 2390 ea
695 2335 739 2404 sit,
758 2335 851 2391 exstiti
869 2349 1062 2403 reversumque
1075 2350 1090 2389 e
1104 2335 1195 2404 Styria
1212 2351 1273 2390 cnm
1290 2335 1392 2392 ιιιιιιιιι
1403 2337 1522 2408 hospitio

164 2423 273 2493 excepi.
292 2423 341 2490 qni
359 2439 394 2478 ex
413 2437 446 2478 eo
463 2439 518 2478 non
537 2422 645 2478 destitit
661 2439 704 2478 me
722 2423 812 2479 colere
830 2437 991 2498 mecumque
1009 2421 1125 2478 subinde
1143 2422 1223 2478 etde
1242 2423 1305 2479 suis
1323 2424 1522 2482 ιιιιιιιιιιιιιιιιι

162 2527 213 2580 pro
232 2525 294 2564 mco
313 2516 410 2580 captu,
433 2516 462 2562 ct
480 2509 514 2564 do
533 2511 598 2566 meis
616 2509 738 2582 mysticis
758 2527 807 2580 pro
825 2525 889 2574 sno,
913 2509 1094 2566 conuersari.“
1115 2539 1148 2549 -
1166 2511 1292 2566 Jessenio
1311 2519 1340 2566 et
1357 2512 1522 2570 Hoffmanno

162 2597 357 2666 insugmuons
375 2596 512 2668 lieplerus
530 2598 687 2670 Tychonem
706 2597 787 2668 audit,
810 2598 961 2668 deprecans
979 2597 1110 2668 scriptum
1129 2613 1208 2654 sunm
1226 2600 1369 2665 acerbam,
1393 2601 1436 2655 inis
1460 2617 1522 2658 oum

162 2686 312 2742 allocutus:

268 2777 346 2838 Sons
363 2795 576 2856 menumquam
591 2795 685 2856 nuper
700 2777 739 2838 ad
754 2777 929 2840 laedendum
945 2775 1094 2838 celeritate
1110 2787 1215 2838 ventos
1232 2781 1399 2852 antevertit,
1423 2781 1521 2856 quod·

161 2883 230 2926 nsru
254 2868 373 2924 initium
396 2868 486 2927 iaciat
508 2867 546 2926 nd
569 2866 737 2928 leniendum
756 2869 803 2926 sis
826 2868 948 2926 inuenit.
984 2865 1061 2926 Num
1084 2865 1155 2942 quid
1178 2883 1234 2942 ego
1249 2870 1373 2942 primum
1390 2885 1522 2929 comme-

161 2952 297 3014 morem?
337 2955 383 3012 Αιι
406 2973 502 3014 meum
524 2957 789 3032 intemperentiam,
813 2953 898 3029 cujus
921 2953 1111 3012 acerbissima
1133 2961 1179 3014 est
1201 2953 1374 3030 recordatio,
1398 2973 1435 3016 an
1459 2961 1520 3030 tue,

159 3042 356 3102 Nobilissimc
379 3041 492 3118 Tycha,
516 3042 678 3116 benelaets,
702 3059 779 3120 quac
799 3041 862 3117 jam
884 3057 940 3101 nac
959 3043 1125 3101 enumerari
1144 3049 1276 3118 possunt,
1300 3059 1354 3102 nco
1377 3059 1430 3120 pro
1454 3043 1522 3120 diq-

160 3132 253 3190 oitste
279 3129 444 3205 perpendit
480 3130 537 3190 Per
560 3129 635 3190 duos
657 3147 772 3190 menses
795 3129 923 3204 gratuito
953 3145 1000 3188 mc
1024 3131 1103 3188 uictu
1134 3127 1296 3189 liberaliter
1317 3130 1432 3205 elusisti,
1466 3133 1521 3191 toti

159 3227 226 3278 tuae
244 3215 380 3278 familiae
395 3233 490 3276 meam
505 3217 745 3289 incolumitatem,
756 3233 836 3275 omes
851 3215 996 3275 desideria
1019 3216 1239 3290 commendasti,
1263 3219 1362 3276 omnis
1383 3218 1522 3278 humani-

161 3311 229 3366 tatis
255 3303 360 3364 officia
381 3307 566 3380 praestitisti,
597 3322 674 3381 quae
705 3305 835 3367 debuisti
861 3303 1033 3363 ιιιιιιιιιιιιιι
1062 3303 1133 3362 mihi
1162 3307 1404 3381 communicasth
1434 3323 1522 3366 nemo

161 3413 207 3455 me
231 3394 318 3452 dicto
343 3391 390 3450 rel
413 3392 491 3452 iacto
514 3393 617 3452 uolens
640 3392 727 3452 laesit
748 3409 895 3467 nnqnarn3
919 3393 948 3448 ln
970 3408 1098 3450 summa:
1130 3407 1189 3451 non
1212 3391 1320 3468 liberis,
1344 3409 1403 3453 non
1426 3396 1520 3466 usuri,

159 3501 216 3542 non
242 3481 307 3558 ipsi
331 3480 383 3540 tibi
407 3478 473 3555 plus
497 3480 641 3540 indulsisti
667 3497 754 3557 quam
777 3479 858 3538 mihi.
904 3477 988 3554 Quae
1010 3481 1109 3538 animo
1138 3487 1289 3555 praeterea
1315 3480 1459 3542 volvebas
1482 3481 1519 3542 de

158 3587 203 3632 me
227 3566 455 3648 promovendo,
484 3585 520 3626 er
543 3571 579 3627 ιιι
602 3569 678 3644 quae
701 3585 768 3628 mea
790 3583 881 3626 carrea
902 3567 1058 3640 suscepisti
1087 3565 1173 3627 lacile
1197 3567 1269 3627 vidi.
1314 3566 1399 3642 Quae
1422 3572 1521 3629 omnio

158 3676 224 3719 eum
248 3661 296 3716 ιιιι
321 3654 430 3714 habere
446 3657 589 3730 sciverim,
613 3657 709 3716 lassus
725 3658 837 3726 luerim,
860 3655 969 3729 scripto
985 3655 1073 3713 etiam
1089 3661 1196 3714 tmtsta
1212 3654 1388 3730 reliquerim,
1412 3675 1521 3731 magron

159 3765 224 3808 eum
249 3745 348 3804 animi
371 3745 606 3803 constemntione
629 3743 772 3814 recorder,
797 3742 872 3802 adeo
895 3757 942 3799 me
965 3757 983 3800 a
1005 3740 1071 3801 Deo
1095 3749 1125 3801 et
1147 3758 1166 3801 a
1187 3741 1298 3819 Spiritu
1314 3743 1423 3806 Sancto
1447 3748 1519 3804 meis

158 3833 348 3911 intemperiis
378 3832 527 3907 animique
558 3833 661 3892 morbo
691 3831 781 3891 inisse
811 3829 997 3906 permissum,
1030 3837 1062 3888 ιιι
1091 3828 1130 3888 sd
1153 3837 1196 3888 tot
1218 3837 1248 3889 et
1272 3837 1353 3890 tante
1378 3833 1520 3892 beneflcio

158 3925 269 3984 clausis
295 3918 392 3978 oculis
416 3935 468 3995 pro
492 3917 636 3978 modestia
651 3919 736 3977 trium
752 3915 970 3978 hebdomadum
986 3917 1143 3976 continnae
1158 3919 1321 3978 morositati
1343 3935 1414 3996 erga
1427 3927 1519 3980 totum

157 4012 317 4081 familiam,
342 4021 396 4083 pro
418 4008 577 4082 gratiarnm
601 4008 716 4064 actione
740 4003 907 4066 iracundiae
930 4003 1092 4080 praecipiti,
1117 4019 1169 4081 pro
1192 4007 1356 4084 reverentia
1378 4007 1520 4066 audaciae

155 4115 292 4158 sammua
321 4111 391 4170 erga
415 4102 495 4153 tuem
517 4111 681 4170 personam,
705 4101 763 4151 tam
787 4089 893 4152 illustri
906 4097 1069 4164 stemmate,
1092 4100 1152 4151 tem
1172 4095 1332 4170 praestanti
1348 4093 1519 4166 eruditione,

156 4199 239 4248 tenta
262 4184 399 4244 nonninis
428 4175 561 4244 claritate
593 4179 804 4252 venerabilem,
834 4196 888 4255 pro
915 4179 1010 4239 amica
1038 4179 1235 4242 valedictione
1265 4181 1520 4258 suspiciosissimis

156 4271 412 4352 imputationibus
435 4277 466 4328 et
486 4270 693 4329 scmbissimne
715 4265 861 4327 scribendi
892 4265 1035 4344 prurigini
1065 4275 1179 4326 tautum
1201 4267 1353 4346 indulgere
1375 4271 1519 4345 potuerim

156 4381 209 4424 neo
233 4379 282 4421 me
310 4357 501 4435 reppererim,
526 4373 579 4416 neo
602 4373 690 4432 quam
713 4355 870 4415 crudeliter
892 4361 974 4413 tuum
997 4355 1135 4429 animum,
1162 4356 1212 4432 qul
1234 4356 1384 4432 praeclare
1406 4371 1521 4434 semper

157 4451 192 4512 de
215 4467 264 4510 me
289 4461 446 4519 senseras,
470 4441 526 4505 inec
548 4443 735 4504 odiosissime
757 4447 870 4502 notione
893 4443 949 4501 sim
972 4441 1149 4516 oliensnrus,
1173 4441 1391 4519 perpenderem.
1437 4441 1521 4518 Quae

155 4542 180 4600 ai
200 4529 311 4600 hostili
338 4535 453 4606 animo,
481 4533 508 4592 ιι
529 4531 653 4592 nocendi
676 4531 829 4609 proposito
859 4529 1070 4607 suscepissem,
1101 4527 1238 4606 equidem
1269 4531 1319 4589 six
1342 4527 1391 4590 vel
1413 4548 1432 4591 s
1455 4531 1521 4594 Deo

156 4636 256 4703 petere
280 4624 411 4682 inissem
434 4635 538 4694 ansas,
561 4622 604 4679 uti
627 4627 656 4680 te
679 4619 751 4678 mihi
773 4625 935 4695 praestaret
957 4616 1146 4695 placabilem,
1172 4617 1284 4694 iustum
1306 4623 1336 4677 et
1357 4617 1520 4695 legitimam

156 4713 323 4775 vindictam
348 4705 514 4784 impediret.
568 4719 572 4726 '

260 4795 327 4860 Sed
353 4795 426 4871 quia
449 4799 541 4854 totum
564 4791 620 4854 hoc
651 4794 819 4872 impotentis
849 4793 939 4852 animi
960 4791 1040 4852 iuror
1062 4799 1091 4850 et
1113 4789 1248 4851 cholerae
1279 4791 1426 4867 praestitit
1447 4809 1522 4854 exu-

157 4889 293 4952 berantis
318 4891 353 4947 et
373 4879 507 4962 juvenile
523 4883 627 4944 uitium
641 4881 795 4946 curiositas
811 4897 877 4946 cum
891 4875 1240 4960 praecipitantiajudicii,
1262 4879 1358 4942 abluit
1371 4879 1420 4944 rel
1435 4879 1522 4944 dida·
