3612 5538
595 413 637 472 lie
655 412 749 474 amicis
765 417 796 470 st
812 409 969 474 fautoribus
985 414 1107 488 Keplcrr'.
1469 413 1533 485 iiiii

181 608 252 654 suas
274 593 483 671 superantibus
503 593 637 654 nouuibil
659 593 833 669 dubitasset,
857 593 894 656 de
915 594 970 660 illa
984 593 1161 658 llaeetllnua
1182 610 1215 654 ss
1237 601 1441 658 cremaverat
1479 594 1534 656 Cui

182 683 366 742 excusationi
389 680 535 760 Keplerus
557 684 600 742 sic
621 682 787 759 respondit:
819 683 893 744 Cum
916 685 1020 760 ingene
1042 683 1222 760 praestiteris
1251 683 1322 742 mihi
1346 681 1530 756 beneficium,

181 785 304 830 excusas
326 777 356 829 te
372 771 452 845 mibi,
476 769 555 848 quod
570 773 667 846 majus
688 769 761 830 illud
776 787 835 830 ncn
850 770 938 831 inerit
953 769 1091 848 quodque
1107 769 1232 830 tamdiu
1249 768 1372 830 dilatum
1387 773 1427 830 sit
1442 787 1534 848 opus·

181 856 280 916 culum
303 857 421 934 culpam
442 876 462 918 a
483 865 513 918 te
534 873 678 921 remores.
724 855 818 934 Quasi
845 865 898 918 aut
919 856 993 919 lraec
1022 858 1109 934 culpa
1131 858 1231 930 inerit,
1263 865 1315 917 aut
1337 873 1394 934 ego
1418 857 1532 918 bened-

180 945 295 1004 centiae
326 952 395 1006 tuae
425 945 533 1006 arbiter
561 955 651 1021 atque
679 943 831 1021 legislator
861 947 1031 1022 existerem
1064 945 1183 1004 omuino
1214 947 1300 1021 quasi
1324 943 1455 1006 debitum
1477 945 1535 1005 linc

181 1040 267 1095 esest
312 1033 449 1110 Agnosco
471 1049 542 1094 eane
566 1041 596 1094 et
617 1033 787 1094 reminiscor
816 1033 907 1094 verba
935 1033 1079 1094 nonnulla
1106 1049 1190 1094 meae
1221 1031 1376 1108 epistolae.
1423 1033 1533 1092 Verum

181 1117 254 1179 illud
275 1128 305 1180 te
327 1137 446 1180 moneo:
476 1123 526 1196 qui
556 1117 681 1180 candido
703 1121 940 1192 scribitanimo,
972 1137 1039 1180 eom
1068 1119 1162 1180 multa
1188 1121 1383 1196 incogitanter
1405 1120 1533 1182 scribere

182 1217 212 1267 et
233 1208 347 1267 semina
368 1210 570 1284 suspicionum
592 1224 696 1275 serore,
721 1225 775 1268 nec
797 1217 894 1269 tamen
918 1207 985 1268 ideo
1009 1225 1109 1268 earum
1132 1208 1232 1268 teneri.
1261 1205 1339 1268 Saue
1362 1208 1435 1268 milri
1451 1225 1534 1272 mena

183 1293 256 1354 alibi
278 1311 337 1354 nnn
359 1305 423 1356 erat
443 1312 479 1354 sn
504 1295 532 1354 iu
552 1295 629 1369 loco,
653 1312 741 1370 quom
765 1297 795 1352 in
817 1296 963 1355 sumtibus
979 1312 1066 1372 parce
1089 1292 1232 1356 iacueris
1246 1301 1301 1355 etc.
1344 1293 1421 1372 Quid
1437 1312 1532 1372 quae·

181 1381 245 1442 risi
282 1381 346 1460 ligo
368 1381 494 1443 totidem
513 1383 609 1444 sentio
631 1382 775 1455 stimulos,
799 1385 918 1460 quoties
941 1391 973 1442 tu
998 1382 1045 1442 vei
1068 1389 1186 1459 tempus
1208 1397 1341 1458 excusse,
1366 1381 1413 1442 vel
1436 1399 1534 1460 quan·

183 1477 243 1528 tum
266 1469 297 1528 ιιι
319 1471 477 1530 crcusione
507 1470 687 1547 praestiteris
717 1485 860 1530 recenses.
906 1468 1014 1531 Obruta
1045 1487 1105 1530 ure·
1121 1485 1194 1530 sane
1222 1471 1312 1530 nlmlo
1341 1471 1397 1530 mei
1425 1469 1534 1546 studio,

182 1573 278 1634 neque
301 1555 415 1616 column
438 1557 467 1618 id
490 1573 617 1636 aequare
639 1557 766 1634 amplius
788 1575 908 1634 possum
910 1599 1017 1618 .....
1063 1557 1139 1618 Ecce
1162 1573 1251 1634 quam
1282 1572 1425 1634 operosus
1448 1575 1479 1619 es
1504 1561 1532 1618 in

182 1647 300 1722 negotio
322 1644 503 1705 mendorum.
547 1643 613 1704 llon
636 1661 702 1704 sum
725 1661 790 1721 ago,
814 1643 974 1706 ιιιιίιιιιιι
998 1645 1124 1706 Domine
1146 1644 1338 1721 Praeceptor,
1370 1663 1407 1705 ex
1430 1662 1531 1708 sorum

183 1747 314 1803 numero,
337 1734 397 1808 qui,
421 1734 477 1791 nisi
500 1731 672 1809 ephippiurn
695 1748 760 1792 cum
782 1749 860 1809 equo
883 1731 985 1806 dones,
1008 1749 1116 1810 equum
1139 1733 1250 1792 nodum
1273 1734 1453 1794 remittunt.“
1475 1765 1514 1780 -

290 1818 436 1896 Koplerus
467 1835 558 1896 quum
589 1817 684 1880 Gratti
714 1819 922 1896 instigantibus
949 1819 1107 1881 Nobilibus
1141 1819 1284 1898 Styriacls
1314 1822 1473 1899 incepisset
1500 1825 1531 1880 in

182 1905 373 1983 astrologiam
395 1907 571 1979 incumbere,
594 1905 753 1967 Maecilioo
775 1923 852 1966 anno
871 1912 964 1972 1598.
988 1907 1025 1968 de
1048 1906 1234 1985 asboiogicls
1255 1909 1318 1967 suis
1340 1911 1531 1986 opinionibus

183 1993 326 2054 rmnnullu
347 1996 463 2071 scripsit
493 2001 523 2056 ei
544 1994 618 2054 hoec
645 1992 774 2070 addiditr
806 1992 925 2070 Optime
953 2001 1138 2072 praeceptor,
1168 2011 1267 2055 ιιιιοιι
1296 2001 1375 2057 recto
1405 2014 1478 2074 ago,
1508 2000 1534 2056 si

185 2099 305 2160 opernm
327 2079 365 2143 do
387 2090 421 2142 ut
443 2080 536 2142 domis
559 2090 589 2141 et
610 2078 797 2159 pbilosophis
818 2085 906 2142 etism
935 2083 1135 2161 operationem
1166 2084 1241 2143 coeli
1271 2082 1465 2160 persuadeam
1489 2083 1536 2142 di-

184 2168 343 2232 stiuotam?
380 2171 447 2247 Ago
470 2172 571 2246 itaque
594 2179 626 2228 ut
648 2167 799 2244 Jesuitae,
830 2173 882 2247 qui
904 2168 997 2230 multa
1019 2167 1194 2242 emendant,
1219 2179 1252 2230 ui
1273 2170 1406 2232 homines
1430 2171 1537 2233 catlro·

183 2258 257 2326 licor
279 2258 397 2318 iaciant.
444 2256 507 2316 lmo
530 2273 587 2318 non
611 2257 655 2316 ita
675 2273 743 2334 ago,
766 2274 834 2316 nam
857 2259 908 2335 qui
931 2275 1032 2318 omnes
1059 2273 1155 2334 nugae
1185 2256 1360 2332 detendunt,
1390 2267 1459 2320 aunt
1480 2257 1537 2320 Je-

183 2347 267 2406 suit'rs
290 2343 410 2419 similes,
433 2361 489 2421 ago
512 2361 578 2404 sum
600 2343 786 2404 Lutberunus
809 2344 990 2422 astrologus,
1015 2347 1065 2421 qul
1089 2347 1175 2421 nugis
1197 2345 1323 2422 abiectis
1345 2347 1457 2408 retinen
1480 2363 1538 2406 uu·

185 2433 279 2494 cisum
281 2473 389 2495 .....
432 2429 513 2491 Nilrii
534 2431 636 2505 rejicio
659 2449 696 2492 ex
718 2431 887 2509 asboingin,
911 2441 1028 2510 praeter
1050 2433 1166 2492 inutilia
1188 2431 1327 2493 domuum
1344 2434 1536 2496 numeralium

186 2523 378 2610 ipstrumcots
400 2527 429 2579 ιι
452 2519 533 2580 iiiam
549 2527 733 2597 arrogantem
754 2522 1002 2597 praesumtionem
1024 2519 1061 2579 do
1083 2520 1205 2598 speciali
1220 2519 1428 2600 praedictione,
1451 2525 1537 2600 quasi

186 2625 273 2685 quem
295 2621 472 2686 suspensum
501 2607 537 2664 iri
565 2605 713 2682 dicamus,
745 2610 771 2668 ei
794 2624 853 2667 non
882 2625 977 2684 seque
1007 2605 1121 2668 coelum
1144 2605 1272 2683 generali
1301 2607 1357 2668 sub
1380 2609 1536 2688 complexu

185 2711 328 2772 aqumuru
349 2695 482 2773 pericula
503 2693 645 2754 deuorare
669 2696 771 2770 possit,
793 2702 846 2755 aut
868 2697 953 2773 quasi
977 2696 1170 2755 erraverimus
1192 2703 1315 2756 mortem
1338 2695 1427 2756 alicui
1451 2714 1538 2774 prae·

186 2783 326 2858 diceutes,
349 2784 401 2859 qui
424 2799 460 2844 eo
482 2790 612 2860 tempore
642 2782 806 2858 periculoso
830 2799 866 2842 ex
889 2782 991 2842 morbo
1015 2783 1062 2842 vlu
1095 2784 1198 2844 erasit.
1244 2781 1353 2858 Vides,
1384 2783 1457 2844 haec
1478 2801 1537 2844 noa

185 2870 224 2932 ad
245 2878 436 2943 contemtum,
458 2868 511 2930 sed
533 2868 571 2928 ad
593 2868 734 2930 bonorem
757 2871 847 2930 nostri
870 2868 981 2934 ordinis
1004 2869 1157 2946 pertinere

294 2956 365 3019 Jern
388 2957 459 3034 quid
481 2955 627 3035 Keplerus
656 2955 692 3018 da
718 2955 892 3018 difficillima
920 2973 976 3016 sua
1004 2960 1079 3016 iuter
1101 2955 1334 3017 Lutlreranorum
1365 2959 1538 3020 vexationes

186 3043 282 3106 Gratti
312 3043 495 3117 conditione,
532 3043 604 3121 quid
635 3043 672 3104 de
700 3043 850 3122 Tychouie
878 3053 913 3106 ut
933 3045 1060 3121 Pragam
1092 3045 1203 3104 veniret
1232 3045 1408 3105 invitatione
1443 3047 1537 3123 serip-

185 3134 270 3206 serit,
302 3132 373 3210 quid
404 3130 568 3192 destruite
598 3129 676 3210 apud
706 3132 788 3191 illum
810 3133 950 3210 inceptis,
982 3149 1057 3208 quas
1086 3130 1192 3192 deinde
1214 3149 1281 3192 oum
1309 3139 1475 3208 aegrotaret
1497 3131 1537 3192 ad

186 3219 377 3281 Maestlinum
400 3221 511 3280 miserit
534 3218 675 3298 epistolas
690 3221 910 3293 moestissimae,
934 3237 1023 3296 uuam
1046 3218 1181 3280 ardenter
1203 3235 1239 3280 ex
1263 3222 1374 3279 incerta
1396 3218 1537 3296 Pragenei

187 3315 267 3368 statu
290 3307 457 3385 'lubiugam
479 3309 508 3366 iu
530 3305 629 3368 aedem
653 3314 682 3366 et
704 3309 856 3368 certiorem
879 3316 909 3368 et
931 3305 1162 3384 manqnilliorem
1178 3305 1304 3367 voluerit
1326 3306 1482 3380 transtorri,
1507 3316 1537 3368 et

188 3397 217 3454 in
240 3396 386 3474 prioribus
415 3393 614 3456 voluminibus
644 3401 674 3452 et
700 3397 861 3473 praemissa
891 3396 992 3477 „vita“
1024 3394 1159 3474 pluribus
1189 3397 1388 3474 exposuimus.
1434 3393 1537 3472 Neque

187 3482 244 3543 boc
265 3483 383 3543 silentio
405 3491 452 3544 eet
480 3483 684 3561 praeteritum,
714 3499 790 3558 qnae
813 3500 832 3542 a
855 3491 955 3543 vetere
991 3489 1020 3542 et
1046 3484 1141 3542 amico
1169 3491 1200 3542 et
1225 3485 1365 3559 magistro
1397 3484 1538 3561 sperabat

188 3587 278 3647 quam
299 3587 402 3648 pamm
424 3569 532 3630 inerint
553 3568 679 3647 explete.
710 3567 795 3643 Quae
817 3568 883 3630 sola
903 3567 1080 3630 llacstlious
1103 3569 1141 3629 ad
1162 3569 1347 3630 miserabiles
1369 3569 1423 3631 ιιι
1436 3587 1538 3649 preces

188 3673 223 3718 ac
245 3657 383 3735 querelas
403 3655 554 3735 respondit
575 3655 697 3734 (1600),
720 3656 795 3717 haec
816 3663 885 3716 eunt
908 3657 1013 3717 verba:
1047 3653 1187 3738 „Utinam
1217 3657 1420 3736 prudentiores
1449 3666 1480 3718 et
1507 3660 1537 3716 in

187 3745 275 3806 rebus
297 3745 425 3824 politicis
447 3743 690 3820 intelligentiores
712 3761 802 3820 quam
824 3761 871 3804 mo
894 3743 1108 3817 consuluisses,
1139 3745 1190 3820 qui
1216 3761 1287 3806 rere
1313 3746 1467 3806 inlnntlsm
1488 3744 1538 3804 bio

49 3828 55 3836 “
188 3849 283 3894 ιιιιιι
306 3849 446 3909 agnosco.
475 3831 595 3892 Interim
614 3829 900 3912 turbulentissimum
923 3839 1007 3891 tunm
1029 3839 1059 3892 et
1081 3831 1270 3892 ecclesiarum
1294 3839 1456 3894 vestrarum
1472 3839 1538 3892 sta·

186 3927 248 3980 tum
270 3919 405 3997 lugemus
428 3927 457 3980 at
479 3917 692 3982 ardentissimis
720 3921 853 3998 suspiriis
877 3917 1094 3997 deploramus.“
1140 3917 1227 3994 Quod
1250 3935 1421 3999 responsum
1443 3921 1538 3979 omnis

185 4003 286 4068 solatii
308 4025 410 4086 erpere
432 4023 498 4068 cnm
514 4005 688 4068 llacsiliuus
710 4007 805 4067 amico
829 4005 967 4080 dedisset,
991 4023 1086 4084 usque
1105 4005 1143 4066 ad
1166 4023 1275 4066 annum
1290 4011 1376 4068 ’1606
1399 4000 1536 4066 diuturne

186 4096 324 4156 utebatur
345 4093 481 4168 silentio,
513 4095 650 4171 quamvis
672 4094 856 4154 amicissimis
879 4101 909 4153 et
930 4095 1113 4171 gravissimis
1134 4094 1234 4154 verbis
1256 4111 1323 4156 eum
1345 4093 1383 4154 ad
1405 4094 1537 4154 scriben-

186 4181 253 4242 dum
277 4181 442 4243 domaretur
461 4181 616 4260 Keplerus.
661 4179 711 4241 Sic
732 4199 810 4242 auno
829 4187 921 4242 1604.
943 4183 1059 4260 scripsit
1080 4181 1167 4242 hoec:
1193 4173 1287 4256 „ilum
1311 4189 1451 4259 perpetuo
1474 4189 1535 4252 tuo,

185 4267 343 4332 Macelline
364 4278 538 4348 praeceptor
559 4270 682 4348 optime,
712 4268 829 4330 silentio
858 4285 953 4330 meam
980 4267 1127 4330 scribendi
1157 4267 1339 4345 diligentiam
1365 4269 1454 4328 toties
1474 4269 1536 4344 iam

187 4359 416 4436 expugnaveris,
440 4355 548 4418 accidit
569 4355 641 4416 mibi
664 4363 771 4430 ιιιιιιι,
794 4355 874 4431 quod
897 4357 927 4414 ia
943 4354 1021 4416 bello
1035 4355 1268 4434 desperantibus,
1292 4363 1325 4416 nt
1346 4361 1428 4414 ιιιιι
1444 4357 1538 4432 magis

185 4447 379 4524 scriptoriam,
402 4451 515 4521 quatrio
537 4446 633 4504 minua
656 4443 785 4522 proficio,
810 4452 839 4503 st
862 4445 890 4501 io
915 4445 1055 4504 victoriae
1078 4449 1159 4520 parts
1181 4457 1298 4520 porram,
1320 4443 1447 4502 salutern
1470 4458 1535 4502 om·

184 4549 250 4594 uam
274 4533 439 4612 desperare.
485 4531 531 4592 Τι
554 4533 581 4591 ιι
603 4531 687 4592 iscris
710 4532 782 4591 meis
805 4527 928 4609 Optlcis,
951 4533 976 4590 ei
999 4530 1076 4592 lecta
1098 4531 1287 4606 conceptione
1310 4545 1378 4589 mea
1399 4527 1437 4590 de
1458 4547 1537 4591 nora

184 4619 271 4680 stella
293 4637 351 4680 nun
375 4619 553 4698 permoreris
575 4617 613 4679 ad
635 4617 834 4692 scribendum,
865 4625 897 4678 at
918 4617 1023 4678 saltem
1047 4617 1086 4678 ob
1107 4616 1136 4678 S.
1160 4614 1245 4674 Ocea.
1268 4614 1466 4692 Maiestatem,
1489 4619 1536 4680 cul

184 4715 269 4782 graia
291 4715 363 4769 eunt
384 4705 554 4782 hujusmodi
574 4707 684 4784 scripta
714 4721 849 4782 quaeque
872 4704 932 4784 Ipsi
961 4707 1044 4765 varia
1071 4702 1249 4778 conquisivi,
1280 4701 1392 4778 siquid
1413 4706 1535 4766 scribes.

184 4794 332 4856 Provocat
353 4793 394 4855 ad
416 4801 445 4854 te
468 4793 618 4866 Riielinne,
641 4793 726 4869 cnjus
750 4795 890 4871 scriptum
914 4793 976 4870 J‘am
1007 4793 1121 4869 aceepit
1141 4788 1203 4848 sua
1226 4786 1311 4851 (lass.
1333 4787 1433 4868 dial„
1454 4809 1537 4854 com-

183 4885 280 4946 muu'u
301 4883 378 4944 lrccc
392 4881 664 4944 methemaiicorurn
686 4886 733 4942 ιιι
746 4881 879 4957 ιιιιιιιι,
902 4897 992 4957 quam
1005 4895 1065 4940 nou
1079 4877 1224 4953 morigere
1240 4874 1412 4971 desertionis
1426 4881 1535 4946 ιιιιιιι
1619 4884 1622 4893 ’
