3516 5540
300 378 367 449 614
611 376 791 434 summarium
809 371 948 430 Halosin
965 371 1156 430 muamus
1173 369 1268 430 amulo
1283 371 1357 430 livi.

185 559 198 582 ‘
304 557 463 628 quiescente
483 556 512 610 iu
538 554 626 610 medio
651 552 770 610 uniuersi
788 551 852 610 Sole
870 552 934 620 (uon
958 550 1145 618 condiscam,
1171 567 1206 605 au
1225 551 1253 606 iu
1271 551 1325 606 hac
1348 548 1482 618 sphaerae
1498 543 1595 627 males,
1614 551 1641 600 ut

301 645 466 716 Gopernieus
485 642 634 699 secuudum
651 641 699 696 diu
717 648 854 710 receptam
873 640 1028 711 opinionem
1047 639 1166 696 aendsse
1183 639 1299 705 uidetur,
1317 653 1352 694 au
1364 639 1462 694 saltem
1479 637 1642 705 imaginariae

302 733 579 803 praesupponautur)‚
597 745 647 799 pro
666 735 727 784 rata
744 728 944 798 admiserimus,
963 744 1012 784 aen
1029 728 1139 784 tandem
1157 727 1307 783 secundum
1324 733 1446 782 noemam
1463 724 1643 796 hypothesium

303 820 461 877 coelestium
481 818 708 882 distributionem,
728 832 799 886 qnae
818 816 921 871 orbium
939 815 1092 871 tentarem
1112 815 1303 886 epieyelosque
1314 813 1387 870 tollit
1399 814 1563 882 Terramque
1574 812 1643 866 nibil-

249 904 253 916 '
299 909 406 963 ominus
425 907 453 961 in
472 912 567 961 eentm
585 905 705 960 uniuersi
723 904 864 974 quiescere
882 903 1039 974 permittit‘.
1079 903 1174 974 Tycho
1192 903 1263 959 hane
1287 917 1368 972 quam
1387 901 1454 956 dicit
1477 917 1553 957 suam
1568 901 1645 969 hypo·

300 994 419 1051 thesium
438 991 597 1050 coelestium
616 992 832 1047 distributionem
845 992 873 1046 iu
886 990 1158 1061 Progymnasmatum
1176 997 1255 1060 purte
1269 991 1364 1061 prima,
1382 1005 1417 1044 ex
1435 1004 1490 1058 qua
1505 989 1645 1058 praemissa

302 1082 494 1146 desumsimuu,
514 1081 548 1136 ad
568 1081 680 1136 Saturni
697 1087 803 1136 mutum
821 1085 911 1135 motus
929 1079 1064 1150 applicat,
1090 1079 1219 1148 ablegans
1239 1079 1350 1148 saepius
1366 1078 1485 1133 lectores
1504 1077 1539 1132 ad
1556 1075 1646 1132 librum

283 1168 509 1242 '„sequentem“‚
528 1169 562 1223 de
580 1169 702 1236 cometis,
720 1168 748 1223 in
767 1182 821 1236 qno
839 1168 1022 1222 astronomiae
1041 1166 1161 1221 cultores
1182 1166 1394 1236 „generaliorem
1412 1164 1549 1235 quandam
1567 1161 1646 1230 expli-

301 1258 452 1315 cationem¹⁴
475 1256 689 1326 deprehendant.
726 1256 804 1310 Hauc
822 1254 1014 1325 proposuimus
1033 1254 1159 1310 rol.vl1.
1180 1271 1208 1324 p.
1222 1255 1291 1324 285„
1310 1253 1357 1309 ubi
1376 1253 1564 1323 deprehendes
1583 1252 1648 1321 „ple

304 1346 409 1400 niorem
428 1343 652 1414 explicationem
674 1343 788 1412 differri3
815 1342 843 1397 in
860 1341 914 1397 fine
933 1342 1014 1396 etiam
1032 1343 1103 1410 libri,
1122 1343 1256 1411 adquam
1275 1342 1405 1396 lectorem
1423 1339 1536 1408 ablegat
1554 1339 1647 1408 Tycha,

304 1433 373 1488 haee
392 1431 539 1502 explicatio
558 1429 731 1486 desideratur
748 1444 836 1499 neque
854 1429 926 1483 alibi-
939 1429 1075 1486 iuveuitur
1090 1429 1162 1485 inter
1181 1429 1318 1498 Tyohonia
1338 1428 1449 1498 scripta.
1486 1429 1518 1482 lu
1536 1426 1648 1497 epistolis

300 1520 336 1577 ad
355 1519 611 1588 Rothmaunum‚
631 1525 771 1574 strenuum
786 1514 927 1586 capernioi
939 1516 1128 1585 defensorem.
1138 1517 1247 1586 saepius
1260 1516 1294 1570 ad
1307 1516 1382 1572 illam
1401 1531 1479 1570 auam
1491 1513 1649 1585 hypothesin

302 1610 387 1680 redit,
406 1609 505 1678 quibus
524 1608 710 1678 Coperuicana
726 1608 797 1662 ratio
815 1607 922 1665 laboret
940 1604 1091 1673 errombus,
1116 1603 1215 1673 quibus
1233 1619 1285 1658 sua
1301 1611 1424 1673 praestet
1447 1603 1592 1658 uirtutibm
1609 1601 1649 1655 de·

244 1749 254 1764 ,
301 1703 449 1762 monstrat,
472 1696 570 1752 iterum
592 1696 744 1764 iterumque
762 1694 911 1763 respiciens
928 1692 964 1748 ad
981 1691 1146 1762 locupletius
1168 1707 1252 1763 opus,
1275 1693 1349 1760 quod
1367 1707 1506 1761 nunquam
1524 1691 1552 1744 in
1569 1691 1650 1746 lucem

303 1784 415 1856 prodiit.
454 1783 662 1849 „Occasionem
681 1784 770 1852 iuquit
790 1783 856 1846 „has
874 1781 994 1836 rationes
1012 1781 1188 1836 construendi
1209 1797 1265 1834 non
1283 1779 1403 1835 desumsi
1421 1796 1455 1835 ex
1474 1779 1588 1835 inversis
1607 1778 1651 1832 Co

271 1863 275 1872 “
303 1871 471 1941 pernionum,
490 1887 583 1928 verum
602 1887 664 1927 oum
682 1870 933 1925 animaduertissem
958 1865 1051 1924 subtili
1070 1875 1097 1920 et
1115 1873 1245 1922 accurata
1266 1868 1472 1935 observatione,
1499 1865 1653 1937 praesertim

302 1975 374 2016 auno
391 1961 436 2018 82.
448 1959 551 2027 habita,
572 1961 686 2016 Martem
705 1958 897 2029 acrouyobium
910 1959 1001 2012 Terris
1013 1956 1168 2026 propiorem
1180 1955 1239 2009 lieri
1257 1956 1317 2024 ipso
1336 1955 1408 2024 Sole,
1427 1961 1456 2012 et
1473 1955 1510 2009 ob
1528 1954 1556 2008 id
1568 1952 1654 2007 Ptole·

302 2047 404 2104 maican
423 2047 470 2102 din
486 2053 615 2117 receptas
634 2045 801 2118 hypotheses
826 2051 954 2101 constare
978 2061 1033 2100 nou
1057 2061 1152 2116 posse;
1175 2051 1295 2100 cometas
1320 2045 1433 2114 insuper
1452 2044 1542 2099 motui
1559 2043 1654 2096 Terrae

302 2149 393 2190 annuo
411 2149 466 2190 uon
484 2132 561 2188 reddi
579 2133 728 2200 obnoxios,
754 2134 877 2203 quamuis
903 2133 977 2191 haud
995 2134 1023 2187 in
1041 2137 1147 2188 tantum
1173 2133 1288 2201 distent,
1314 2141 1346 2189 ut
1362 2133 1446 2203 plane
1463 2134 1486 2188 is
1505 2133 1654 2196 evanescat,

304 2221 517 2290 Cepernicanam
540 2209 650 2291 quoque
671 2220 865 2276 assumtionem
890 2219 1080 2276 collabeflerit.
1116 2217 1214 2276 Porro:
1243 2222 1320 2286 „Non
1344 2227 1446 2274 temere
1470 2219 1522 2275 has
1541 2219 1656 2273 rationes

303 2292 422 2375 condidi,
441 2309 490 2365 aed
507 2309 597 2378 ipsum
621 2325 665 2364 rue
683 2305 789 2364 co‘elum
813 2308 853 2362 ita
870 2309 904 2364 de
922 2323 952 2362 aa
971 2309 1072 2363 sentire
1091 2307 1210 2363 docuit.l
1248 2311 1325 2373 Quas
1344 2308 1427 2376 objici
1449 2308 1543 2362 solent
1561 2308 1656 2374 Cuper-

302 2398 364 2454 nico
384 2396 492 2467 repetit,
512 2413 536 2452 a.
555 2414 581 2467 g.
601 2396 720 2465 lapidem
737 2413 755 2450 a
766 2401 842 2450 turre
859 2395 1014 2464 demissum,
1034 2395 1152 2465 spatium
1169 2395 1240 2451 inter
1253 2395 1399 2450 Saturnum
1417 2403 1445 2451 et
1461 2396 1533 2450 fixas
1551 2395 1657 2449 immen-

303 2501 373 2554 sum,
392 2485 505 2554 globum
523 2485 642 2540 ferreum
661 2491 796 2540 tormento
815 2482 988 2538 bombardico
1007 2497 1102 2538 versus
1121 2483 1252 2539 orientem
1272 2490 1299 2538 et
1316 2499 1444 2540 occasum
1457 2484 1587 2540 emissum
1601 2481 1657 2546 (cfr.

303 2573 359 2630 vol.
379 2573 428 2628 111.
447 2588 476 2641 p.
494 2573 568 2640 tea).
605 2569 736 2640 Magnum
755 2569 867 2638 insuper
884 2585 946 2626 esse
964 2577 1153 2640 argumentum
1172 2571 1337 2628 infirmitatis
1359 2572 1544 2627 assertionum
1564 2571 1658 2637 Caper

304 2661 471 2730 mennatum,
489 2660 562 2730 quod
582 2659 799 2715 eocauuicitates
812 2658 910 2712 Martis
928 2663 957 2712 et
970 2659 1084 2714 Veneris
1101 2659 1187 2715 multo
1205 2660 1286 2714 aliter
1303 2675 1333 2715 se
1350 2657 1476 2730 habeant,
1496 2673 1581 2729 quam
1598 2655 1659 2710 illac

303 2750 457 2820 postulent,
481 2747 546 2804 dum
572 2746 769 2817 „perminima
795 2745 892 2801 dubias
917 2745 1209 2815 experimentationes“
1236 2747 1405 2818 a'l’ychone
1430 2746 1606 2816 deprehensa
1627 2745 1659 2798 sit

184 2867 187 2886 ι
303 2839 401 2894 Martis
424 2837 612 2892 ecoentricitas
636 2835 732 2890 eadem
754 2834 827 2904 iera,
850 2847 931 2903 quam
950 2832 1124 2890 Ptolemaeus
1146 2833 1187 2888 illi
1205 2834 1368 2901 attribuerit,
1391 2833 1435 2888 uel
1453 2833 1549 2902 potins
1567 2833 1660 2900 maior,

303 2939 385 2995 quam
404 2924 571 2995 Oopernicua
593 2922 735 2993 aliquanto
759 2920 892 2975 minorem
918 2935 948 2976 sc
966 2921 1139 2977 adinvenisse
1163 2919 1348 2976 affirmaverit.
1380 2921 1445 2986 ⁴„De
1468 2919 1573 2989 quibus
1595 2919 1660 2973 alias

226 3069 228 3083 y
300 3013 360 3068 Deo
378 3011 488 3066 volente
512 3011 621 3067 latius.l
657 3010 717 3064 Hae
739 3007 829 3064 decies
853 3009 970 3076 repetita
992 3008 1172 3077 promissione
1197 3009 1353 3079 Tyohonem
1377 3025 1432 3064 nou
1458 3008 1574 3062 stetisse
1599 3023 1661 3062 oon·

302 3104 373 3165 stat3
404 3113 515 3153 eausam
537 3113 592 3151 uon
616 3095 818 3152 demonstratae
836 3095 1020 3166 hypotheseos
1040 3096 1213 3166 Tyohonicae
1230 3097 1367 3166 Keplerus
1390 3097 1474 3152 refert
1491 3094 1660 3151 luculentam

229 3221 233 3232 .
303 3183 333 3238 iu
352 3183 558 3240 Commentariis
578 3183 612 3238 de
629 3183 750 3240 motibus
768 3183 866 3240 Martis
886 3183 952 3252 (vol.
970 3183 1021 3238 111.
1040 3200 1069 3254 p.
1087 3181 1175 3255 173),
1199 3185 1311 3240 nimium
1333 3182 1513 3254 complicatos
1539 3183 1662 3254 planata-

302 3287 363 3326 rnm
381 3278 471 3324 motus
489 3271 543 3326 hac
562 3273 669 3326 ratione
687 3272 747 3328 lieri
764 3272 965 3328 demonstrans.
990 3273 1061 3326 Num
1073 3271 1168 3340 Tycha
1187 3271 1343 3341 licplerum,
1363 3285 1398 3325 ex
1418 3271 1606 3338 „Prodromot
1626 3270 1663 3323 iu·

303 3359 412 3429 genium
426 3361 538 3428 juvenis
556 3361 591 3416 ad
609 3361 742 3417 altissima
760 3361 887 3416 enitentis
913 3373 1089 3430 cognoscens,
1108 3359 1182 3414 bunc
1199 3359 1227 3414 in
1245 3357 1326 3414 linem
1342 3359 1378 3414 ad
1396 3373 1427 3413 se
1444 3373 1554 3428 suaque
1574 3357 1664 3414 studia

306 3446 488 3516 advocaverit,
507 3448 689 3504 strationem
708 3462 786 3502 suam
805 3447 839 3502 de
856 3447 1028 3516 planetarum
1045 3445 1163 3500 motibus
1182 3445 1348 3514 emendaret,
1367 3459 1422 3498 uon
1434 3460 1485 3513 pro
1499 3453 1581 3501 certo
1593 3443 1665 3498 ailir·

302 3547 377 3590 mare
389 3533 484 3604 ausim
499 3533 548 3589 sed
560 3534 647 3603 ipsius
659 3533 796 3606 Tyohonia
810 3534 892 3589 rerba
904 3535 960 3588 tale
973 3535 1038 3602 quid
1051 3533 1204 3602 siguificare
1216 3532 1350 3603 videntur,
1368 3533 1531 3589 scribentis:
1554 3533 1666 3598 „hortor

304 3627 336 3675 ut
354 3621 403 3677 des
421 3636 540 3691 operam,
559 3629 590 3676 ut
608 3622 695 3678 simile
714 3622 779 3690 quid
798 3621 899 3678 uostris
918 3620 1117 3691 hypothesibus
1137 3621 1277 3691 applicare
1301 3621 1408 3691 possist
1429 3620 1496 3690 (col.
1518 3623 1543 3678 1.
1562 3639 1591 3692 p.
1612 3621 1666 3688 11),

305 3709 376 3764 siout
393 3709 476 3764 aiam
493 3709 629 3778 Keplerus
647 3709 714 3778 (rol.
733 3710 783 3764 lll.
802 3727 829 3780 p.
851 3711 914 3778 193)
932 3709 1071 3765 morientis
1091 3710 1228 3788 Tyohoms
1252 3711 1337 3765 verba
1354 3709 1446 3774 atlon,
1472 3711 1601 3779 peremis
1622 3716 1666 3774 „ut

305 3796 333 3850 in
352 3811 404 3853 sua
421 3795 568 3865 hypothesi
586 3797 677 3852 omnia
695 3797 948 3853 demonstraremt..

408 3882 540 3940 Munus
558 3885 593 3940 ad
606 3883 744 3955 Tyohonia
763 3873 847 3939 libros
866 3883 901 3940 de
912 3900 983 3940 noua
995 3882 1082 3939 stella.
1116 3884 1356 3954 „Magnitudinem
1376 3883 1468 3939 lumen
1481 3891 1512 3940 et
1525 3888 1665 3944 coloremt

305 3972 403 4030 stassae
422 3970 609 4038 considerans,
628 3969 779 4039 praemittit
796 3969 824 4024 in
843 3970 935 4026 libello
954 3972 1037 4040 priori
1056 3971 1190 4040 quaedam
1203 3972 1238 4027 de
1250 3971 1364 4028 lixarum
1379 3973 1584 4042 magnitudine,
1604 3991 1668 4044 qna·

304 4077 366 4116 rum
387 4057 523 4114 maximae
544 4057 608 4125 plus
630 4072 712 4125 quam
733 4059 835 4112 centies
859 4058 1003 4128 quinquies
1026 4059 1137 4114 Terram
1160 4059 1347 4127 magnitudine
1371 4061 1523 4132 excedaut3
1558 4063 1668 4119 stellam

305 4163 403 4204 noram
420 4144 498 4200 initio
522 4141 601 4211 „plus
619 4144 740 4198 centanis
763 4145 867 4200 vicibus
890 4147 986 4202 molem
1006 4147 1108 4201 Terrae
1130 4148 1308 4203 excessisset.
1346 4149 1449 4206 Lumen
1474 4151 1581 4208 stellae
1607 4168 1670 4210 esse

305 4250 374 4307 prae
392 4233 492 4290 ostede
510 4230 651 4298 fulgidum,
674 4237 721 4296 „ut
737 4231 772 4286 ab
791 4233 929 4302 aliquibus
947 4235 975 4288 in
993 4235 1070 4290 initio
1088 4221 1171 4290 ¹etiam
1185 4235 1268 4304 juxta
1279 4236 1400 4292 meridiei
1413 4245 1526 4307 tempus
1541 4257 1671 4304 nonnun-

305 4342 389 4394 quam
407 4324 590 4378 cernereturt.
622 4319 733 4373 Stellam
752 4319 914 4375 scintillssse
932 4327 963 4375 ut
980 4323 1099 4391 reliquas
1116 4321 1198 4392 fixas3
1224 4323 1259 4378 ab
1277 4322 1355 4377 initio
1373 4324 1549 4397 albicantem,
1571 4335 1672 4398 postea

200 4451 204 4456 -
307 4412 468 4468 rutilantem
486 4407 656 4478 apparuisse,
681 4407 713 4460 lu
730 4407 979 4477 Progymnasmatis
997 4409 1120 4480 legimus,
1138 4411 1246 4466 stellam
1263 4427 1361 4467 novam
1377 4412 1456 4467 initio
1468 4411 1574 4472 Jorem
1594 4432 1671 4473 scro-

308 4501 434 4570 uyohium
457 4496 556 4553 risibili
573 4495 726 4566 quantitate
744 4509 900 4564 superasse,
924 4497 1070 4552 Nouembri
1087 4498 1187 4556 Veneri
1210 4511 1357 4569 aequasse,
1383 4500 1532 4557 Decembri
1552 4504 1671 4574 Jori,a

308 4584 439 4642 Jauuario
450 4587 480 4642 in
490 4584 620 4642 Martium
636 4583 711 4640 1573.
729 4583 812 4652 paulo
824 4585 955 4638 minorem
967 4587 1128 4656 apparuisse
1140 4586 1217 4655 Jove,
1230 4593 1328 4656 postea
1340 4587 1426 4643 stellis
1439 4579 1549 4658 primae
1563 4596 1672 4664 magni·

308 4672 420 4738 tudinis,
438 4672 616 4744 sequentibus
633 4669 772 4726 mensibus
790 4670 877 4726 stellis
896 4671 1045 4738 secundae,
1068 4673 1142 4728 Julio
1161 4681 1188 4727 et
1205 4677 1329 4743 Augusto
1347 4676 1446 4732 tertiae
1463 4681 1672 4748 magnitudinis

309 4761 463 4827 quantitate
479 4777 573 4830 parem
591 4759 686 4816 titisse.
724 4759 769 4813 Sic
785 4758 918 4828 parmam
937 4759 1067 4814 minorem
1085 4762 1184 4816 factum
1202 4777 1297 4818 mense
1310 4763 1411 4819 Martio
1430 4765 1494 4818 aunt
1510 4769 1587 4824 1574
1607 4785 1672 4825 cou-

310 4845 380 4932 spioi
395 4845 509 4906 dedus
526 4863 640 4934 prorsus
659 4847 782 4910 desisse.
812 4847 856 4908 De
874 4847 1068 4908 Maeona
1085 4853 1114 4904 et
1130 4849 1268 4914 coloribus
1286 4851 1382 4915 mem
1400 4849 1447 4908 hio
1457 4851 1550 4913 refert
1562 4857 1671 4934 tycho,
