3612 5538
324 453 391 528 tas
839 457 1172 529 vmrnnsnmstet.

326 637 493 700 didstcronr
514 636 717 714 defenderem,
739 636 799 700 ssd
828 640 917 700 snam
945 645 1112 700 assumtam
1140 637 1370 718 disputationem
1397 639 1435 702 ds
1463 648 1547 704 motu
1574 643 1679 720 primo,

276 756 282 769 ·
326 725 528 804 qoodusrrse
551 725 704 790 volutione
718 725 841 800 accidat,
865 723 1106 790 conamihersm.“
1138 727 1290 804 cogitem
1312 745 1345 788 se
1364 731 1458 806 inanit
1479 730 1557 792 hano
1570 729 1680 792 Terrae

326 814 508 875 volutionem
536 831 572 873 cx
603 813 733 892 physicis
766 821 838 894 „ant
867 817 893 876 sl
919 816 1028 888 mavis,
1050 815 1280 895 morsphystctst‘
1310 815 1517 880 demonstrare.
1568 817 1681 878 Eadem

231 918 235 923 ’
325 901 425 966 studia
449 901 485 962 de
507 901 664 962 Platonica
685 907 716 960 et
738 900 937 980 Pythagorica
958 901 1146 980 philosophia
1169 901 1265 964 Gratii
1290 919 1411 980 quoque
1432 904 1589 983 diligenter
1610 914 1681 966 sunt

325 992 508 1064 coodunata,
531 990 584 1050 ubl
607 988 643 1050 de
666 1005 785 1050 munere
799 988 845 1054 ,ad
870 990 1037 1052 tractandas
1051 1007 1122 1050 suaa
1137 993 1326 1068 quaestiones
1340 995 1413 1052 satis
1435 996 1575 1070 temporis
1589 993 1680 1054 rolin·

324 1079 485 1155 quehatur3
509 1077 619 1153 quihus
640 1075 746 1136 studiis
768 1075 806 1136 ad
829 1076 858 1135 id
873 1076 1019 1156 Keplerus
1034 1078 1179 1138 adductus
1194 1086 1248 1154 est,
1271 1087 1304 1139 ut
1325 1096 1383 1140 non
1406 1080 1494 1142 modo
1516 1080 1596 1143 clare
1611 1099 1680 1158 per-

324 1167 467 1244 spiceret,
497 1172 679 1242 quantopere
711 1166 800 1224 ctiam
830 1163 922 1228 multo
950 1174 1018 1244 post
1039 1165 1233 1243 Copornicom
1265 1166 1452 1248 philosophis
1481 1169 1680 1242 Aristotelian,

324 1269 402 1330 uuas
424 1259 559 1328 regnaret
573 1251 647 1326 sola,
671 1251 844 1328 disciplinae
860 1254 1028 1332 procedenti
1044 1255 1199 1326 obstiterit,
1222 1255 1376 1316 sedetiam
1398 1257 1472 1316 satis
1494 1255 1681 1334 intelligeret,

325 1340 518 1418 Copsrnicum
542 1339 703 1400 domninam
726 1356 810 1400 suam
826 1341 853 1399 in
869 1340 1056 1418 Pythagorae
1078 1359 1236 1417 eorumque
1252 1345 1302 1418 nui
1318 1341 1504 1420 Pythagorae
1527 1360 1681 1404 succens-

324 1431 383 1488 rint
405 1426 594 1506 philosophia
609 1426 778 1490 fundavisse
793 1434 823 1488 et
844 1429 1032 1492 exstruxisse.
1070 1427 1119 1492 Sic
1140 1431 1296 1505 imaginem
1311 1429 1464 1492 Prodrcmi
1478 1431 1639 1505 (volumini
1654 1431 1679 1492 l.

323 1510 472 1594 additsm)'
500 1515 656 1594 sphaeram
693 1512 763 1574 rlioit
801 1514 994 1593 planetariam
1028 1515 1472 1597 „coperntmpytnsgersesm“.
1516 1517 1680 1595 Postquam

324 1611 426 1664 autom
449 1605 539 1662 variis
562 1603 658 1664 modis
681 1610 805 1682 oportue
827 1611 880 1678 est,
903 1605 1087 1682 planetarum
1108 1607 1139 1664 tn
1160 1605 1294 1666 cursibus
1317 1614 1346 1665 et
1360 1607 1489 1667 motihru
1510 1607 1680 1682 mansita-

323 1699 384 1757 tem
405 1689 555 1767 quandam
578 1697 608 1752 et
629 1690 813 1762 harmoniam
835 1693 1025 1766 constituere,
1056 1693 1099 1752 ita
1120 1692 1238 1768 quidem
1262 1701 1294 1752 ut
1316 1691 1390 1753 dnus
1415 1693 1549 1771 planetas
1573 1709 1679 1768 nones,

325 1795 422 1856 „nuos
445 1778 520 1838 iorts
544 1777 582 1837 ob
605 1777 765 1840 exilitatem
788 1795 847 1838 non
865 1779 1060 1852 'rideamus“,
1083 1777 1205 1840 alteram
1228 1783 1303 1842 iatar
1324 1781 1503 1842 Mercurium
1525 1789 1555 1842 et
1579 1780 1681 1842 Vene-

324 1884 395 1946 rem,
420 1868 495 1926 inter
516 1864 644 1926 Martem
667 1872 697 1926 ct
718 1863 829 1926 Joveru
851 1865 976 1928 alteram
998 1865 1199 1941 interpolaret,
1222 1869 1328 1930 turam
1350 1869 1626 1945 Pythagoreosrum
1649 1873 1679 1928 in

303 1957 455 2015 ¹animum
478 1953 542 2029 ejus
565 1953 656 2014 subiit
670 1952 811 2028 doctrina,
835 1971 912 2031 onas
928 1971 1051 2034 corpora
1064 1957 1194 2032 quinquo
1208 1955 1354 2031 regularia
1376 1971 1442 2016 euru
1464 1958 1557 2034 ipsius
1577 1958 1679 2016 mnndi

323 2048 470 2104 suunturs
493 2046 522 2100 st
544 2041 775 2102 conformatione
798 2049 992 2104 connecteret.
1025 2041 1198 2118 „Cosmica“
1215 2041 1338 2106 Proolus
1362 2061 1397 2104 oa
1419 2044 1496 2104 dixit
1515 2043 1681 2121 eodemque

325 2135 445 2190 auctore
470 2128 622 2204 ,Euclidis
651 2131 813 2204 geometria
840 2131 979 2191 univorsa
1001 2129 1199 2208 Pythagorica
1230 2139 1277 2192 est
1302 2138 1333 2194 et
1353 2130 1466 2194 directa
1494 2134 1681 2210 inquinans

324 2216 502 2294 regularium
525 2217 708 2278 schematum
730 2212 957 2294 cognitionem“.

430 2303 497 2378 Qua
519 2301 557 2366 de
579 2321 634 2366 sua
655 2306 848 2380 cogitatione,
872 2304 946 2366 haee
967 2305 1099 2381 quinquo
1121 2303 1272 2366 schemata
1295 2303 1441 2382 regutaris
1461 2307 1557 2384 ipsius
1578 2303 1681 2372 mandi

323 2390 515 2456 fundamenta
537 2398 567 2452 et
597 2391 779 2454 eruditiones
808 2391 945 2471 ponendi,
976 2395 1040 2470 ipse
1067 2389 1139 2454 dicit
1165 2391 1253 2454 haece
1288 2392 1339 2468 „st
1355 2395 1437 2470 .qnis
1458 2393 1681 2472 philosophicas

325 2481 398 2542 istas
425 2481 554 2540 rationes
583 2480 646 2540 sine
673 2480 837 2542 rationibus
866 2488 896 2541 et
924 2479 989 2542 solo
1017 2481 1078 2542 risu
1108 2482 1241 2558 excipere
1271 2487 1361 2557 stoue
1391 2479 1511 2541 eludere
1543 2480 1680 2556 voluerit,

324 2573 481 2646 propterea
495 2565 576 2643 quod
591 2583 687 2640 noras
701 2567 790 2630 mmo
805 2569 861 2628 suh
874 2569 961 2630 linem
978 2566 1152 2641 seculorum,
1176 2570 1341 2628 tacentibus
1364 2567 1569 2646 philosophiae
1591 2569 1682 2629 lomi·

323 2655 413 2716 nibus
436 2655 575 2733 antiquis,
600 2652 807 2734 philosophica
826 2659 887 2718 tsts
909 2655 1063 2732 proieram,
1086 2655 1131 2714 illi
1152 2673 1208 2732 ogo
1228 2655 1345 2727 ducem,
1368 2663 1517 2718 auctorem
1540 2663 1571 2716 et
1593 2675 1681 2734 pras·

324 2749 550 2806 monstraturum
580 2759 616 2802 er
644 2745 850 2821 antiquissimo
878 2743 979 2802 seculo
1007 2743 1150 2820 proterant
1173 2743 1386 2821 Pythagoreus,
1417 2744 1502 2819 cujns
1532 2744 1630 2806 mults
1651 2749 1679 2804 in

326 2829 437 2892 scholis
459 2831 579 2902 mentio,
604 2830 694 2907 qaod,
717 2847 783 2890 cum
798 2833 1007 2909 praestantiam
1031 2830 1142 2893 videret
1157 2833 1288 2907 quinquo
1303 2847 1465 2908 corporum,
1488 2831 1578 2891 simili
1595 2833 1682 2910 plaas

323 2918 438 2982 ratione
462 2925 532 2978 aute
548 2918 595 2978 bis
610 2916 692 2978 mille
706 2935 809 2992 annos,
833 2935 893 2994 qna
914 2935 994 2978 nuuc
1015 2935 1080 2995 ego,
1097 2919 1243 2978 creatoris
1266 2936 1336 2980 nura
1360 2935 1418 2980 non
1441 2918 1594 2995 indtgnnrn
1610 2937 1682 2980 cen·

324 3007 417 3070 tuerit
438 3004 478 3065 ad
500 3003 551 3066 illa
573 3009 726 3082 respicere,
750 3013 839 3084 atque
861 3006 948 3066 rebus
971 3006 1184 3066 mathematicis
1207 3005 1329 3084 physice
1358 3015 1388 3068 et
1411 3024 1447 3068 ea
1469 3023 1526 3066 sua
1546 3007 1682 3082 qualibet

324 3094 506 3171 proprietate
529 3091 728 3154 accidentaria
749 3095 870 3154 censitis
891 3111 937 3153 res
959 3109 1018 3154 uon
1041 3093 1263 3156 mathematicas
1286 3093 1561 3156 accommodaverit.
1606 3094 1682 3156 Ter·

325 3198 388 3243 ram
419 3180 496 3242 enirn
519 3180 596 3239 cubo
619 3181 841 3258 aequiperavit,
873 3183 943 3256 qnia
969 3181 1085 3242 stabilis
1114 3189 1249 3257 uterque,
1281 3179 1365 3242 coelo
1393 3180 1566 3242 icosaiidron
1590 3180 1680 3255 dedit,

327 3270 398 3344 quis
412 3275 568 3344 unumque
585 3265 725 3341 volubile,
747 3271 808 3344 lgnl
824 3267 986 3346 pyramide,
1009 3271 1081 3344 qaia
1102 3267 1319 3330 haecrolaotis
1341 3269 1460 3345 igniculi
1483 3269 1587 3342 forms,
1610 3269 1681 3332 reli·

326 3371 387 3431 qua
410 3354 469 3416 duc
493 3371 616 3433 corpora
646 3355 722 3416 iuter
744 3359 842 3418 adrem
864 3365 895 3417 et
916 3373 1024 3432 aquam
1052 3355 1215 3428 distribuit,
1246 3363 1363 3434 propter
1388 3356 1514 3418 similem
1543 3359 1681 3432 utrinam

327 3459 393 3504 eam
422 3443 527 3504 vicinis
556 3444 770 3520 cognationem.
816 3443 876 3506 Sed
904 3446 980 3504 enim
1005 3443 1183 3522 Copornions
1214 3443 1257 3502 illi
1287 3445 1351 3503 viro
1381 3443 1485 3518 deluit,
1516 3448 1567 3520 qui
1599 3447 1681 3522 prius

327 3529 399 3606 quid
421 3538 500 3590 esset
521 3529 551 3590 in
573 3531 683 3592 mundo
706 3531 829 3606 discreto
860 3531 974 3607 absquo
996 3549 1031 3592 eo
1054 3547 1113 3594 non
1134 3533 1251 3604 luisset,
1282 3529 1404 3594 dahiom
1434 3549 1493 3592 non
1516 3540 1579 3605 est,
1610 3535 1681 3610 qaia

328 3632 419 3694 qnare
443 3623 520 3677 esset
542 3621 717 3692 invenisset,
747 3627 838 3696 etque
868 3619 942 3680 haee
968 3619 1116 3682 coelorum
1144 3619 1294 3697 proportio
1323 3626 1385 3680 tarn
1407 3627 1479 3680 nota
1500 3635 1578 3680 nuno
1603 3627 1682 3683 esset

326 3721 415 3782 quam
437 3706 504 3784 ipsa
526 3708 656 3783 quinque
679 3723 826 3784 corpora„
846 3715 907 3770 tam
936 3707 1006 3768 item
1028 3714 1147 3785 recepta
1177 3721 1265 3784 qastn
1288 3703 1346 3768 hoo
1367 3716 1531 3786 temporum
1555 3706 1679 3768 decursu

326 3791 454 3857 invalui
475 3792 529 3854 illa
551 3792 587 3855 de
610 3792 689 3855 Solis
712 3803 794 3857 motu
817 3794 912 3872 deque
935 3797 1034 3870 quiete
1056 3793 1183 3856 Telluris
1205 3795 1337 3872 opinio.“

428 3879 538 3944 Rsroru
553 3889 652 3944 autern
668 3899 783 3945 summa
799 3890 869 3955 orat,
893 3882 967 3944 haee
982 3884 1111 3960 quinquo
1126 3897 1248 3960 corpora
1269 3884 1312 3944 sio
1335 3883 1409 3943 inter
1424 3880 1559 3959 planetas
1580 3881 1681 3943 distri·
1787 3923 1788 3926 ,

325 3969 386 4043 ltui,
410 3974 443 4028 ut
472 3984 573 4029 eornm
601 3968 798 4032 dimensiones
811 3987 893 4032 ,cam
921 3970 1104 4048 planetarum
1134 3969 1281 4030 distantiis
1304 3976 1505 4047 congruerent.
1546 3969 1680 4048 hoagaar

325 4064 370 4118 est
392 4055 514 4134 Keplerl
542 4071 644 4118 omnes
673 4057 729 4118 has
756 4057 951 4133 cogitationes
980 4056 1199 4135 metaphyslcss
1227 4060 1380 4136 persequi,
1413 4073 1537 4134 amram
1561 4075 1620 4135 ops
1642 4058 1681 4118 sd

325 4143 402 4206 hano
424 4143 659 4206 distributionem
682 4146 823 4222 persenit.
870 4145 963 4206 Nobis
985 4153 1032 4206 sat
1053 4153 1100 4206 nst
1120 4147 1217 4223 ipsum
1244 4145 1377 4208 libellum
1407 4143 1544 4206 admisse
1571 4153 1603 4206 et
1625 4147 1681 4206 hon
1723 4199 1727 4204 .

325 4231 441 4308 addere,
464 4231 624 4310 Koplerutn
647 4249 769 4310 corpora
791 4235 834 4292 sie
850 4233 1048 4306 distribuisse,
1070 4241 1104 4292 ut
1125 4231 1201 4294 radii
1216 4233 1370 4309 globorum
1392 4240 1423 4293 et
1443 4235 1474 4295 in
1495 4233 1532 4292 iis
1548 4233 1682 4312 descrip-

324 4328 421 4383 torum
444 4326 473 4381 ot
496 4322 631 4382 circaea
653 4321 935 4400 circumscriptorum
958 4337 1023 4382 oum
1046 4320 1238 4399 planetarum,
1261 4323 1375 4398 corpori
1396 4321 1504 4396 cuique
1519 4322 1682 4382 attributo·

324 4425 399 4482 rum,
421 4409 558 4470 maximis
580 4415 610 4470 et
632 4407 759 4470 minimis
781 4407 938 4483 distantiis,
961 4409 1068 4485 quales
1081 4408 1261 4486 (inperciens
1283 4416 1436 4483 statuerat,
1459 4407 1681 4484 quodammodo

325 4503 525 4572 congruerent.
571 4495 758 4559 Differentiae
786 4502 903 4568 sutem,
933 4513 1010 4572 qaae
1038 4498 1112 4556 inter
1135 4496 1351 4574 Copsrnicancs
1381 4504 1412 4557 et
1441 4513 1512 4558 snos
1542 4512 1681 4558 numeros

325 4580 553 4656 intercederent,
576 4582 614 4643 ad
637 4582 717 4644 illius
738 4585 769 4642 in
791 4583 993 4644 ratiocinando
1016 4584 1230 4660 indiligentiam
1252 4584 1546 4646 conservationem
1569 4586 1680 4662 impar-

324 4671 480 4732 iectionem
503 4671 627 4734 reduxit.
667 4671 840 4752 „Oopsrnioi
864 4671 1007 4734 inteutans
1031 4673 1061 4732 ia
1083 4674 1264 4732 astronomia
1286 4679 1428 4745 versatur,
1450 4671 1507 4732 hoc
1522 4677 1567 4732 ast
1582 4680 1680 4732 ahons

326 4759 459 4819 nonnihil
482 4761 516 4820 iu
540 4775 639 4820 veram
661 4759 777 4820 orbium
798 4761 1017 4837 proportionem
1046 4768 1149 4837 peccet
1178 4777 1280 4840 parum
1303 4760 1361 4837 ipsi
1390 4775 1477 4820 curae
1500 4767 1559 4833 est,
1590 4758 1680 4821 mode

325 4862 463 4908 numeros
485 4863 522 4906 or
544 4845 802 4910 observationibus
823 4860 875 4908 eos
897 4849 1072 4922 constituat,
1099 4850 1151 4924 sai
1172 4850 1232 4909 sint
1255 4846 1294 4910 sd
1316 4845 1559 4908 demonstrandos
1579 4855 1681 4911 motas
1719 4915 1721 4920 Α

325 4931 567 5019 phaetsrsmqus
589 4933 656 5029 lota
670 4934 877 5022 computanda,
899 4943 1042 5016 ansatum
1065 4934 1129 5000 tisri
1149 4937 1258 5019 potuit,
1279 4933 1405 5002 muime
1427 4932 1518 5019 apd.l
