3624 5554
224 343 229 360 ¹
280 384 345 466 650
593 393 771 452 Summadum
788 393 926 454 Historiae
942 396 1132 458 astronomiae
1149 394 1243 454 seculo
1260 395 1335 454 xvi.

280 573 409 638 uomicas,
428 570 463 627 de
480 571 695 628 resolutionibus
715 573 819 630 orbium
839 572 998 629 coelestium
1017 573 1053 629 ad
1070 573 1247 630 imitationem
1266 572 1415 629 Ptolemaei
1432 565 1630 643 ec'ooposnict,

280 657 388 714 tabulas
406 666 528 714 motuum
541 659 699 714 coelestium
717 667 771 717 etc.
801 662 833 715 In
845 660 932 716 literis
950 661 985 716 ad
1002 647 1125 716 senatum
1138 661 1339 728 Tubingensem
1351 661 1422 716 datis
1434 661 1517 716 refert
1528 663 1630 716 Maesa

280 747 360 815 linus,
379 746 486 801 tabulas
504 744 559 802 huc
577 763 665 817 usque
683 749 800 804 usitatas
817 749 896 804 inniti
914 746 1150 808 observationibus
1173 749 1262 814 falsis,
1285 763 1320 803 ne
1338 745 1496 804 Proten'icas
1521 749 1631 818 quidem

279 836 446 905 apparentis
466 836 635 905 satisfacere,
660 837 699 892 ita
717 844 748 891 ut
765 853 790 890 r.
809 853 832 892 c.
860 837 935 893 Mars
954 850 1025 906 pene
1043 837 1074 890 2⁰
1091 843 1107 889 a
1125 836 1230 891 calculo
1256 836 1329 891 abab
1352 842 1380 889 et
1397 835 1477 890 Luna
1493 834 1631 890 interdum

278 924 382 990 integra
400 922 467 978 bora
485 924 590 979 coelum
602 931 766 995 antevertam
785 925 855 980 fixas
874 925 967 980 stellas
985 923 1043 978 iere
1056 939 1148 980 omnes
1169 937 1218 991 ,ex
1231 940 1263 979 eo
1279 923 1365 994 pado
1383 931 1411 979 et
1429 923 1557 992 ecmpnlo
1577 923 1631 976 dis-

279 1011 426 1080 cessisset,
445 1029 525 1082 quem
543 1013 654 1069 tabulae
671 1013 726 1068 illis
744 1013 893 1084 assignent.
930 1013 1000 1067 Eam
1019 1011 1053 1066 ob
1072 1027 1182 1067 cansam
1199 1009 1368 1067 tentasse'se
1386 1011 1526 1081 (,quaudo
1539 1007 1631 1064 adbuc

278 1099 419 1170 Tubingae
437 1103 582 1159 Sassuram
601 1103 742 1158 literarum
760 1101 853 1156 studio
873 1117 983 1172 operam
1003 1099 1139 1173 dabam“),
1157 1101 1270 1156 fixarum
1289 1107 1317 1154 et
1334 1099 1504 1170 planetarum
1523 1095 1631 1166 positus

277 1197 305 1242 et
322 1197 412 1245 motus
430 1191 632 1246 accuratissime
651 1181 821 1247 observando
838 1190 996 1259 restituere,
1020 1187 1168 1244 coniecisse
1193 1204 1247 1257 qua
1271 1189 1390 1258 potuerit
1407 1187 1547 1256 diligentia
1564 1201 1630 1256 qus·

278 1275 401 1333 mantem
427 1291 553 1346 magnum
577 1284 604 1333 et
622 1276 748 1334 baculum
774 1278 998 1345 astronomicum,
1022 1275 1097 1345 long.
1115 1277 1150 1333 18
1167 1277 1279 1348 pedum,
1303 1281 1331 1330 ct
1354 1291 1404 1345 pro
1427 1282 1501 1330 cerie
1520 1277 1631 1343 habere,

279 1363 349 1418 haec
367 1364 421 1419 duo
438 1363 620 1420 instrumenta
638 1365 747 1433 negotiu
766 1364 917 1419 convenire.
954 1364 1022 1420 Cum
1040 1369 1208 1434 compertum
1225 1363 1363 1434 habuerit,
1377 1363 1476 1419 'Stadii
1495 1361 1631 1432 Ephame·

277 1449 359 1515 rides,
378 1449 614 1507 inannum1576
634 1451 803 1522 desinentes,
827 1469 881 1510 non
904 1453 1069 1522 coadunari,
1095 1469 1159 1510 suas
1177 1453 1374 1523 Ephemcrides
1392 1458 1550 1521 computare
1568 1465 1631 1505 oue·

278 1539 353 1607 pisse
372 1555 518 1609 earumque
536 1540 650 1609 primam
669 1555 740 1595 annu
762 1540 838 1596 1576.
858 1541 956 1596 rectori
975 1547 1003 1595 et
1020 1541 1128 1596 senatui
1140 1539 1307 1608 Tubiugensi
1326 1539 1465 1607 obtulisse,
1484 1543 1632 1607 sequentes

277 1641 349 1681 anno
369 1627 447 1680 1577.
466 1626 630 1684 additurum.
669 1627 751 1693 ,dum
779 1634 869 1683 autem
893 1643 939 1684 cas
960 1628 1072 1698 jamjam
1096 1627 1221 1684 volebam
1245 1627 1341 1696 proclo
1359 1625 1540 1694 committere,
1567 1639 1631 1678 ecce

277 1720 334 1768 tum
353 1713 461 1768 denam
481 1729 514 1768 ex
533 1710 715 1786 Heidelberga
742 1715 776 1769 ad
794 1729 837 1770 me
861 1716 1000 1780 scribitur,
1026 1715 1098 1784 quod
1123 1714 1209 1771 Stadii
1227 1714 1423 1785 Ephemerides
1442 1714 1500 1781 jam
1528 1711 1632 1768 dudum

279 1801 367 1856 editae
391 1800 501 1857 inerint.
540 1803 643 1871 Quibus
666 1803 730 1860 risis
754 1819 804 1873 ego
826 1791 981 1862 meas'non
1006 1804 1184 1875 publicandas
1209 1802 1282 1858 duxi.
1320 1803 1420 1856 Verum
1444 1817 1505 1855 cnm
1529 1799 1632 1854 diutins

280 1895 401 1955 errnctor,
419 1889 468 1944 uiri
487 1890 593 1961 aliquot
611 1891 753 1948 clarissimi
771 1899 803 1949 ut
820 1893 961 1964 promissis
980 1901 1054 1948 stare
1078 1893 1214 1962 fidemque
1232 1891 1386 1946 academiae
1404 1890 1495 1946 datam
1514 1888 1632 1942 liberare

278 1977 366 2047 velim,
385 1995 482 2047 urgere
500 1981 643 2050 incipiunt.
668 1981 712 2045 ¹ln
730 1981 826 2036 borum
845 1987 984 2036 tantorum
1002 1981 1120 2036 virorum
1139 1981 1301 2036 sententiam
1319 1979 1443 2035 concessi
1461 1995 1493 2033 eu
1512 1975 1632 2044 facilius,

278 2065 351 2134 quod
370 2065 438 2132 uidi,
463 2065 549 2121 Stadii
576 2068 683 2124 labores
701 2067 769 2123 istos
793 2071 960 2139 posteriores
983 2071 1065 2141 paulu
1083 2071 1264 2142 negligentius
1291 2068 1494 2139 quampriores
1513 2067 1631 2134 scriptos

277 2158 304 2207 et
322 2167 437 2210 excusos
457 2159 541 2210 assei
580 2156 695 2226 sperare
711 2172 753 2222 se,
772 2157 848 2214 addit
865 2158 1040 2228 Maestlinus,
1060 2160 1241 2216 astronomiae
1259 2160 1394 2216 cultorum
1418 2157 1508 2214 odium
1528 2171 1558 2210 se
1576 2173 1630 2209 non

278 2240 478 2310 demeriturum,
498 2243 572 2312 qnod
591 2243 641 2298 hos
661 2259 725 2299 snos
743 2243 852 2300 labores
871 2246 910 2300 cis
928 2246 1059 2302 fruendos
1077 2257 1221 2318 proponat,
1240 2255 1268 2303 et
1286 2253 1410 2302 senatum
1429 2243 1630 2312 Tubingeuaem

280 2329 346 2394 ,has
363 2328 574 2401 Ephemerldes,
599 2339 729 2404 tanquam
753 2335 848 2390 exules
871 2337 988 2406 patriam
1014 2341 1113 2390 tertam
1138 2343 1307 2408 repetentes,
1332 2334 1414 2390 solita
1439 2330 1631 2389 benevolentia

278 2416 450 2485 recepturum
469 2423 557 2475 essc“.
583 2423 673 2481 (Datae
691 2431 750 2474 sunt
768 2426 814 2474 bae
831 2423 921 2474 literae
943 2429 985 2498 ,in
1003 2427 1140 2488 Bacinang
1158 2431 1200 2478 11.
1214 2425 1266 2478 Oai.
1279 2427 1348 2488 Sept.
1366 2427 1450 2482 1580.)
1477 2415 1632 2474 Praemitiii

277 2503 441 2560 Maestlinus
459 2505 689 2575 Ephemeridibus
713 2509 769 2564 suis
788 2509 999 2577 Regiomontani
1026 2509 1262 2578 ,commentarium
1285 2512 1314 2566 in
1332 2507 1545 2581 premeridesi
1569 2521 1631 2560 eum

278 2591 462 2680 additiuuibus
481 2595 593 2665 suis,·in
611 2597 709 2666 quibus
729 2598 801 2655 hanc
820 2599 954 2654 rationem
973 2599 1062 2670 affert,
1082 2617 1130 2656 cur
1146 2617 1202 2656 non
1217 2599 1306 2654 locum
1327 2599 1373 2653 det
1385 2595 1528 2666 Cepernici
1544 2595 1631 2663 hypo·

277 2679 409 2750 thesibus,
431 2682 498 2748 ,etei
515 2683 601 2738 multo
613 2685 742 2740 certiores
762 2694 790 2742 et
806 2687 927 2742 veriores
946 2689 1000 2744 sint
1018 2704 1098 2758 quam
1116 2689 1264 2757 usitatae‘i,
1288 2687 1352 2755 quia
1377 2690 1523 2740 consuetus
1541 2697 1631 2738 sermo

277 2767 311 2821 ab
330 2769 456 2826 omnibus
474 2771 535 2840 capi
558 2773 647 2842 possit
665 2775 774 2842 etquis
799 2773 843 2828 hic
867 2773 935 2830 nibil
964 2775 1125 2830 discriminis
1144 2775 1258 2844 incidat,
1282 2781 1370 2830 umam
1389 2771 1550 2828 seutentiam
1568 2771 1630 2839 quis

276 2856 461 2924 amplectatur.
487 2857 571 2914 Plura
582 2858 616 2914 de
628 2859 671 2916 his
684 2860 910 2930 Ephemeridibus
922 2878 978 2917 uon
989 2863 1111 2917 notanda
1124 2877 1277 2930 censemus,
1298 2875 1359 2916 cnm
1377 2859 1462 2914 nihilo
1475 2858 1632 2926 discrepent

276 2942 310 2996 ab
323 2943 393 3013 aliis,
407 2959 476 3013 qnae
489 2945 588 3002 abillis
601 2948 768 3018 temporibus
782 2949 869 3004 editae
883 2957 954 3015 arsut,
973 2967 1055 3006 unum
1069 2950 1126 3005 iere
1139 2955 1294 3020 spectantes
1307 2963 1386 3002 usum
1399 2945 1601 3012 astrologicam.

270 3075 275 3080 .
381 3032 578 3102 Heidelbergae
597 3035 758 3090 Maestlinus
777 3039 959 3092 astronomiae
978 3037 1110 3092 rationem
1129 3045 1157 3092 et
1175 3035 1346 3106 disciplinam
1364 3033 1541 3102 conscripsit,
1560 3044 1631 3100 quae

275 3119 361 3189 primo
375 3135 445 3175 anno
459 3122 527 3178 1582
540 3121 613 3176 edita
625 3129 720 3185 (recusa
732 3129 766 3176 ib.
779 3131 854 3190 1588,
869 3131 946 3182 1⁶10.
960 3129 1098 3190 intingue)
1111 3125 1281 3180 inscribitur:
1294 3123 1456 3193 Epitome
1472 3125 1631 3174 astrosu-

276 3209 368 3277 saiue,
388 3225 442 3279 qua
460 3211 535 3266 breui
552 3211 734 3280 explicatione
752 3213 846 3268 omniu
862 3219 919 3268 tum
937 3213 976 3268 aci
992 3215 1163 3284 sphaericum
1180 3229 1263 3283 quum
1280 3211 1430 3267 maumam
1448 3206 1508 3276 cites
1520 3211 1632 3276 partem

272 3297 443 3364 pesecutio
460 3315 494 3352 ac
511 3299 599 3368 ipsius
617 3301 749 3356 amentiae
765 3301 889 3368 foetibus
907 3301 1024 3355 &ducta
1043 3301 1189 3369 perspicae
1206 3315 1260 3370 per
1277 3299 1450 3369 quaestiones
1472 3294 1631 3350 hadamar.

275 3381 390 3436 Causam
413 3383 512 3440 librum
537 3385 608 3441 hunc
630 3387 765 3442 scribendi
787 3387 857 3444 hauc
881 3387 946 3442 dicit
964 3386 1140 3442 Maestlinus:
1169 3386 1285 3451 ,nullam
1310 3388 1381 3442 inter
1406 3387 1536 3456 plurimas
1561 3400 1631 3454 quae

275 3477 385 3527 exstant
402 3473 537 3542 epitomen
550 3474 632 3530 talem
642 3475 767 3543 judicare
780 3491 900 3547 possum,
919 3491 973 3544 qna
985 3474 1116 3530 tironibus
1135 3475 1317 3530 astronomiae
1330 3473 1436 3542 cupidis
1450 3475 1479 3526 iu
1491 3471 1632 3526 tradendis

275 3559 345 3612 veris
364 3558 423 3627 ejus
441 3559 624 3616 fundamentis
644 3563 800 3620 satisfieret.
835 3563 905 3618 Nam
924 3563 952 3618 in
971 3562 1108 3631 aliquibus
1126 3569 1201 3618 certa
1219 3561 1363 3618 methodus
1383 3559 1567 3626 desideratur,
1585 3557 1632 3612 alii

274 3646 301 3701 in
320 3649 442 3717 parergis
461 3655 525 3702 suant
546 3650 668 3717 verbosi,
696 3651 724 3705 in
750 3651 832 3707 rebus
850 3651 917 3721 ipsis
937 3651 1018 3719 muti,
1044 3649 1090 3705 alii
1107 3657 1216 3720 praeter
1234 3650 1318 3704 ullam
1340 3649 1479 3704 notionem
1497 3645 1586 3702 nudas
1604 3649 1633 3699 et

275 3735 398 3788 concisas
418 3735 564 3792 divisiones
584 3739 740 3795 existimant
757 3739 942 3794 methodicnm
960 3739 1025 3808 quid
1043 3753 1120 3806 esse,
1139 3736 1187 3792 alii
1204 3753 1258 3794 nou
1276 3737 1357 3792 modo
1375 3735 1443 3792 nihil
1460 3735 1496 3790 ad
1514 3749 1572 3789 rem
1590 3733 1632 3788 fa·

275 3825 375 3880 cientis
394 3824 499 3880 omissis
518 3827 680 3882 necessariis
699 3827 862 3896 immiscent,
889 3827 938 3883 sed
957 3835 984 3881 et
1002 3825 1074 3881 ialsa
1092 3826 1221 3898 dogmata
1243 3841 1293 3896 pru
1311 3825 1381 3880 reris
1404 3824 1514 3880 tradere
1533 3824 1632 3880 solent.

274 3914 336 3968 Non
354 3927 450 3982 parum
468 3927 511 3966 me
530 3895 674 3969 commoiit
691 3914 856 3970 desiderium
874 3913 1066 3984 plurimorum,
1086 3915 1133 3983 qni
1151 3916 1287 3985 epitomen
1306 3914 1438 3983 aliquam,
1463 3927 1518 3984 qua
1536 3927 1631 3969 neces·

275 3999 346 4054 saria
364 4013 418 4054 nun
433 4000 533 4057 omissa
545 4016 596 4056 nec
608 4003 696 4058 otiosa
713 4001 836 4056 immixta
854 4009 947 4056 essent
965 4001 1140 4070 exoptabant,
1158 4001 1304 4058 miserebat
1321 4017 1364 4056 me
1377 4001 1523 4056 multorum
1541 3999 1633 4054 irrite·

274 4103 333 4142 rum
351 4086 489 4157 laborum,
515 4105 583 4157 quos
608 4103 657 4158 ego
676 4090 871 4146 commilitones
895 4107 970 4146 meos
993 4091 1141 4158 aliquando
1162 4091 1192 4146 in
1209 4091 1394 4146 describendis
1419 4090 1512 4145 nescio
1530 4089 1632 4158 quibus

274 4175 479 4244 quaestionibus
497 4176 656 4232 insumsisse
674 4177 729 4237 vidi
746 4185 798 4234 etc.
836 4179 958 4246 Rogatus
974 4179 1151 4247 igituranon
1169 4179 1273 4248 paucis,
1291 4176 1366 4233 nolui
1379 4177 1518 4233 studiosae
1532 4177 1632 4245 juven·

275 4271 326 4325 tuti
345 4269 416 4325 douo
433 4281 494 4321 meo
512 4264 695 4334 qualicunque
714 4263 842 4324 divinitus
860 4267 927 4322 mihi
945 4281 1076 4322 concesso
1095 4267 1170 4321 ultra
1188 4267 1293 4321 deesse.
1324 4267 1415 4334 Quare
1428 4266 1477 4320 baa
1490 4266 1631 4333 quaestio·

274 4371 324 4411 nes
343 4355 505 4426 conscripsi,
533 4353 716 4409 commodiore
739 4355 869 4412 methodo
892 4373 942 4426 pro
964 4357 1036 4411 virili
1054 4373 1114 4412 meo
1133 4357 1172 4412 sic
1195 4357 1386 4424 concinnatas,
1408 4361 1439 4408 ut
1457 4355 1484 4409 in
1504 4355 1631 4410 omnibus

275 4446 457 4500 astronomiae
476 4443 606 4499 scientiae
617 4431 804 4498 fundamentis
812 4443 984 4499 addiscendis
996 4445 1189 4500 satisfaciant.“
1216 4444 1375 4499 Methodum
1388 4443 1417 4500 S.
1430 4441 1531 4498 Buscbi
1544 4444 1631 4509 (,non

276 4533 310 4587 de
327 4533 353 4587 S.
367 4533 462 4598 Busto,
481 4539 511 4588 ut
529 4531 638 4602 quidam
657 4538 807 4596 autumant,
827 4532 874 4586 scd
893 4533 990 4588 vocula
1006 4532 1122 4588 barbara
1136 4529 1170 4585 de
1182 4531 1209 4586 S.
1228 4531 1338 4586 Busche
1351 4530 1501 4596 vel'Ruho,
1521 4529 1556 4584 de
1575 4547 1630 4599 quo
1720 4601 1722 4604 Ι

277 4618 365 4672 Exed.
379 4621 404 4686 3,
423 4621 466 4674 cui
484 4619 527 4675 vel
545 4619 632 4673 altare
649 4617 691 4672 vel
711 4618 854 4686 sacellum,
883 4620 909 4673 in
928 4637 982 4687 quo
1005 4635 1083 4676 sacra
1103 4601 1253 4689 peragebai
1274 4619 1432 4688 priusquam
1450 4619 1575 4674 Lutetiae
1594 4619 1630 4674 ad

275 4703 433 4762 Matheseos
445 4707 643 4775 professionem
662 4711 814 4774 vocaretur,
834 4707 939 4762 dicatus
958 4711 1044 4776 erat“)
1063 4715 1094 4760 ut
1111 4706 1219 4762 vamtati
1237 4707 1353 4762 maxime
1371 4701 1583 4762 consed'taueam
1603 4715 1631 4763 et

275 4791 405 4848 studiosis
417 4797 656 4862 gratam'umnibus
666 4795 726 4850 aliie
736 4793 942 4866 praeferendam
954 4809 1015 4850 esse
1024 4809 1138 4864 eamque
1150 4793 1201 4848 sibi
1214 4795 1379 4862 sequendam
1392 4796 1630 4852 censet-Orbas

167 4941 173 4948 ¹
275 4879 303 4934 in
316 4876 432 4949 sphaera
443 4880 569 4954 planetae
586 4883 700 4946 tetidem
717 4897 779 4944 ease
797 4881 923 4954 affirmat,
942 4890 1010 4954 quot
1027 4883 1129 4945 habeat
1139 4891 1247 4954 motns3
1264 4883 1329 4953 quia
1340 4889 1431 4940 autam
1443 4897 1535 4942 coraus
1547 4899 1628 4940 nemo
1671 4965 1675 4972 Ι
