3612 5538
100 375 106 388 '
301 391 367 468 eoo
607 421 611 428 ·
717 427 723 440 -
816 397 1149 487 ussermannus

299 575 385 638 lacile
412 575 474 638 fieri
496 577 609 658 potuit,
640 583 673 638 ui
702 580 753 656 qui
776 579 953 642 Fordinandi
983 581 1013 640 iu
1041 580 1128 642 rebus
1154 581 1244 642 saeris
1271 579 1429 642 consiliarii
1456 587 1485 640 et
1512 585 1640 640 suctores

302 672 393 737 eraut,
415 662 576 740 Keplerum
599 664 743 728 adducere
766 667 893 744 vellent,
918 676 949 728 ut
971 667 1058 730 fidem
1081 675 1217 741 mutaret,
1239 685 1299 744 qua
1320 685 1351 727 rs
1372 668 1438 728 sola
1456 667 1517 728 lieri
1538 677 1641 744 posset,

301 759 333 812 ut
356 750 451 812 Gratii
474 760 645 814 remaneret.
691 754 783 831 Cujus
805 755 875 816 sacti
898 758 1034 832 quamuis
1055 773 1113 814 non
1144 763 1246 833 aperta
1269 757 1436 816 testimonis
1458 755 1553 814 afferri
1573 772 1640 832 pos·

234 873 237 886 ·
299 843 366 914 sint,
390 848 487 900 tamen
511 859 546 901 ex
570 849 631 902 toto
654 859 748 902 rerum
771 850 851 904 statu
874 844 1033 905 verisimile
1054 852 1108 917 est,
1131 842 1289 919 Keplerum
1313 842 1454 918 ejusmodi
1470 842 1643 910 cohortatio·

299 928 386 986 nibus
410 935 440 988 et
463 929 687 991 invitationibus
708 930 880 1008 perductum
903 949 984 1006 esse,
1008 940 1040 991 ut
1062 929 1217 994 Herwarto
1239 933 1412 992 sententiam
1433 948 1518 990 susm
1542 930 1642 1003 verbis,

299 1032 375 1090 quae
398 1014 417 1074 l.
441 1034 466 1076 c.
491 1017 644 1094 leguntur,
675 1021 810 1095 aperiret.
856 1017 1039 1080 ,lesuitsrum
1070 1021 1170 1095 utique
1199 1017 1372 1095 permultum
1403 1019 1585 1090 interfuisse,
1613 1024 1644 1076 ut

300 1104 403 1175 virum,
428 1104 524 1178 qualis
547 1104 692 1181 Keplerus
716 1114 787 1180 erat,
811 1105 850 1166 ad
872 1124 956 1166 suam
979 1106 1065 1167 iidem
1080 1105 1277 1180 conciliarent,
1300 1106 1329 1166 id
1345 1123 1410 1164 eum
1433 1107 1643 1181 perseipsum

225 1260 228 1264 ¹
299 1191 457 1251 verisimile
479 1202 540 1265 est,
565 1200 625 1252 tum
648 1192 797 1254 literarum
820 1197 1002 1267 commercio,
1027 1194 1106 1270 quod
1130 1202 1232 1270 postea
1255 1211 1319 1254 curu
1336 1192 1465 1252 Gnidiae
1481 1203 1511 1252 et
1526 1193 1643 1252 eilberto

301 1278 401 1338 Curtio
415 1277 541 1338 desuitis
563 1280 773 1357 frequentavit,
798 1284 912 1342 ratione
935 1285 1007 1342 satis
1030 1291 1109 1341 certa
1131 1282 1342 1358 comprobatur.
1374 1282 1488 1357 Quibus
1504 1280 1540 1339 de
1555 1280 1644 1338 literis

299 1383 388 1426 ιιιιιιιιι
411 1363 531 1426 Guldini
561 1366 718 1445 epistolam
746 1372 911 1428 invenimus
939 1368 1074 1450 (casuque
1106 1365 1289 1448 decriptsm),
1319 1385 1378 1444 qua
1408 1368 1458 1428 iile
1488 1367 1644 1444 Kaplcmrn

300 1455 400 1514 verbis
429 1457 570 1530 gravibus
592 1454 704 1530 edocet,
729 1465 839 1533 quanto
862 1459 900 1516 sit
922 1455 996 1517 fidas
1010 1455 1155 1516 catholice
1171 1455 1263 1531 major
1278 1463 1306 1516 et
1320 1458 1416 1532 potior
1432 1473 1520 1530 quum
1535 1455 1646 1514 Lutbe·

298 1559 386 1616 rana,
418 1542 509 1601 Curtii
539 1550 638 1602 autern
661 1545 824 1620 complures
855 1553 971 1606 exstant
1001 1543 1158 1620 epistolae,
1188 1545 1295 1619 quibus
1328 1543 1459 1620 epistolis
1492 1540 1645 1618 respondet

300 1628 503 1706 Keplerianis;
534 1637 567 1690 ut
594 1631 659 1707 ejus
686 1633 816 1691 animum
845 1631 883 1691 ad
906 1649 989 1692 susm
1019 1633 1193 1694 sententiam
1214 1633 1307 1706 magis
1330 1629 1495 1703 inclinaret,
1526 1641 1646 1690 contan-

298 1719 392 1780 tiones
415 1717 513 1792 affert,
537 1735 612 1794 quae
635 1720 710 1779 inter
733 1718 916 1780 Lutbersnos
937 1721 1020 1795 ipsos
1048 1725 1109 1778 tum
1136 1727 1218 1778 ortae
1245 1725 1350 1778 essent.
1396 1717 1510 1793 Quibus
1532 1716 1646 1776 duobus

299 1803 432 1883 Loyolas
454 1806 650 1866 sectatoribus
673 1823 748 1884 quae
769 1814 838 1868 suni
859 1809 985 1882 scriptae
1007 1825 1026 1867 a
1046 1804 1176 1882 Keplero
1200 1805 1351 1882 epistolae,
1374 1809 1540 1864 insumma
1555 1822 1645 1881 quae·

301 1894 384 1952 rendi
407 1909 477 1953 cura
499 1894 625 1952 inveniri
648 1911 705 1954 non
728 1901 877 1970 poteraut,
900 1911 989 1970 qnam
1011 1895 1049 1954 ob
1072 1911 1132 1954 rem
1156 1911 1191 1953 ex
1214 1895 1360 1969 responsis
1383 1893 1420 1952 sb
1443 1892 1503 1952 illis
1524 1892 1645 1952 redditis

299 1980 357 2048 boc
380 1998 469 2039 unum
493 1980 637 2056 conjicere
659 1979 737 2056 licet,
761 1981 827 2041 illos
851 1980 1013 2058 Keplerum
1044 1981 1080 2040 ad
1113 1998 1197 2042 suam
1224 1978 1310 2040 fidem
1340 1979 1484 2042 adducore
1508 1980 1645 2051 voluisse,

298 2068 377 2128 bunc
404 2077 502 2128 eutem
534 2069 670 2128 omuibus
699 2067 948 2149 postulationibus
980 2069 1135 2129 fortissimo
1164 2067 1321 2130 obstitisse.
1367 2065 1461 2143 Quem
1489 2075 1589 2128 autem
1618 2067 1646 2124 in

297 2155 417 2216 modum
446 2172 478 2215 ss
509 2157 646 2231 gesserit,
677 2173 742 2216 cum
771 2159 797 2217 ei
820 2175 840 2216 a
863 2155 1038 2217 Lutberanis
1066 2163 1096 2216 et
1126 2154 1328 2216 Lincieusibue
1359 2162 1388 2214 et
1410 2155 1647 2231 Tubrngsnsibua

299 2243 483 2319 objiceretur,
507 2243 583 2302 olom
606 2261 673 2302 eum
695 2259 802 2304 causac
826 2244 1020 2304 (talsiniacus
1043 2243 1151 2317 lavere,
1175 2242 1408 2319 supranotatum
1431 2251 1485 2303 est
1506 2275 1551 2287 -

312 2361 315 2368 ·
401 2329 473 2390 dam
495 2347 561 2390 cum
584 2333 709 2408 primum
722 2333 835 2404 (misso
851 2331 1027 2407 Prodronro)
1050 2333 1124 2391 inter
1146 2330 1358 2408 Tychonem
1386 2337 1416 2392 et
1436 2330 1648 2406 Keplerum

190 2469 196 2484 ,
296 2416 445 2478 literarum
469 2421 672 2478 commercium
696 2419 864 2480 inchoatum
887 2426 946 2492 est,
975 2421 1007 2476 in
1031 2417 1162 2495 epistolis
1194 2434 1270 2495 quae
1299 2421 1338 2477 sit
1366 2417 1449 2493 iusta
1480 2418 1516 2478 de
1540 2417 1648 2478 mundo

300 2504 490 2582 bypotbcsis,
519 2505 598 2566 baud
629 2524 695 2566 raro
723 2507 855 2583 pluribus
886 2507 1059 2583 disputatur.
1111 2504 1213 2582 'Pycbo
1243 2504 1375 2581 quidem,
1410 2506 1547 2581 quamvis
1576 2506 1648 2565 ratio

299 2593 500 2669 Cepernicena
524 2597 550 2653 ei
573 2595 691 2654 minime
713 2595 855 2671 placeret,
885 2602 983 2655 tamen
1005 2591 1215 2654 Ptolemaicam
1237 2592 1341 2652 lulsam
1363 2609 1427 2653 esse
1452 2594 1529 2653 bene
1561 2591 1649 2652 intel·

297 2679 364 2756 ligii
393 2689 422 2742 et
453 2680 523 2757 quid
554 2683 738 2758 inutraque
766 2685 878 2742 ratione
905 2681 1019 2758 ΙῙιιεῑιιιιι
1047 2683 1101 2753 sit,
1132 2680 1188 2740 hoe
1216 2678 1303 2740 modo
1329 2679 1416 2740 simul
1440 2681 1540 2742 valere
1563 2677 1658 2757 possa·

296 2767 397 2841 credit,
421 2775 454 2828 ut
476 2768 567 2828 'l'erra
590 2771 629 2828 sit
651 2772 780 2841 immota,
804 2768 855 2830 Sol
879 2772 956 2830 circa
977 2769 1112 2842 Terram,
1136 2770 1212 2827 cirea
1229 2767 1327 2828 Solem
1349 2767 1486 2844 planetae
1507 2776 1648 2828 rotantur.

296 2855 456 2933 Keplerurn
479 2859 588 2931 itaque,
613 2874 700 2933 quarn
723 2858 752 2916 in
768 2856 928 2916 Predrorno
951 2857 1117 2932 exposuerit
1139 2857 1289 2927 rationem,
1312 2873 1378 2916 eum
1394 2858 1422 2912 iu
1447 2855 1610 2916 doctrinam
1631 2871 1649 2912 a

296 2961 329 3002 ss
353 2946 499 3004 inventam
524 2943 678 3004 transferre
702 2944 805 3004 voluit.
851 2943 960 3004 Contra
981 2943 1127 3020 Keplarus
1146 2942 1278 3018 juvenis,
1302 2951 1363 3003 tum
1386 2940 1496 3022 (1598)
1518 2942 1649 3003 noudum

216 3103 246 3115 ,.
296 3033 372 3090 inter
395 3030 498 3090 ductus
512 3034 656 3107 cognitus,
679 3031 823 3110 Tycham,
848 3033 911 3092 vire
927 3031 1096 3103 clarissimo,
1121 3032 1171 3106 qui
1193 3027 1369 3090 blandiendo
1385 3039 1539 3108 corruptus
1560 3031 1650 3090 alium

296 3118 354 3179 sibi
377 3117 498 3194 obloqui
520 3136 578 3177 non
601 3122 814 3191 consuevisset,
838 3119 995 3184 fortissimo
1019 3119 1116 3178 auimo
1139 3119 1272 3176 resistere
1287 3124 1316 3176 ct
1337 3117 1480 3178 rationem
1503 3117 1667 3195 (loperui-¹

297 3221 400 3265 canam
431 3205 525 3265 solam
555 3223 654 3266 veram
682 3206 851 3283 praedicare
883 3224 973 3266 ausus
1002 3213 1056 3266 est.
1105 3204 1214 3264 Postea
1243 3221 1375 3280 quoque,
1407 3223 1473 3265 cum
1501 3204 1649 3284 Keplerus

295 3293 422 3369 Pragam
453 3293 643 3370 demigrasset
671 3302 700 3354 et
728 3295 785 3371 ipsi
813 3295 1021 3354 convenissent
1042 3290 1166 3373 (1600),
1196 3293 1327 3368 inprimis
1358 3292 1393 3352 de
1426 3293 1529 3353 eadem
1554 3309 1649 3370 qnae-

224 3375 229 3382 “
297 3383 393 3442 stione
416 3399 435 3440 a
459 3382 527 3440 viris
551 3389 582 3440 et
603 3383 786 3441 sermonibus
808 3381 995 3441 hilarioribus
1010 3380 1189 3458 disputatum
1212 3387 1242 3440 ct
1257 3381 1463 3440 controversiis
1486 3381 1650 3442 acrioribus

298 3475 440 3529 certatum
464 3475 518 3528 cst.
550 3467 647 3544 Quum
670 3479 769 3530 autem
793 3477 914 3546 uterque
936 3471 966 3527 in
988 3485 1042 3528 sua
1065 3468 1201 3544 opinions
1226 3467 1400 3526 obstinatius
1418 3474 1650 3544 perseverarent,

296 3556 371 3616 haec
394 3557 521 3615 virorum
544 3555 688 3616 dissensio
718 3564 834 3633 praeter
861 3555 936 3616 alias
968 3572 1072 3616 causas
1099 3557 1248 3632 graviores
1271 3552 1429 3630 Keplerum
1461 3563 1494 3616 ut
1514 3573 1568 3632 per
1590 3553 1647 3616 ali·

296 3650 438 3720 quantum
471 3646 608 3719 temporis
636 3661 655 3704 a
683 3644 824 3722 Tychone
853 3643 1015 3704 discederet
1043 3643 1223 3720 permovisse
1259 3640 1383 3701 videtur.
1440 3641 1560 3702 Certum
1594 3649 1648 3714 est

296 3731 466 3809 Tyelronem
488 3748 507 3790 a
529 3731 658 3809 Keplero
681 3731 860 3808 postulasse,
885 3738 918 3790 ut
939 3733 1081 3791 rationem
1103 3728 1300 3808 Tychonicsm
1327 3732 1506 3806 argumentis
1532 3729 1650 3790 mathc-

206 3897 208 3903 .
296 3821 412 3879 maricis
440 3819 591 3894 probaret,
622 3818 781 3895 Keplerurn
810 3827 909 3879 autem
936 3818 992 3878 boc
1020 3817 1201 3895 postulatum
1229 3819 1427 3892 remeavisse,
1458 3817 1539 3894 quod
1571 3817 1650 3876 idern

296 3907 467 3985 'l'ycbenem
490 3905 695 3966 moribundum
718 3907 756 3966 ab
780 3915 947 3967 astronomo
970 3905 1144 3983 postulasse,
1168 3904 1287 3980 Kepleri
1304 3907 1469 3964 narratione
1492 3905 1650 3965 confirma-

297 4005 359 4056 trun
378 3993 441 4070 jam
464 4011 553 4073 supra
576 3993 714 4053 traditum
737 4002 791 4054 est.
815 4025 857 4038 -

402 4080 564 4157 Postquam
588 4080 624 4141 de
647 4082 782 4159 propiore
805 4083 879 4140 inter
901 4079 1070 4158 Tycbonem
1093 4087 1124 4139 et
1145 4077 1304 4157 Keplerum
1326 4077 1542 4139 necessitudine
1566 4085 1650 4138 retu·

298 4167 394 4242 limus,
418 4167 456 4228 ed
478 4169 566 4243 hujus
582 4184 679 4228 mores
701 4167 827 4246 amplius
850 4167 1055 4228 describendos
1078 4167 1152 4228 baec
1174 4182 1292 4243 quoque
1314 4165 1421 4226 addara
1443 4166 1547 4240 liceat,
1573 4181 1651 4242 quae

297 4258 335 4316 ab
358 4258 403 4329 iis,
428 4258 536 4333 quibus
559 4254 678 4332 Kepleri
701 4257 818 4333 propria
840 4264 945 4316 nature
967 4273 1025 4316 uon
1048 4258 1212 4314 accuratius
1234 4262 1387 4331 perspecta
1409 4261 1468 4327 est,
1490 4254 1561 4313 buic
1578 4255 1650 4312 vitio

297 4344 399 4404 baberi
416 4352 545 4422 possent.
575 4341 721 4420 Keplsrus
737 4345 813 4402 enim
837 4359 902 4402 curu
923 4351 953 4404 ct
974 4343 1045 4419 quid
1064 4342 1186 4419 justum,
1210 4340 1280 4416 quid
1297 4341 1445 4420 injustum
1461 4350 1549 4414 esaei,
1574 4341 1650 4400 bene

298 4431 483 4507 intelligeret,
506 4438 535 4490 ct
551 4447 664 4490 summo
681 4429 791 4507 pudore
807 4439 894 4505 esset,
918 4449 953 4489 ea
968 4447 1044 4507 quse
1059 4429 1170 4506 injusta
1186 4428 1232 4488 vel
1247 4427 1323 4488 laisa
1339 4427 1521 4502 videbanter,
1538 4445 1650 4504 msgm

297 4522 415 4595 saepius
426 4519 585 4578 acerbitate
596 4518 744 4578 refutavit.
768 4515 906 4590 Qualium
918 4517 1124 4578 refutationem
1144 4517 1269 4591 vestigia
1285 4523 1315 4577 ci
1329 4516 1357 4573 ia
1371 4517 1458 4574 variis
1474 4517 1538 4591 ejus
1550 4515 1651 4592 operi·

299 4605 354 4666 bus
377 4607 579 4680 inveniuntur,
602 4607 644 4665 its
666 4604 783 4680 quidem
808 4612 839 4664 ui
859 4606 915 4682 ipsi
935 4605 1113 4678 adversarii,
1140 4621 1217 4681 qnos
1238 4604 1329 4678 petit,
1353 4603 1392 4662 ab
1417 4603 1484 4662 aliis
1509 4603 1651 4678 amoeni

298 4708 356 4751 non
379 4693 506 4770 possint,
530 4702 560 4754 ct
583 4695 610 4752 iu
635 4691 767 4769 epistolis
790 4691 987 4770 compluribus
1009 4691 1154 4769 ejusmodi
1185 4689 1413 4766 significationes
1435 4691 1543 4752 insunt.
1590 4687 1649 4764 Qui

298 4777 420 4856 Kepleri
442 4780 557 4840 eninm
573 4779 722 4840 irritabilis
737 4781 839 4838 mirum
856 4781 884 4836 in
901 4777 1020 4839 modum
1034 4782 1169 4857 apparuit
1184 4786 1255 4851 tum,
1279 4794 1345 4837 cnm
1360 4779 1484 4856 primum
1499 4777 1651 4855 Tyobenis

300 4865 509 4930 seusoetnrliua
532 4869 576 4927 uti
598 4869 752 4948 coepisset,
777 4865 995 4947 ubichlerus,
1019 4884 1086 4928 curn
1110 4865 1364 4930 vehementissime
1387 4866 1459 4928 iram
1481 4867 1512 4926 in
1525 4864 1649 4952 lyrbe-
