3516 5540
429 416 609 476 summarium
626 416 763 476 Historiae
781 413 972 472 astronomiae
990 414 1082 472 seculo
1099 413 1174 472 XVI.
1207 447 1209 452 ,
1413 411 1477 484 643

130 607 172 662 quo
187 591 308 665 collegit
323 593 421 666 Tyoho
440 609 480 665 ea,
499 609 569 670 qnae
587 610 649 648 cum
666 590 838 660 Landgravio
851 589 994 648 Gallielmo
1013 595 1041 646 st
1059 589 1119 660 ejus
1137 594 1293 648 astronomo
1305 589 1478 648 Rothmanno

130 681 156 734 ab
170 695 239 736 anno
260 681 340 736 1585
359 682 386 736 in
405 697 504 736 annum
524 681 591 738 1596
616 697 666 752 per
687 669 780 735 literas
804 679 868 748 egit.
904 676 1033 746 Quaado
1057 677 1178 734 secunda
1201 678 1378 750 epistolarum
1400 687 1479 750 parte

131 768 202 823 roiert
218 768 382 840 Keplerus,
407 769 533 838 leguntur
549 767 602 824 sol.
621 767 642 822 Ι.
661 786 689 839 p.
710 768 769 824 tet.
804 765 909 824 Multus
934 773 975 822 est
994 765 1087 834 Tycha
1111 766 1140 822 in
1164 765 1209 822 his
1235 766 1357 838 epistolis
1375 769 1404 824 in
1421 767 1478 826 lau·

133 853 210 909 danda
229 871 284 912 sna
305 855 341 910 de
360 856 462 911 mundo
480 855 597 926 ratione,
622 856 686 911 dum
704 855 894 911 Rothmannns
914 854 1093 926 Copernicum
1111 853 1231 912 defendit
1248 862 1276 910 et
1293 855 1480 928 Landgrarius

133 941 331 998 observationes
357 960 420 999 suas
444 943 470 998 in
489 943 565 1002 coelo
583 951 706 1012 recenset
725 950 752 1000 et
769 959 786 998 a
804 943 933 1014 Tyehuue
951 940 1093 999 consilium
1111 943 1181 1013 petit
1198 943 1232 998 de
1250 943 1424 1002 conficiendis
1441 947 1481 1004 in·

64 1085 67 1092 ,
133 1033 284 1087 strumentis
310 1032 509 1088 astronomicis.
545 1031 638 1103 Tycha
667 1032 766 1103 quibua
785 1032 970 1102 Capernicana
993 1030 1099 1086 laboret
1122 1031 1191 1086 ratio
1209 1031 1359 1098 erroribus,
1383 1033 1481 1102 claribus

134 1135 176 1173 sua
192 1125 319 1190 praestet
336 1120 480 1175 virtutibus
500 1120 698 1190 demonstrans,
716 1124 816 1183 iterum
831 1121 983 1189 iterumque
997 1118 1197 1176 Rothmannnm
1216 1119 1325 1190 ablegat
1338 1119 1373 1176 ad
1392 1123 1483 1189 „loca-

134 1207 226 1278 pletius
245 1213 344 1290 opns¹‘,
363 1209 437 1279 quod
457 1227 591 1280 uunquam
612 1209 767 1266 absolutum
786 1217 835 1266 est.
872 1208 1075 1276 ,Occasionem
1095 1209 1196 1278 inquit,
1215 1210 1264 1266 has
1282 1211 1401 1266 rabones
1419 1229 1482 1268 con·

135 1295 252 1350 struendi
278 1311 335 1351 non
359 1297 478 1351 desumat
498 1315 530 1350 cx
549 1297 664 1352 inversis
684 1297 889 1367 Copcrnicanis,
917 1313 1008 1352 verum
1033 1313 1094 1354 cum
1116 1297 1366 1354 animadvertissem
1390 1299 1483 1356 subtili

133 1391 157 1438 ot
174 1389 303 1438 accurata
317 1375 514 1452 obseruatione,
532 1385 692 1454 praesertim
712 1402 783 1440 auno
796 1386 839 1442 82.
852 1385 955 1452 habita,
974 1383 1091 1440 Martem
1109 1385 1300 1456 acronychium
1313 1387 1404 1442 Terris
1421 1404 1483 1457 pro-

134 1471 233 1540 piorem
253 1471 312 1526 fieri
331 1473 391 1542 ipso
405 1471 468 1528 Sole
482 1473 512 1527 et‘
527 1475 561 1529 ob
574 1473 603 1528 id
615 1472 795 1528 Ptolemaicas
813 1472 861 1544 diu
874 1479 998 1542 receptas
1011 1472 1179 1542 hypotheses
1192 1480 1317 1528 constare
1329 1491 1383 1530 non
1394 1493 1484 1548 posse,

135 1565 251 1614 cometas
277 1561 391 1630 insuper
417 1561 502 1616 motui
521 1561 621 1618 Temno
644 1549 733 1624 annu'o
761 1577 815 1616 non
834 1559 911 1615 reddi
929 1560 1075 1631 obnoxios,
1102 1562 1223 1630 quamvis
1241 1561 1313 1619 hand
1331 1563 1359 1618 in
1377 1571 1483 1622 tanturn
1563 1547 1567 1564 '

135 1645 240 1716 distent,
260 1654 291 1702 ut
310 1646 391 1717 plane
409 1647 434 1703 is
453 1656 606 1717 evanescat,
625 1649 695 1705 sicut
707 1649 735 1703 in
752 1648 814 1704 fixis
827 1647 858 1703 tit
870 1647 1014 1718 sideribus,
1033 1649 1245 1719 Copernicanam
1259 1666 1367 1720 qaoque
1381 1634 1491 1732 assam-¹

134 1733 232 1789 tionem
251 1734 450 1792 collabescere:
470 1752 523 1792 non
542 1737 664 1794 restabat
681 1737 735 1794 alia
752 1737 797 1794 sia
814 1737 936 1793 salvandi
954 1737 1129 1806 apparentiae
1147 1737 1294 1806 coelestes,
1317 1755 1399 1808 quam
1417 1739 1485 1794 hacc

137 1821 202 1891 ipsa,
220 1839 293 1892 quac
312 1838 399 1894 nuper
418 1839 434 1877 a
452 1840 495 1878 rue
511 1823 620 1894 prolata
637 1829 705 1882 eat.“
742 1823 793 1880 His
812 1824 936 1894 adjungit
955 1825 1048 1895 Tycha
1067 1825 1265 1880 enarrationem
1284 1841 1391 1894 eorum,
1416 1841 1485 1895 quaa

134 1907 288 1965 haimarum
315 1911 416 1968 Ursum
434 1911 571 1981 attingunt
589 1927 713 1981 quaeqae
731 1911 872 1968 retulimus
894 1913 949 1968 rol.
967 1913 989 1969 l.
1006 1931 1034 1984 p.
1052 1913 1105 1970 226
1117 1929 1153 1970 ss.
1190 1913 1267 1982 Quas
1291 1915 1372 1984 objici
1396 1913 1487 1970 solent

135 1997 284 2068 Copernico
302 2001 411 2069 repetit,
431 2000 529 2068 quibus
547 2004 642 2057 censet
660 1998 802 2070 Oopernici
821 2001 982 2054 sententiam
1000 1999 1110 2069 penitus
1128 1999 1273 2056 refutatam
1292 2016 1361 2066 esse,
1378 2009 1406 2057 et
1425 2018 1487 2058 oum

133 2101 219 2156 nequa
238 2085 407 2142 Ptolemaiou
426 2103 514 2158 neque
533 2087 719 2158 (lopernicana
736 2087 806 2142 ratio
824 2087 932 2144 veritmi
950 2095 1089 2158 congruat,
1108 2104 1185 2144 suam
1205 2089 1337 2146 rationem
1354 2104 1414 2146 eam
1427 2105 1488 2146 asse

134 2174 305 2244 pronunciat,
325 2191 395 2246 quae
414 2175 441 2230 in
459 2176 565 2232 illarum
583 2175 674 2232 locum
692 2175 828 2232 succedat.
864 2176 1053 2232 Rothmannus
1071 2184 1163 2234 autam
1180 2177 1250 2236 haec
1267 2185 1363 2236 contra
1381 2179 1486 2248 Tycho·

135 2280 192 2317 nern
218 2264 333 2320 asserit:
362 2263 458 2332 ,Quod
482 2265 516 2320 da
540 2265 780 2334 supputationibus
804 2262 900 2335 affers,
926 2264 1038 2320 Terram
1061 2279 1094 2318 ca
1112 2265 1264 2321 rationein
1287 2281 1342 2321 nno
1367 2266 1487 2324 secundo

134 2353 263 2422 temporis
282 2350 412 2421 scrupulo
430 2351 532 2406 revolvi
551 2351 650 2408 debere
668 2351 870 2420 sesquicentam
883 2366 990 2422 passus,
1010 2367 1111 2420 quaeso
1129 2359 1221 2410 amum
1233 2354 1389 2410 censebitur
1400 2354 1488 2412 credi-

133 2437 211 2493 hrlius
230 2445 260 2493 et
278 2438 431 2508 sapientiae
450 2446 573 2507 naturae,
591 2455 661 2510 quae
680 2455 788 2508 semper
805 2455 854 2509 per
872 2439 1002 2510 pauciora
1014 2441 1085 2514 agit,
1098 2442 1312 2512 convenientius,
1330 2459 1364 2498 an
1383 2448 1415 2498 ut
1432 2458 1488 2498 sea-

136 2525 291 2594 quicentum
310 2541 424 2596 passus,
444 2543 478 2581 nn
498 2543 561 2584 uero
573 2513 610 2608 n‘ut
627 2533 669 2581 tot
686 2525 771 2582 mallia
788 2543 843 2582 non
860 2542 992 2596 passuum
1010 2527 1059 2582 scd
1076 2529 1230 2585 milliarium
1248 2531 1276 2584 in
1295 2545 1349 2586 nno
1367 2529 1488 2584 sacrando

136 2611 284 2668 confidat?
314 2615 414 2670 Annon
434 2613 461 2668 id
474 2613 709 2670 vehementissime
727 2630 789 2670 cum
807 2613 879 2668 dicte
891 2622 1006 2670 naturae
1024 2614 1159 2684 sapientia
1170 2614 1310 2684 pugnabit,
1330 2615 1353 2670 si
1366 2623 1488 2674 assumto

101 2746 110 2758 .
136 2700 202 2756 coeli
221 2707 300 2754 nrotu
318 2717 369 2770 per
387 2701 514 2766 omnium,
525 2701 665 2758 stellarum
684 2709 712 2757 et
730 2702 900 2773 planetarum
919 2701 1054 2770 diversos,
1073 2700 1325 2758 vehementissimos
1343 2708 1488 2770 menteque

135 2787 256 2846 hnmana
278 2789 568 2860 incomprehensibiles
592 2807 689 2848 cursus
713 2790 824 2846 efficere
849 2797 977 2858 cogetur,
1002 2787 1076 2858 quod
1098 2795 1207 2860 poterat
1230 2791 1258 2846 in
1282 2806 1336 2846 uno
1359 2790 1488 2846 facillime

136 2877 301 2945 praestare?
332 2877 430 2932 Annon
449 2883 477 2932 ot
494 2877 555 2946 hoc,
576 2877 648 2956 quod
668 2894 702 2934 ea
718 2878 823 2934 ratione
842 2877 960 2948 planetis
978 2875 1081 2946 duplex
1099 2882 1127 2930 et
1145 2877 1198 2932 sibi
1214 2877 1367 2932 contrarias
1385 2877 1489 2934 inesset

134 2962 218 3019 centri
236 2965 351 3020 motus?
370 2965 470 3020 Nescio
489 2967 578 3031 etiam,
597 2983 633 3032 an
650 2964 706 3020 fixa
724 2965 813 3022 sidera
831 2965 859 3018 in
877 2973 953 3022 tanta
971 2973 1061 3020 motus
1078 2965 1239 3036 pernicitate
1257 2972 1314 3020 tam
1332 2973 1490 3022 constanter

133 3068 194 3106 snas
215 3053 251 3108 ab
270 3053 386 3108 invicem
406 3053 549 3109 distantias
562 3053 699 3109 custodire
709 3057 848 3124 possent.“
881 3053 1002 3109 Tertium
1020 3053 1121 3108 Terrae
1139 3059 1250 3123 nantum,
1269 3053 1376 3122 qualem
1390 3055 1487 3134 Copeq·

133 3141 211 3194 mens
231 3139 373 3218 exhibeat,
395 3139 555 3206 ,admodum
574 3139 720 3196 obscurum
737 3155 789 3195 nec
807 3139 888 3196 facilc
905 3139 1112 3211 perceptibilem
1130 3145 1205 3197 essc“
1226 3140 1375 3198 contendit·
1406 3140 1488 3196 Salti-

133 3243 194 3284 care
213 3227 282 3282 dicit
300 3235 404 3282 motum
423 3228 548 3284 diurnum
567 3234 595 3282 at
613 3243 739 3282 annuum.
764 3228 851 3284 Anam
871 3229 972 3284 Terras
990 3243 1045 3284 non
1063 3241 1125 3284 aare
1142 3227 1258 3294 reflecti,
1277 3243 1394 3297 eumque
1411 3235 1487 3284 motu

133 3331 225 3372 annuo
245 3317 285 3370 ita
302 3315 477 3386 circumduci,
497 3323 527 3371 ut
546 3331 654 3388 semper
672 3315 794 3386 sibiipsi
813 3316 961 3386 parallelus
979 3324 1089 3371 maneat
1105 3323 1134 3372 et
1149 3332 1243 3372 versus
1264 3316 1378 3374 eandem
1396 3316 1489 3372 mundi

132 3413 239 3473 partem
259 3411 376 3474 spectet,
395 3421 465 3474 quae
483 3420 547 3476 pars
567 3403 645 3474 quasi
663 3420 746 3459 unum
765 3411 896 3474 punctum
922 3404 958 3460 sit
978 3409 1090 3474 propter
1111 3403 1273 3472 parvitatem
1296 3404 1370 3460 orbis
1388 3405 1489 3460 Terrae

137 3493 232 3562 annui,
250 3492 299 3561 qni
317 3498 491 3561 comparatus
510 3507 571 3546 cum
590 3491 658 3546 coeli
677 3491 812 3561 sphaerae
829 3491 1011 3547 immensitate
1027 3506 1140 3562 prorsus
1159 3497 1310 3546 evanescat.

237 3581 298 3652 His,
317 3595 388 3650 quae
407 3596 441 3634 ex
461 3579 578 3649 epistola
594 3579 762 3634 Rothnaanni
779 3595 851 3636 anno
871 3581 940 3638 1590
959 3580 1023 3636 data
1042 3578 1229 3647 dasansimus,
1248 3574 1436 3648 subjungimus
1448 3594 1489 3650 ea,

131 3683 202 3736 quae
222 3666 334 3722 biennio
352 3674 416 3724 ante
430 3668 553 3737 Tychoni
572 3665 735 3736 scripserat:
757 3667 926 3734 ,Introducit
937 3667 1006 3723 haec
1017 3667 1124 3722 inversa
1137 3665 1279 3738 Copernici
1296 3667 1409 3722 ratio-
1425 3666 1490 3724 dicit

136 3755 312 3809 Braheanam
335 3785 362 3795 -
384 3753 570 3810 contusionem
587 3753 613 3808 in
633 3753 764 3822 sphaeras
784 3755 964 3826 planetarum.
1000 3754 1061 3810 Etsi
1085 3754 1155 3808 enim
1173 3752 1249 3810 nulla
1267 3769 1410 3823 corporum
1429 3769 1509 3822 coe,

134 3841 246 3898 testium
265 3842 346 3898 illisio
364 3843 428 3898 inde
446 3843 524 3912 sequi
542 3849 642 3912 potest,
661 3848 691 3897 ut
710 3857 842 3898 excusare
861 3842 965 3908 nitaris,
984 3847 1075 3896 manen
1089 3839 1165 3896 nulla
1177 3841 1353 3911 sphaerarum
1366 3857 1430 3894 vera
1441 3847 1490 3896 aut

133 3927 319 3986 determinata
337 3929 474 3986 distinodo
493 3937 597 3999 manet,
621 3929 670 3984 sed
694 3944 787 3986 omnes
805 3929 876 3984 inter
894 3943 924 3984 se
943 3928 1153 3984 confunduntur.
1189 3929 1226 3986 At
1245 3927 1388 3998 Copernici
1404 3926 1489 3996 hypo·

131 4015 221 4073 thesis
240 4034 324 4078 annm
346 4018 493 4088 unicuique
520 4017 647 4088 planetae
665 4023 693 4072 et
711 4015 920 4071 determinatum
937 4015 1056 4084 spatium
1074 4014 1213 4086 attribuit,
1239 4031 1253 4070 e
1272 4033 1326 4085 qno
1344 4021 1419 4073 motu
1438 4029 1488 4069 suo

132 4105 227 4174 egredi
251 4123 307 4162 non
331 4106 427 4176 possit.
470 4107 529 4160 Scis
553 4113 657 4174 autem,
682 4106 769 4160 lieum
793 4119 846 4158 non
872 4100 1039 4158 confusionis
1067 4101 1115 4158 scd
1138 4100 1240 4158 ordinis
1265 4110 1404 4158 auctorem
1427 4115 1489 4156 esse

131 4204 318 4264 naturamque
336 4193 375 4248 ita
391 4193 554 4262 condidisse,
573 4199 605 4247 nt
623 4207 641 4244 a
658 4191 818 4246 comesione
836 4191 992 4246 abhorreat
1016 4189 1093 4246 Haec
1109 4189 1193 4260 igitur
1205 4195 1232 4244 et
1244 4188 1298 4244 alia
1310 4186 1393 4242 nauita
1407 4186 1489 4242 etiam

130 4290 218 4352 atqua
236 4284 318 4338 etiarn
337 4281 528 4352 considerans,
552 4279 626 4336 aliud
650 4279 771 4335 iuvenire
793 4293 849 4334 non
869 4294 998 4348 possum,
1021 4293 1102 4348 quam
1125 4275 1228 4332 nnllam
1251 4283 1361 4345 praeter
1383 4275 1489 4330 unicam

131 4371 279 4442 Copernici
302 4371 467 4442 hypothesin
492 4385 582 4426 veram
607 4383 676 4424 esse.
785 4365 959 4438 llypotheses
983 4366 1181 4434 Coparnicaeaa
1208 4369 1299 4418 autem
1321 4360 1488 4418 discentibus

131 4475 188 4514 non
207 4459 402 4530 proponendas
421 4475 483 4516 csse
504 4459 611 4530 judico,
636 4447 749 4518 cum'ea
766 4459 812 4513 vix
830 4460 865 4514 ab
883 4457 1033 4514 artificibus
1050 4455 1249 4526 percipiantur,
1272 4458 1303 4508 ut
1320 4467 1370 4508 neo
1387 4452 1491 4534 blneat-¹

131 4546 206 4604 linas
225 4547 335 4620 quidem
354 4555 458 4606 motnrn
476 4547 628 4606 librationis
645 4557 720 4606 recte
738 4545 873 4616 iutelligit.
904 4545 1077 4614 Quapropter
1094 4543 1153 4612 ipsa
1172 4555 1280 4610 qaoque
1297 4541 1324 4594 in
1337 4541 1488 4601 Elementis

133 4635 201 4692 meis
228 4636 418 4694 astronomicis
443 4636 610 4692 accenmicos
634 4638 661 4692 iu
686 4643 780 4692 cenna
805 4633 919 4692 mobiles
937 4639 966 4686 et
983 4630 1120 4700 eptcpotos
1137 4628 1278 4698 substitui,
1303 4638 1334 4684 ut
1352 4629 1487 4692 Quantas

136 4739 193 4780 rem
212 4740 244 4780 so
262 4723 370 4780 lucilius
387 4721 544 4791 intelligere
560 4717 686 4794 possant;
704 4737 741 4780 ne
757 4729 848 4780 maren
866 4721 990 4778 deessem
1008 4717 1169 4788 ingeniosis,
1193 4714 1229 4770 sd
1247 4715 1328 4774 finem
1347 4719 1488 4792 Coparnici

135 4810 312 4870 inversionem
330 4811 464 4881 subjecte

236 4903 293 4960 ilas
306 4901 524 4974 disceptationes
538 4900 735 4970 Rothmanuns,
752 4915 813 4958 cum
825 4913 897 4956 anno
910 4896 979 4955 1590
992 4893 1146 4966 Tpohonem
1158 4889 1304 5034 inrisgset,
1322 4911 1412 4958 caram
1424 4913 1486 4958 oon·
