3624 5554
235 397 299 472 732
740 403 804 464 viu
819 403 935 463 Jouuuls
952 401 1074 476 Kepleri.

234 588 336 738 atqui
357 591 438 648 emat
458 587 584 666 putrium
606 595 637 650 et
657 589 752 666 honr,
775 589 891 650 emittet
910 586 974 664 illu,
998 587 1077 668 qnod
1099 589 1290 652 mutiunt
1311 592 1342 650 iu
1363 589 1442 653 bunc
1462 609 1583 656 m

284 693 415 752 orquere.

335 777 430 847 'tycho
453 778 481 834 iu
504 779 623 849 epistole
647 795 729 850 quum
754 793 839 848 snpra
864 777 931 834 dicit
951 777 1087 848 lieplerns
1114 777 1192 846 (dots
1214 777 1258 833 die
1279 779 1324 835 29.
1350 779 1468 849 Augusti
1490 781 1585 850 utut),

231 863 300 918 bueo
321 863 405 919 refert
428 865 562 936 Keplero:
587 867 673 925 Pnulo
697 873 844 939 postquam
869 867 971 922 cnesur
994 865 1104 922 Pulseus
1126 865 1222 921 relicts
1245 866 1300 922 huc
1317 867 1433 936 Prsgsm
1456 883 1584 926 mesos

231 957 312 1018 esset,
330 968 374 1010 me
392 951 524 1010 Beuutics
541 953 577 1010 nd
595 971 626 1010 ue
644 955 795 1014 aduocauit.
815 955 949 1012 ementis
967 955 1064 1012 diebus
1082 961 1226 1026 postquem
1244 955 1289 1010 hic
1307 957 1528 1023 communium.
1547 957 1583 1014 sd

230 1039 395 1096 audientium
413 1047 526 1100 nocuus
544 1059 613 1098 sum.
627 1085 634 1098 .
647 1085 675 1100 ..
700 1045 819 1114 Arrepto
835 1044 928 1113 uliquu
945 1061 1013 1100 unm
1031 1045 1066 1100 de
1082 1044 1269 1099 instrumentis
1285 1045 1354 1098 meis
1371 1051 1400 1098 et
1417 1044 1584 1100 οδιοπιΰο-

229 1125 310 1182 nibns
328 1127 466 1186 incidebat
482 1131 593 1200 mentio,
611 1147 655 1186 me
667 1132 754 1188 solum
769 1133 845 1188 oneri
857 1149 911 1188 nun
924 1133 1060 1200 sufficere,
1078 1131 1127 1186 sed
1140 1131 1386 1188 oollrborstorrbns
1399 1147 1469 1202 opus
1481 1133 1583 1187 habere

230 1213 345 1281 ujebum.
384 1217 451 1272 cum
470 1217 504 1272 de
521 1223 550 1274 te
568 1233 678 1288 qnoque
696 1219 751 1276 huc
770 1219 889 1291 eStyrio
907 1219 1071 1278 acoemendo
1090 1227 1118 1274 et
1135 1233 1283 1290 perunum
1302 1227 1385 1288 utque
1403 1219 1518 1277 ultorum
1536 1238 1582 1276 un·

230 1318 293 1356 num
313 1305 503 1376 sustentando,
522 1313 571 1364 tuo
589 1307 671 1364 etium
690 1307 808 1364 discrete
825 1309 919 1364 uddito
937 1308 1053 1376 nomine,
1071 1305 1258 1376 insinnussem¹
1276 1305 1363 1375 ipsius
1375 1309 1505 1376 majestas
1518 1328 1581 1367 mox

227 1387 420 1462 benignissime
439 1395 544 1462 innuit,
563 1403 648 1464 utque
665 1401 697 1452 ut
712 1396 740 1452 id
758 1398 794 1452 D.
806 1397 927 1454 Bomitio
946 1394 1103 1450 mmmmm
1124 1392 1259 1448 studerem
1272 1394 1364 1461 jussit
1382 1395 1505 1452 Iocutus
1522 1413 1582 1454 sum

229 1487 328 1548 poswu
345 1495 406 1536 eum
423 1481 458 1538 D.
478 1481 642 1540 Corrnducio
665 1482 718 1540 hcc
740 1483 802 1554 ipss
825 1483 860 1540 de
878 1499 909 1538 re
926 1489 1009 1552 utque
1026 1481 1133 1552 rogeri,
1157 1486 1189 1536 ut
1206 1481 1300 1536 literas
1317 1495 1334 1536 u
1352 1483 1430 1538 Creu
1447 1484 1516 1556 Hui.
1532 1487 1582 1542 im·

229 1573 339 1634 petrone
363 1565 446 1622 uellet
463 1569 497 1622 ud
516 1569 669 1640 Principem
696 1577 772 1626 tuum
791 1577 819 1626 et
836 1569 1034 1641 amplissimum
1051 1570 1180 1626 Ordinem
1199 1569 1363 1639 Styriucnm,
1385 1571 1486 1640 quium
1503 1589 1582 1644 rugn-

228 1659 336 1724 rentur,
359 1661 391 1710 nt
408 1671 458 1726 per
481 1657 619 1714 biennium
644 1659 689 1716 bic
706 1659 772 1716 mihi
789 1669 901 1730 pruesto
919 1659 1017 1716 edesse
1038 1657 1088 1714 tibi
1110 1658 1206 1715 liceret
1223 1663 1251 1710 et
1268 1656 1353 1712 nihilo
1375 1658 1465 1713 rninnn
1489 1675 1581 1716 muno

227 1743 309 1802 isthic
324 1744 380 1802 imi
397 1746 544 1817 stipendio,
562 1746 634 1818 quod
653 1763 702 1818 per
721 1746 845 1804 (luessrb
862 1745 1052 1802 liberulitutem
1073 1746 1125 1802 100
1136 1743 1247 1800 florenis
1265 1745 1405 1800 unuustim
1422 1747 1518 1814 sugeri
1535 1765 1581 1804 ex·

228 1837 361 1902 optarem.
397 1833 426 1890 lu
443 1850 508 1890 vero
526 1849 557 1890 se
575 1834 763 1893 lubentissime
781 1833 919 1904 mnodum
943 1833 996 1888 hoe
1014 1839 1200 1903 promoturum
1224 1832 1364 1903 pollicitus
1382 1841 1436 1889 est.
1469 1833 1580 1890 Interim

227 1907 291 1975 nn'te
310 1921 489 1993 psucosndies
507 1923 703 1992 superveniunt
719 1922 816 1980 literne
832 1931 906 1992 tuoe,
925 1938 940 1978 e
959 1923 1057 1992 quibus
1068 1918 1201 1990 intelligo,
1221 1919 1351 1976 solanum
1363 1920 1516 1992 Styriucnm
1531 1924 1581 1980 tihi

227 2008 415 2064 renunciatum
442 2015 471 2062 et
488 2009 600 2080 insuper
618 2010 729 2066 erilium
747 2011 917 2082 impositum.
944 2010 996 2066 uisi
1020 2007 1131 2063 decreto
1153 2007 1236 2062 isthic
1258 2007 1432 2078 promulgato
1449 2013 1582 2080 punieris,

226 2101 258 2150 nt
276 2095 310 2150 ob
327 2095 356 2150 id
373 2095 402 2152 iu
420 2097 689 2168 Wirtenbergensem
708 2099 845 2169 tuentum,
863 2098 981 2168 putrium
998 2103 1087 2166 tuum,
1110 2094 1199 2154 redire
1221 2095 1310 2150 malis.
1345 2095 1385 2150 At
1402 2097 1467 2165 quis
1483 2098 1510 2150 in
1528 2098 1581 2156 huc

226 2198 317 2238 rernm
335 2192 443 2240 tuntum
461 2185 670 2242 conturbatione
694 2193 723 2243 et
740 2185 838 2256 prioris
857 2185 1009 2240 sententiae
1033 2183 1210 2238 irnstrutione
1228 2199 1283 2236 nou
1301 2181 1390 2237 huben
1407 2187 1580 2253 praesentior

226 2271 376 2336 consilinm,
394 2273 467 2343 quod
485 2289 520 2327 ex
538 2289 568 2328 re
586 2279 651 2328 nuto
669 2274 719 2330 tibi
737 2275 807 2343 dem,
826 2290 907 2343 quum
925 2281 956 2328 ut
973 2271 1126 2342 postposita
1144 2270 1216 2324 omni
1235 2285 1311 2324 mors
1328 2276 1356 2326 te
1374 2270 1428 2326 huc
1447 2273 1580 2345 uenimus,

225 2359 281 2414 sive
299 2358 374 2414 solus
392 2365 538 2427 utentes,
563 2359 620 2416 sire
637 2361 720 2418 etium
738 2361 853 2418 udrects
870 2361 950 2418 simul
973 2359 1090 2428 cunjuge
1109 2373 1163 2414 uus
1183 2375 1245 2414 eum
1263 2358 1435 2426 supellectile
1453 2367 1481 2414 et
1497 2359 1579 2416 rebus

225 2447 402 2512 necessariis,
426 2465 476 2518 pro
495 2448 596 2517 quibus
609 2449 734 2504 omnibus
752 2448 847 2518 saeue,
866 2447 906 2503 uti
924 2447 1056 2516 urbitror‚
1073 2445 1201 2500 viaticum
1219 2445 1350 2510 inuenies,
1371 2452 1485 2516 urgente
1502 2463 1581 2517 prue-

227 2534 319 2590 sortim
338 2535 379 2590 sie
396 2537 562 2590 necessitate
581 2535 703 2592 instanti.
738 2537 835 2604 Neque
860 2533 932 2590 euim
951 2533 1000 2588 tibi
1019 2532 1135 2588 deerunt
1152 2533 1193 2588 tui
1210 2533 1386 2588 Mueceuutes
1405 2540 1433 2588 et
1448 2534 1581 2606 lautores,

225 2633 273 2678 not
291 2623 314 2678 si
334 2638 403 2693 opus
421 2621 505 2679 inerit
522 2623 680 2692 pecudium,
707 2639 778 2694 quus
796 2623 832 2680 ud
849 2622 903 2678 iter
919 2619 1082 2690 requiritur,
1109 2619 1210 2674 ulicubi
1236 2620 1339 2675 interes
1357 2629 1453 2676 mutuo
1472 2637 1579 2692 sumes3

224 2711 269 2768 nbi
289 2709 441 2781 adveneris,
460 2718 519 2766 tum
537 2719 696 2781 praesentes
714 2712 819 2770 rectius
838 2717 866 2765 et
884 2708 971 2764 tutius
989 2707 1061 2762 inter
1078 2722 1129 2763 nos
1148 2723 1260 2778 egemus
1279 2714 1307 2764 et
1324 2709 1445 2764 rationes
1462 2709 1580 2778 invenic-

223 2815 291 2870 nnus,
312 2797 411 2868 quibus
430 2798 507 2855 hisce
526 2799 734 2856 difficultatibus
753 2799 892 2856 subveniri
909 2797 1011 2866 poterit
1028 2803 1112 2865 stque
1125 2796 1175 2852 tibi
1188 2803 1216 2852 et
1228 2795 1282 2850 tuis
1294 2795 1376 2852 rebus
1388 2797 1580 2854 conuenienter

223 2885 352 2956 prospici.
387 2887 499 2942 Interim
517 2885 621 2942 nullum
639 2887 810 2944 occasionum
828 2883 992 2956 prseterlobi
1011 2885 1107 2954 sinum,
1125 2883 1190 2954 quin
1204 2892 1241 2952 te,
1260 2883 1445 2940 intercedente
1462 2886 1579 2942 unctori-

223 2979 280 3028 uto
298 2973 406 3028 Domini
426 2973 584 3030 Gorruducii
609 2982 638 3030 et
655 2975 782 3038 Barcini,
806 2971 880 3044 opud
901 2972 928 3028 S.
949 2973 978 3025 C.
994 2972 1056 3027 lli·m
1079 2971 1114 3028 ud
1138 2970 1240 3040 optimu
1261 2987 1386 3042 quaeque
1403 2989 1578 3043 promoveam

206 3067 252 3118 =et
268 3060 350 3117 rebus
367 3060 424 3116 tuis
440 3059 638 3118 ductutmtibus
656 3067 739 3132 utque
751 3061 863 3117 afflictis
874 3060 1041 3116 subveniam.
1065 3060 1123 3114 lrno
1142 3059 1167 3114 si
1179 3067 1270 3116 cetero
1282 3057 1381 3127 ouuuiu¹
1401 3061 1474 3143 quod
1487 3070 1578 3118 umen

223 3164 278 3204 non
296 3164 387 3220 spero,
405 3147 559 3206 musmones
576 3149 687 3218 inerint,
706 3165 757 3218 ego
774 3149 891 3219 ipsemet
908 3148 959 3204 tibi
977 3164 1032 3202 non
1044 3163 1105 3202 sum
1117 3145 1270 3210 defuturus,
1289 3145 1337 3202 sed
1356 3147 1383 3208 in
1401 3147 1461 3218 ipso
1480 3149 1579 3206 effectu

224 3243 395 3302 ostensurus,
414 3252 447 3292 en
464 3251 534 3307 quue
552 3235 602 3292 tibi
619 3251 663 3292 me
682 3236 825 3306 scripsisse
843 3235 960 3307 memini,
979 3231 1053 3305 opud
1065 3249 1108 3288 mu
1121 3233 1211 3290 udhuo
1228 3241 1291 3288 rntn
1308 3250 1369 3290 esse
1381 3241 1410 3290 et
1422 3244 1579 3292 coustunter

223 3323 334 3380 seriori.
373 3325 415 3380 Tu
434 3323 641 3394 nihilitatem,
665 3323 714 3380 sed
733 3323 902 3379 confidenter
919 3323 1082 3393 quantocius
1100 3321 1204 3392 poteris
1223 3321 1333 3390 adrolo,
1357 3329 1414 3377 tum
1434 3339 1524 3379 corum
1544 3326 1577 3380 do

222 3411 347 3466 omnibus
366 3426 439 3480 quse
456 3412 635 3483 requiruntur
651 3411 807 3481 expeditius
825 3427 938 3482 egemus
956 3417 984 3465 et
1002 3409 1087 3466 tutius
1105 3425 1188 3480 quom
1204 3425 1255 3480 per
1273 3409 1380 3480 literas,
1404 3425 1455 3465 neo
1472 3411 1577 3484 diffido,

221 3499 286 3572 quin
306 3497 352 3555 uhi
369 3498 513 3556 udrenoris
532 3501 603 3556 nium
618 3501 676 3570 jum
694 3507 886 3572 praeparatam
903 3487 1048 3557 inueneris.

326 3586 463 3658 Kepleruu
482 3588 581 3658 Grstii,
607 3605 773 3658 quemquern
796 3588 923 3658 gravibus
945 3588 1066 3657 sgitstus
1085 3587 1171 3656 curis,
1197 3602 1247 3656 por
1264 3593 1396 3642 nectutem
1415 3589 1480 3644 tnui
1501 3593 1577 3648 1600.
1698 3587 1703 3594 ’

222 3675 296 3734 hund
314 3691 404 3746 penos
423 3675 451 3731 in
469 3675 659 3734 astronomicis
670 3676 795 3746 perfecit.
821 3677 861 3738 De
880 3676 977 3733 studiis
996 3677 1052 3732 suis
1070 3677 1155 3732 reiert
1167 3675 1193 3730 H
1202 3680 1349 3732 ernurto
1367 3676 1446 3746 eique
1464 3678 1577 3734 tradidit

221 3763 383 3820 solutionem
402 3761 594 3832 problematis:
620 3765 670 3822 Eo
687 3771 807 3836 quotuor
824 3763 1001 3835 acronycbiic
1013 3767 1145 3836 pinnatae
1161 3765 1261 3822 ultibus
1280 3770 1307 3821 et
1324 3771 1475 3836 tcunponnn
1492 3767 1578 3824 inter·
1688 3767 1694 3776 '

222 3855 302 3912 nodie
326 3853 421 3910 ritem
444 3869 538 3908 nem
561 3853 760 3924 lonpitndinenn
785 3857 839 3916 (etr.
859 3858 908 3906 vol.
927 3857 972 3908 ttt.
998 3872 1025 3922 p.
1045 3860 1098 3916 25).
1135 3853 1179 3908 Ad
1202 3852 1404 3910 observandum
1428 3853 1577 3924 deliquium

222 3941 294 3996 Solis
313 3939 367 4008 (10.
385 3941 459 4010 tutti)
477 3939 617 4010 pecnliuro
635 3939 688 3998 sibi
713 3941 821 4010 perunit
838 3942 1049 3998 instrumentum
1067 3941 1124 4008 (eir.
1143 3945 1174 3996 11.
1193 3947 1245 3994 340
1264 3943 1317 4010 nu).
1353 3925 1576 3998 Observationum

221 4033 384 4097 computrue
402 4026 551 4082 secuudum
570 4027 707 4098 Tyohonis
725 4028 873 4099 thennim,
897 4043 931 4084 ec
949 4045 1020 4098 quus
1038 4029 1091 4084 sibi
1115 4029 1173 4084 visu
1194 4035 1259 4084 snut
1276 4035 1305 4084 et
1322 4028 1389 4098 olio,
1414 4043 1485 4098 quse
1503 4030 1577 4100 opud

221 4115 244 4170 T
245 4114 379 4185 ychonem
398 4127 469 4170 nonu
486 4114 513 4170 in
532 4116 720 4172 astronomicis
739 4117 972 4188 deprehenderet,
999 4117 1129 4172 describit
1146 4117 1174 4172 in
1193 4115 1280 4172 literis
1298 4116 1332 4171 ud
1350 4115 1577 4174 Archiducem

219 4201 477 4259 l'erdinuudnm
496 4201 567 4258 dotis
580 4203 675 4273 pennis
687 4209 751 4260 unte
764 4203 913 4273 deliquium
926 4203 995 4259 illud
1008 4203 1080 4260 Solis
1094 4203 1190 4260 diebus
1203 4219 1262 4258 cum
1275 4202 1347 4260 iorte
1360 4203 1395 4260 ob
1409 4219 1528 4276 consum,
1547 4213 1577 4261 ut

220 4289 247 4344 iu
261 4289 375 4360 grstium
388 4287 519 4360 principis
531 4289 645 4360 rediret,
664 4307 743 4362 quem
759 4291 906 4358 „delectori
918 4291 975 4348 suis
993 4289 1210 4348 inventionibus*
1230 4291 1355 4348 audieret
1371 4300 1404 4356 (v.
1423 4311 1444 4348 s,
1462 4312 1488 4362 p.
1509 4299 1576 4351 toti.

221 4375 329 4433 irritum
354 4392 418 4432 vero
443 4375 528 4432 inisse
550 4377 624 4432 bunc
647 4383 774 4434 conatum
798 4377 989 4448 epruennissis
1010 4377 1045 4434 sd
1069 4377 1246 4434 Maestlinum
1272 4378 1343 4434 dude
1366 4389 1490 4450 apparet.
1526 4381 1598 4442 His,

220 4461 301 4520 linem
320 4464 388 4520 iuuit
406 4464 537 4534 longioris
554 4463 627 4520 illius
645 4465 793 4536 epistolae,
819 4480 900 4535 quum
918 4464 971 4522 rol.
989 4466 1024 4522 ΙΙ.
1043 4482 1069 4535 p.
1089 4467 1106 4520 5
1125 4481 1162 4522 su.
1182 4465 1368 4523 exhibuimus:
1391 4463 1476 4526 Hsee
1498 4471 1575 4540 suut,

221 4565 298 4622 quse
324 4547 359 4608 de
382 4547 532 4626 Tychcnis
563 4551 743 4620 astronomia
774 4565 821 4608 nne
849 4565 1000 4610 recensere
1028 4550 1180 4626 iusserunt
1208 4566 1289 4610 umor
1317 4559 1376 4610 tom
1404 4551 1576 4629 multiplicis

221 4635 249 4692 in
273 4641 357 4694 tento
381 4636 511 4712 principe
535 4635 701 4710 doetrinae,
733 4638 890 4714 propensio
921 4637 1021 4698 debito
1049 4637 1087 4697 ud
1111 4636 1276 4698 humillimo
1301 4640 1424 4698 servitiu
1452 4649 1482 4700 et
1508 4657 1575 4716 spes

220 4719 300 4782 hund
324 4721 437 4782 infirme
458 4723 644 4784 Serenissimi
666 4725 723 4786 'lui
745 4724 865 4796 iunonis,
888 4725 939 4800 qui
962 4727 987 4783 si
1011 4743 1058 4788 me
1081 4723 1205 4798 deserat,
1229 4734 1326 4786 sctum
1350 4744 1415 4786 esse
1438 4727 1576 4790 derebus

220 4817 250 4871 et
272 4808 378 4870 studiis
402 4813 475 4870 meis
497 4811 649 4889 intelligo,
682 4813 727 4872 sin
752 4829 797 4871 nne
820 4810 1046 4876 clementissime
1076 4812 1301 4892 complectetur,
1328 4814 1499 4894 propediem
1530 4813 1577 4876 nel
