3624 5554
247 401 312 476 '11ss
756 401 821 462 viu
836 399 953 460 laenis
969 401 1092 475 Kepleri.

244 579 1595 652 mountlnetumstudieemnqreelunnossingnlerisetmumnffiisudandus

245 671 324 729 iesor
340 678 369 728 st
384 670 547 742 benignius,
565 670 601 726 eir
618 669 744 726 ammius
760 669 837 724 hisee
854 666 1357 727 excellentiorrtuesc'reutiiseddictie
1373 671 1470 727 nerito
1487 686 1597 742 semper

245 759 470 830 depraedicende.
505 759 666 816 Intervenit
687 757 753 814 milri
775 769 838 814 cure
862 756 911 812 dio
933 757 1005 825 siro,
1029 763 1177 826 postquem
1193 758 1284 814 Denie
1300 759 1442 829 migrari,
1463 759 1597 817 nonulla

244 863 294 918 per
311 847 406 904 literes
429 845 579 917 eedemqoe
600 853 731 918 pergrata
753 845 938 916 ierndis'rites,
961 859 1034 916 quae
1057 861 1092 900 er
1109 853 1205 902 mutue
1226 848 1395 918 prumtis,
1418 863 1502 917 quern
1518 848 1597 904 brevi

243 935 363 990 intorem
380 935 447 990 mrlri
464 934 631 1006 pereuedeo‚
650 933 744 1006 euceri
761 933 872 1004 poterit
903 933 1042 1004 Quidquid
1058 949 1124 990 reru
1141 933 1291 1005 voluptatis
1308 943 1338 992 et
1349 935 1483 993 commodi
1495 953 1531 992 ex
1542 937 1597 992 iroe

243 1029 336 1078 nostro
354 1037 502 1091 concessu
518 1037 681 1094 promerere
697 1021 806 1091 poterit.
823 1019 867 1074 Ill
885 1021 921 1075 θ’
935 1021 1012 1077 'lirae
1028 1035 1127 1090 mgna
1143 1037 1178 1076 ex
1194 1031 1274 1092 perte
1291 1031 1435 1094 receptum
1453 1023 1596 1080 serendum

242 1115 322 1178 grate
339 1115 430 1165 urente
447 1125 576 1180 querco.
601 1113 757 1178 (imeriptim
782 1109 824 1163 ill.
842 1111 905 1160 (isse.
923 1111 960 1160 D⁰
980 1111 1018 1162 n·
1034 1111 1128 1161 loanni
1146 1111 1276 1164 Fridnieu
1294 1114 1447 1179 Hoffmann,
1470 1115 1503 1165 1..
1518 1116 1551 1167 ll.
1566 1117 1596 1165 le

244 1199 420 1266 tirdeupueirel
438 1202 621 1264 resuscites,
643 1200 772 1266 praetacto
795 1201 940 1264 provinciae
963 1200 1076 1250 Ducem
1101 1200 1200 1261 styriae
1221 1207 1247 1252 st
1269 1203 1452 1252 Areeiduntue
1470 1205 1595 1269 eretriae,

243 1276 398 1329 lucanica
415 1283 511 1346 ubique
528 1279 713 1344 maneo,
736 1279 874 1340 Burerevio
893 1279 920 1328 in
938 1279 1038 1346 stapes,
1060 1295 1107 1330 nec
1124 1294 1177 1330 nou
1193 1281 1222 1335 8.
1240 1281 1270 1335 C.
1288 1281 1324 1335 Ι.
1342 1280 1426 1334 auru
1449 1283 1594 1332 concilieris

242 1363 268 1408 st
284 1359 445 1410 Serenlsetrni
462 1359 613 1410 Arelidueis
629 1359 800 1408 lerinilieni
818 1356 999 1418 Cubicularia.)

345 1443 451 1501 Eodem
469 1444 513 1501 die
530 1443 641 1514 ecripeit
657 1443 752 1513 Tycho
770 1441 904 1512 KepIero:
927 1443 1040 1500 Reverti
1057 1443 1117 1500 lteri
1135 1447 1243 1516 vesperi
1260 1461 1323 1504 sero
1339 1445 1376 1502 ed
1393 1463 1437 1502 me
1454 1446 1597 1506 donesdei

242 1529 282 1586 illi
299 1531 360 1596 rnei,
378 1547 449 1601 quos
465 1532 582 1602 Pregsm
599 1531 738 1596 miserem.
761 1537 824 1586 tues
842 1530 1024 1588 moriame
1041 1539 1070 1588 ct
1086 1534 1272 1590 amatissime
1289 1534 1405 1590 Domine
1422 1535 1541 1606 Keplere
1559 1552 1594 1590 ex

242 1617 381 1690 insperato
399 1619 517 1675 attulere
528 1618 740 1676 humanissimas
757 1617 860 1684 literas,
879 1617 978 1688 queue
994 1617 1074 1674 lectis
1092 1626 1120 1676 te
1132 1619 1236 1689 Pregee
1251 1638 1326 1678 nunc
1342 1637 1403 1678 esse
1419 1623 1596 1692 perlubeutcr

242 1706 372 1777 comperi.
394 1707 481 1762 lnrite
493 1713 585 1762 umen
597 1724 632 1764 ex
649 1706 746 1762 iisdem
759 1706 928 1776 colligebam,
945 1714 975 1764 te
986 1707 1101 1764 necdum
1113 1723 1203 1779 mess,
1227 1725 1296 1780 ques
1308 1710 1413 1766 ultimis
1424 1712 1479 1768 tuis
1490 1711 1595 1768 eiietinr

239 1795 437 1866 respondentes
454 1803 518 1854 ente
535 1811 656 1852 mensem
671 1795 806 1852 Viennam
825 1795 926 1866 direxi,
951 1797 1104 1868 accepisse.
1139 1796 1217 1866 Quae
1241 1798 1265 1852 si
1286 1797 1391 1854 interce
1412 1797 1462 1854 tibi
1478 1797 1594 1854 ueditee

238 1881 362 1956 uacent,
380 1884 434 1942 hec
450 1884 581 1941 reiterete
591 1884 789 1954 protestatione
800 1888 829 1938 et
844 1883 1022 1942 excusetioue
1039 1884 1242 1955 mpusedisrer
1262 1891 1345 1956 etque
1361 1885 1595 1944 hucedroiasaes.

240 1977 303 2034 (iias
313 1973 403 2026 literae
414 1977 531 2038 leguntur
541 1990 603 2040 per.
615 1990 670 2041 seq.
682 1977 708 2024 in
721 1981 789 2042 note,
802 1975 906 2040 iispleri
918 1975 1110 2032 deriderentur.)
1141 1972 1221 2041 Quod
1241 1980 1272 2029 ut
1288 1974 1436 2030 etiamnum
1452 1975 1547 2046 ledes,
1555 1983 1595 2032 ·te

238 2061 321 2116 etiern
332 2068 414 2131 atque
428 2061 510 2116 etiem
521 2075 597 2128 rogo.
628 2059 735 2116 Poteris
752 2059 781 2114 iu
793 2059 889 2116 eodem
900 2060 1025 2118 relriculo
1043 2061 1173 2117 careiure
1190 2061 1397 2132 Teugueglium,
1416 2063 1594 2120 domesticum

240 2155 363 2206 nostrum
380 2157 409 2205 et
426 2149 513 2206 tilium
531 2163 621 2204 nreum
639 2154 707 2204 netu
730 2146 876 2217 majorem,
898 2164 968 2218 quos
986 2148 1105 2220 Pregam
1126 2163 1201 2204 nuuc
1222 2148 1331 2218 ebiego.
1366 2151 1408 2206 De
1425 2166 1487 2206 meo
1504 2150 1596 2208 isthuc

240 2237 360 2294 edsentu
378 2237 496 2294 nondun
513 2235 581 2292 certi
599 2235 665 2306 quid
683 2233 847 2291 concludere
865 2250 986 2305 possum,
1004 2243 1152 2305 antequem
1171 2237 1249 2294 Caes.
1261 2237 1436 2306 Mejeetstem
1454 2253 1487 2294 eo
1505 2255 1594 2296 rerer·

239 2341 298 2392 rum
316 2340 376 2384 esse
388 2323 559 2380 intellexero.
588 2324 686 2394 Neque
698 2323 771 2380 euim
782 2322 849 2394 quid
866 2321 935 2378 elias
952 2321 1034 2378 isthic
1052 2337 1218 2392 mepuopere
1234 2339 1313 2392 epam
1330 2323 1428 2398 debeo,
1444 2342 1497 2383 nec
1508 2327 1594 2384 iiben-

238 2422 283 2469 ter
305 2412 420 2482 eccedo,
444 2413 496 2470 nisi
514 2427 533 2467 e
550 2411 628 2468 crea
645 2409 793 2480 liojestete
818 2409 1028 2468 clementissime
1048 2425 1146 2478 rotor,
1171 2409 1305 2480 siquidem
1321 2412 1350 2468 id
1371 2415 1441 2470 citra
1462 2415 1594 2486 temporie

239 2500 384 2572 eliquelem
394 2500 538 2570 jacturam,
551 2504 581 2555 et
592 2497 755 2566 studiorum,
767 2512 840 2568 quse
851 2512 919 2568 prae
929 2497 1055 2554 menibus
1067 2497 1165 2566 lebeo,
1182 2514 1316 2556 remorum
1328 2501 1389 2564 lieri
1401 2502 1506 2574 nequit.

342 2587 515 2659 Explorandi
533 2584 690 2658 ecrouycirii
708 2584 778 2642 situs
797 2583 896 2642 liertis
915 2591 944 2642 ct
960 2585 1047 2656 iovis,
1065 2589 1124 2641 tum
1141 2601 1251 2658 quoque
1268 2589 1304 2646 ed
1319 2589 1494 2663 Mercurium,
1511 2609 1594 2664 quem

239 2677 358 2734 discrete
376 2681 556 2747 epparentem
574 2671 788 2743 observavimus,
807 2681 865 2730 tum
883 2689 993 2744 quoque
1010 2675 1046 2730 ed
1064 2675 1198 2731 Venerem
1216 2689 1303 2746 eoam,
1320 2692 1392 2746 quae
1409 2678 1528 2736 interdiu
1540 2697 1595 2738 une

238 2783 299 2824 cum
318 2763 382 2822 Sole
400 2766 428 2820 in
446 2761 595 2819 meridiano
614 2761 736 2816 existens
755 2767 912 2830 spectetur,
930 2760 1136 2820 advertendum.
1172 2764 1261 2818 Taceo
1279 2763 1352 2834 quod
1372 2763 1520 2836 Saturnus,
1537 2784 1594 2824 non

237 2855 318 2922 longe
335 2869 353 2909 a
373 2859 400 2915 i]
416 2851 451 2922 Θ
468 2864 548 2906 mane
563 2849 647 2918 jnxte
663 2848 842 2904 meridianum
860 2863 1005 2920 apperens.
1023 2865 1074 2920 pro
1092 2848 1227 2921 perelleri
1245 2851 1320 2906 orbis
1338 2851 1383 2920 (ut
1399 2861 1480 2910 rocet
1492 2855 1593 2926 Copee

238 2943 328 3010 dieue)
346 2947 375 2994 et
392 2937 538 2995 latitudine
563 2952 616 2994 sua
636 2933 761 2992 rimanda
782 2951 838 2991 nou
855 2936 1091 2994 inconvenientem
1110 2937 1240 2996 exhrleet
1262 2941 1443 2996 occasionem.
1478 2942 1595 3000 Accedit

238 3037 267 3086 et
283 3030 345 3100 hoo,
364 3027 438 3100 quod
454 3024 580 3098 proxime
597 3023 678 3080 Luna
695 3021 810 3092 eclipsin
829 3023 965 3095 petietur,
983 3026 1029 3080 oui
1046 3025 1130 3082 etiam
1147 3026 1353 3084 attendendum.
1389 3029 1472 3086 Vides
1490 3031 1593 3104 itaque,

237 3118 274 3174 uri
291 3116 424 3188 lieplere,
449 3123 517 3186 quot
534 3121 564 3170 et
581 3119 685 3185 quante
707 3112 839 3168 exercitia
860 3119 957 3170 nostr-r
979 3113 1165 3172 astronomica
1187 3114 1314 3184 ingerent
1330 3116 1490 3188 obsucuie,
1513 3118 1593 3176 nobis

237 3213 329 3262 tamen
346 3204 422 3260 haud
440 3205 558 3274 ingrate,
576 3217 630 3273 quo
648 3199 739 3257 minue
757 3199 873 3269 Pregem
890 3206 947 3256 tam
965 3200 1037 3270 cito,
1055 3200 1097 3258 uti
1114 3203 1242 3272 opinetur
1260 3217 1304 3272 es,
1323 3217 1469 3260 excurrere
1486 3221 1592 3274 queem

237 3295 327 3350 Tuum
344 3293 440 3362 deque
459 3293 511 3349 erit
527 3290 688 3361 praevenire
705 3304 804 3357 meque
827 3288 874 3344 hio
891 3294 997 3346 metune
1019 3290 1147 3348 inrisere.
1181 3291 1317 3346 Adrenies
1335 3306 1390 3346 uon
1407 3299 1463 3348 tem
1480 3292 1592 3362 hospes,

238 3397 322 3454 quern
339 3381 443 3438 amicus
461 3379 632 3450 gratissimus
654 3385 865 3447 nostrarumque
883 3377 912 3430 in
934 3375 1100 3432 coelestibus
1126 3377 1386 3448 contemplationum
1407 3385 1548 3450 spectator
1564 3391 1594 3436 et

238 3469 331 3526 socius
348 3469 565 3540 acceptissimus.
600 3467 693 3533 Tune,
717 3463 829 3520 volente
846 3463 978 3532 Numine,
1002 3479 1095 3522 coram
1118 3463 1153 3521 de
1175 3464 1308 3534 pluribus.
1344 3465 1413 3521 Vele
1431 3475 1460 3522 et
1476 3467 1592 3536 κοιλ).

238 3558 375 3614 Beronem
397 3553 602 3623 Hoiimannum,
626 3551 670 3609 cui
693 3551 776 3608 etism
800 3550 932 3607 nonnulle
954 3550 1199 3623 congemuistionis
1221 3564 1306 3608 caure
1329 3567 1379 3622 pro
1403 3553 1478 3610 ielioi
1500 3554 1593 3612 reditu

239 3645 346 3716 scripsi,
363 3659 399 3700 ex
416 3658 459 3698 me
477 3640 677 3698 officiosissime
694 3639 824 3696 resaluta.

252 3747 259 3762 ·
342 3731 485 3790 Debentur
502 3735 683 3803 properanter
701 3744 735 3784 ex
753 3743 816 3786 arce
835 3727 1007 3784 Gaesmem
1024 3727 1157 3802 Beneu'oa
1174 3728 1201 3786 d.
1218 3729 1262 3786 26.
1278 3727 1344 3787 rm.
1364 3731 1441 3787 1600.

776 3817 829 3875 Tui
846 3816 1049 3876 ameudrdmus

1277 3879 1371 3959 'l‘pclro¹
1389 3887 1479 3946 Brehe

1317 3975 1396 4048 Mpp.
1410 3993 1448 4034 rc.

343 4085 575 4144 lioiinrtnnus
592 4083 736 4155 respondit
751 4083 788 4140 ed
800 4083 940 4156 Tychouis
950 4081 1045 4140 literas
1062 4081 1136 4153 huno
1148 4084 1176 4140 in
1189 4083 1299 4142 modum
1312 4085 1429 4156 (Praese
1442 4085 1468 4142 d.
1482 4085 1507 4142 3.
1521 4085 1591 4142 Feb·

237 4175 347 4247 rueriiJ:
373 4176 482 4232 Literoe
508 4173 598 4244 Tuas,
620 4173 722 4244 quibua
745 4179 860 4229 metam
883 4171 1027 4244 splendide
1045 4187 1095 4242 per
1113 4175 1236 4243 egregios
1254 4173 1382 4242 juvenes,
1404 4173 1591 4232 internuncios

237 4275 309 4338 tuos,
327 4263 440 4332 salutes,
458 4261 511 4317 mei
528 4274 621 4315 amore
639 4265 668 4316 et
685 4259 918 4316 commendatione
931 4259 1041 4330 plener,
1060 4260 1153 4330 accepi
1156 4300 1246 4322 .....
1277 4261 1358 4331 Quod
1368 4262 1404 4317 D.
1415 4262 1593 4334 Tenpnrgeiii

237 4355 365 4410 vitutem
383 4357 412 4406 ct
429 4349 562 4420 valorem,
587 4363 669 4418 quem
691 4346 752 4418 ipse
770 4347 853 4403 iacies
871 4355 900 4404 et
916 4363 1007 4404 mores
1033 4348 1202 4420 exprimunt,
1227 4350 1309 4406 etiam
1325 4350 1465 4408 litererrrm
1482 4357 1590 4408 tuarum

237 4439 393 4497 testimonio
411 4437 486 4508 apud
503 4451 547 4492 me
564 4439 667 4507 engere
685 4435 735 4492 tibi
751 4436 902 4507 placuerit,
927 4435 967 4492 nil
984 4437 1081 4507 miror3
1108 4441 1153 4494 est
1167 4444 1258 4496 temen
1282 4439 1349 4496 milti
1370 4441 1444 4510 qnod
1460 4441 1590 4512 muter,
1636 4421 1641 4435 ’

238 4537 267 4584 et
283 4527 346 4596 tibi,
365 4525 411 4596 qui
429 4531 536 4580 tentmn
553 4523 755 4581 adolescentem
772 4524 991 4594 cognoscendum
1010 4525 1131 4596 dederis,
1155 4527 1269 4595 gratim
1287 4532 1318 4582 ut
1335 4527 1461 4586 reserem.
1496 4529 1589 4585 ilatio-

238 4629 300 4670 nem
318 4611 425 4668 consilii
442 4611 503 4680 ejus
522 4611 556 4667 de
573 4611 721 4668 Bolremiee
744 4611 796 4667 hec
820 4625 869 4668 ora
885 4613 926 4668 tui
943 4613 1040 4684 procul
1063 4613 1146 4670 dubio
1164 4631 1247 4671 crure
1263 4631 1318 4673 uon
1339 4623 1397 4673 taur
1414 4617 1491 4672 brevi
1508 4615 1589 4672 reliu-

239 4699 354 4770 quende,
372 4699 518 4769 plurimum
536 4701 619 4756 etiam
636 4705 790 4757 neruorum
802 4699 944 4770 iuteresse,
964 4699 1147 4774 approbemus
1159 4710 1188 4759 et
1199 4705 1339 4774 lectrum,
1357 4720 1390 4760 ec
1401 4705 1455 4776 ipsi
1472 4709 1500 4761 et
1511 4719 1590 4775 prae·

238 4786 319 4856 cipue
336 4786 392 4842 iiio
409 4794 458 4844 tuo
476 4805 558 4859 quem
575 4787 697 4850 velemus
715 4795 744 4848 et
760 4789 893 4848 labemus
910 4789 1061 4848 exiliutem
1077 4791 1107 4848 in
1123 4791 1177 4850 lrsc
1193 4791 1258 4850 aule
1280 4797 1403 4850 nostram
1426 4790 1545 4852 fideliter
1561 4795 1590 4849 ct

237 4889 300 4932 cunr
316 4873 445 4932 libertato
462 4875 557 4936 onem.

1399 5045 1415 5077 Ι
