3588 5540
814 375 894 435 1618.
1448 373 1513 444 861

161 559 191 616 et
213 553 328 631 aperiat
350 551 425 631 ipsis
447 549 565 628 oculos,
588 559 621 614 nt
643 555 823 615 conminus
842 551 956 630 judicio
978 555 1093 632 prosint
1114 553 1273 631 ecelesiae,
1295 555 1384 631 quam
1407 553 1516 625 volpn·

161 649 221 702 tats
246 642 358 719 optima
379 641 520 704 nituntur.
564 640 602 700 Et
633 643 704 718 quia
725 640 875 720 R.‘Dign.
898 641 964 701 Tua
996 640 1125 702 dolorem
1151 643 1258 702 latetur
1289 642 1411 718 ejusque
1434 643 1514 702 miti-

161 731 312 804 gationem
334 747 352 788 a
376 745 422 787 me
445 729 528 805 petit,
551 726 683 790 derbem
707 729 932 808 explicationem
956 728 1034 803 dieti,
1059 729 1208 806 „Verbum
1231 746 1299 790 cero
1314 731 1423 788 lactum
1439 730 1515 801 est“,

161 817 300 890 tentabo,
331 815 433 876 iaveat
459 817 570 892 ipsum,
602 817 639 878 de
662 833 721 895 quo
746 819 875 894 agimus,
899 817 1029 878 Verbum
1053 834 1120 878 caro
1142 817 1261 878 iactum.
1314 817 1462 892 Verbum,
1485 817 1515 876 id

162 913 206 966 est
228 905 305 964 intra
326 905 441 977 omnia,
473 920 533 963 non
562 910 659 965 tamen
683 904 827 966 inclusum
850 908 880 963 in
903 904 979 979 illis,
1010 912 1093 964 extra
1115 907 1229 978 omnia,
1259 920 1318 964 non
1342 912 1439 964 tamen
1463 921 1516 964 err·

163 993 275 1052 elusum
298 992 336 1052 ab
358 990 435 1065 illis3
461 989 551 1064 Coro,
575 991 604 1052 id
627 999 674 1053 est
695 993 807 1070 aliquid
829 994 926 1052 minus
947 999 1067 1068 puncto.
1105 991 1182 1052 lllud
1205 991 1349 1053 infinitum
1373 1000 1418 1054 est
1439 992 1517 1052 ultra

163 1079 318 1154 circulum,
352 1078 409 1140 boc
431 1077 561 1140 infinitae
583 1083 752 1158 parvitatis,
782 1089 917 1142 neutrum
944 1082 1033 1156 igitur
1061 1081 1169 1140 circino
1197 1097 1264 1140 meo
1294 1092 1405 1159 aptum.
1449 1078 1517 1142 Hoc

166 1169 286 1228 verbum
308 1173 413 1238 toturn,
436 1183 495 1226 non
518 1184 586 1244 para
609 1186 676 1240 una,
700 1171 850 1246 quianon
874 1175 918 1228 est
931 1167 1076 1244 partibile,
1101 1174 1194 1228 totum
1210 1176 1351 1245 quantum
1374 1176 1516 1245 quantum

164 1263 209 1318 est
230 1257 261 1313 iu
282 1271 339 1314 sua
360 1255 647 1331 ubiquepraesentie,
670 1273 729 1316 non
746 1257 883 1318 deserens
898 1274 942 1331 ea,
967 1256 1073 1332 quibua
1089 1263 1153 1318 erat
1167 1273 1314 1332 praesens,
1337 1273 1403 1316 sese
1419 1265 1516 1316 tamon

164 1351 257 1404 toturn
282 1341 400 1402 demisit
424 1345 454 1400 in
472 1350 586 1402 uterum
602 1342 731 1420 Virginis
754 1345 800 1421 (nt
821 1361 869 1404 me
891 1359 948 1404 non
964 1343 1118 1420 Keplerus,
1141 1343 1194 1404 sed
1210 1344 1412 1404 Damaecanus
1434 1344 1516 1420 loqui

165 1427 261 1510 docet)
283 1447 338 1492 nec
360 1436 458 1490 tamen
484 1429 567 1490 illurn
590 1437 703 1490 uterum
727 1432 836 1509 ubique
857 1440 1042 1510 praesentem
1063 1424 1188 1514 iecit*):
1212 1430 1320 1492 accidit
1342 1449 1446 1509 nempe
1468 1431 1517 1492 bic

165 1516 275 1594 aliquid
304 1518 382 1578 ultra
411 1533 509 1578 meum
538 1526 656 1595 captum
678 1522 903 1595 geometricum,
935 1519 1014 1596 quod
1045 1517 1113 1579 fldol
1142 1519 1235 1579 oculis
1261 1519 1434 1579 intuendum
1461 1526 1515 1594 eat,

165 1609 234 1682 quia
255 1605 356 1666 linitus
377 1611 476 1666 uterus
506 1605 601 1666 lactus
625 1613 669 1666 est
692 1606 729 1666 ad
752 1607 906 1684 hocopus
935 1607 1040 1666 infiniti
1069 1607 1155 1667 verbi
1175 1624 1279 1684 capax.
1323 1607 1406 1666 idem
1429 1607 1516 1684 plana
1554 1605 1561 1628 ⁸

165 1695 303 1767 verbum,
333 1711 388 1754 nec
416 1694 510 1770 magis
533 1701 627 1754 totum
649 1700 679 1754 et
709 1697 927 1772 omnipraesens
954 1711 1009 1755 nee
1037 1697 1149 1768 miuus,
1179 1697 1319 1755 assumsit
1347 1712 1463 1756 earnem
1486 1698 1516 1753 in

165 1784 306 1842 unitatem
328 1780 550 1858 personaefl),
576 1783 689 1849 unitum
705 1785 784 1842 carni
806 1782 925 1842 infinitis
948 1783 1042 1842 modis
1064 1783 1184 1859 propius
1200 1799 1295 1862 'quam
1319 1790 1415 1858 utero,
1440 1800 1518 1860 quae
1620 1823 1623 1834 ‚

166 1871 283 1930 duionis
308 1870 383 1929 ratio
407 1871 436 1926 in
460 1885 520 1945 quo
544 1870 694 1943 consistat,
717 1887 754 1930 ue
777 1869 876 1946 angeli
898 1868 1016 1947 quidem
1032 1871 1150 1947 penitus
1166 1870 1388 1948 explicaverint,
1410 1867 1541 1932 nedum'

166 1963 199 2018 ut
219 1975 272 2033 per
292 1956 467 2016 intinitatem
489 1957 673 2032 praesentiae
695 1960 724 2015 in
748 1965 778 2016 et
800 1966 882 2018 extra
904 1966 1053 2018 creaturae
1077 1957 1240 2033 definiatur,
1264 1966 1293 2018 et
1308 1975 1421 2018 mrsum
1437 1958 1520 2018 finita

167 2049 261 2106 carnia
285 2045 515 2120 circumscriptio
537 2044 617 2104 iacta
640 2051 685 2104 cst
707 2044 812 2104 infiniti
836 2044 926 2104 Verbi
949 2047 1214 2123 omnipraesentiae
1238 2063 1340 2123 caper.
1379 2045 1410 2106 Si
1425 2049 1547 2106 ratio-t
1650 2091 1654 2108 .

165 2150 231 2194 nem
254 2134 462 2210 geometricam
485 2133 610 2205 intueor,
635 2131 737 2192 videor
758 2132 830 2192 mibi
852 2133 1078 2193 contradictoria
1095 2133 1198 2207 dicere,
1221 2151 1280 2194 non
1304 2133 1436 2194 deserere
1452 2135 1520 2194 ubi-

166 2223 420 2298 quepraesebtiam
443 2225 473 2280 et
496 2226 594 2280 tamen
616 2227 710 2280 totum
733 2223 762 2277 in
784 2228 900 2280 uterum
925 2221 1115 2295 descendere,
1145 2231 1239 2280 totum
1262 2224 1337 2281 uniri
1361 2223 1442 2281 carni
1463 2224 1521 2282 cir-

167 2311 369 2385 cumscriptae,
392 2314 487 2368 toturn
510 2307 642 2367 Verbum
664 2306 798 2368 babitare
820 2310 849 2366 in
873 2309 966 2383 nobis,
991 2317 1083 2368 toturn
1107 2308 1245 2384 verbum,
1277 2311 1366 2370 etiam
1388 2309 1468 2386 quod
1490 2311 1521 2368 iu

167 2395 249 2457 coelo
272 2403 334 2470 est,
364 2394 490 2473 pendere
512 2397 544 2454 in
566 2412 625 2454 una
647 2394 734 2455 locali
764 2412 849 2456 eruce
871 2414 924 2472 pro
947 2395 1042 2457 salute
1065 2396 1232 2471 bominum,
1256 2413 1310 2456 nec
1332 2406 1429 2457 tamen
1453 2414 1522 2456 eru·-

167 2501 252 2557 cem,
274 2486 305 2542 in
334 2500 395 2560 qua
420 2483 526 2543 suliire
548 2485 678 2542 omnium
704 2489 841 2560 peccate,
871 2484 943 2544 alibi
971 2487 1027 2544 nisi
1055 2487 1085 2543 in
1108 2483 1227 2545 Judaee
1257 2483 1392 2544 deliram.
1438 2483 1521 2544 Haeo

168 2577 264 2632 tamen
287 2573 387 2632 omnia
400 2569 507 2644 -eredo,
528 2573 601 2648 quia
622 2572 794 2647 praescribit
817 2571 927 2632 clarum
950 2572 1007 2632 Dei
1029 2571 1151 2632 uerbum
1175 2574 1441 2648 interpretaturque
1463 2573 1521 2632 Del

168 2659 305 2734 ecelesia,
337 2666 437 2736 patres
460 2675 496 2718 er
520 2658 621 2718 ordine
645 2675 760 2732 omnes,
792 2675 852 2718 non
874 2659 995 2720 excluso
1017 2675 1113 2736 neque
1135 2659 1265 2719 Lutbero
1288 2676 1383 2736 neque
1405 2658 1521 2720 Haien·

168 2747 279 2822 reffero,
303 2753 333 2822 et
355 2749 381 2808 ai
404 2745 475 2823 quid
498 2747 587 2806 etiam
610 2745 707 2807 adbuc
729 2745 799 2806 addi
821 2753 926 2824 potest,
950 2750 1022 2824 quia
1044 2747 1174 2806 thesauri
1198 2747 1279 2806 verbi
1302 2747 1360 2806 Dei
1382 2754 1451 2806 eunt
1474 2749 1521 2806 in-

168 2835 319 2909 exbanatl3
343 2832 546 2896 tantummodo
569 2851 605 2893 no
622 2837 688 2911 quie
703 2833 817 2894 meliori
832 2834 922 2895 allata
944 2837 1182 2911 interpretatione
1199 2833 1317 2894 damnet
1331 2833 1421 2907 illam,
1446 2851 1522 2910 qnae

167 2914 287 3000 longina
309 2921 394 2984 abest
416 2940 434 2980 a
457 2921 568 2980 divitiis
592 2924 653 2982 reri
671 2939 796 2994 sensns,
826 2939 922 2999 neque
952 2940 989 2984 ex
1011 2941 1065 2981 aua
1088 2924 1326 2998 interpretatione
1357 2920 1522 2982 locutiones

169 3019 287 3072 ceteras
309 3025 404 3071 rernm
427 3008 558 3069 cilinium
572 3008 795 3070 Nestoriauismi
810 3017 958 3090 coarguat,
982 3027 1058 3088 quaa
1080 3009 1216 3070 adbibuit'
1235 3011 1385 3084 vetustam
1408 3016 1440 3070 ut
1456 3023 1522 3068 curn

169 3097 328 3175 Gregorius
351 3097 555 3158 Nazianzenus
579 3099 634 3171 ait,
667 3096 814 3156 Christum
836 3099 865 3156 in
889 3097 1026 3158 cordibus
1049 3100 1156 3158 nostris
1177 3096 1310 3157 babitare
1332 3113 1391 3156 non
1414 3113 1522 3156 secun-

141 3186 236 3251 ‚dum
264 3185 412 3247 visibilem
443 3193 593 3254 naturam,
623 3183 675 3244 sed
704 3184 864 3244 secundum
892 3185 1081 3246 invisibilem.
1134 3185 1239 3245 Liceat
1267 3197 1333 3245 cnm
1363 3183 1521 3261 Fulgentio

171 3273 277 3348 dicere,
300 3289 359 3332 uon
382 3273 511 3333 deseruit
533 3271 656 3342 coelum,
679 3289 745 3332 cum
768 3276 797 3330 in
821 3273 911 3333 Terra
933 3291 1049 3334 carnem
1072 3275 1196 3350 accepit,
1219 3280 1248 3332 et
1271 3289 1357 3332 carna
1380 3289 1523 3332 conscen-

171 3362 243 3422 dens
271 3364 302 3420 in
329 3360 461 3433 coelum,
491 3377 562 3420 suos
589 3361 619 3418 iu
646 3368 723 3419 terre
752 3359 905 3420 diuinitate
936 3378 994 3421 uon
1025 3361 1140 3422 deserit
1186 3359 1253 3420 Hoc
1281 3363 1358 3421 enim
1387 3361 1522 3436 promisit

171 3449 285 3524 dicens,
313 3465 401 3526 ,ecce
423 3464 480 3524 ego
503 3464 552 3509 ero
576 3447 760 3508 vobiscum⁴‘.
805 3447 919 3508 Similia
943 3447 1099 3525 Origenes,
1131 3448 1276 3524 vigilius,
1308 3448 1520 3521 Damascenna,

172 3536 309 3616 cyrillus.
354 3535 504 3596 Putabant
526 3535 676 3612 discipuli,
707 3536 863 3596 multorum
894 3537 950 3596 sibi
979 3535 1228 3598 incommodorum
1255 3553 1373 3596 causam
1397 3537 1523 3596 suturam

171 3627 335 3686 absentiam
359 3623 482 3698 Cbristi,
514 3631 546 3682 ut
567 3623 693 3683 bominis
717 3623 799 3696 dieo,
830 3623 912 3683 Deus
936 3626 1012 3686 enim
1035 3625 1144 3702 ubique
1167 3623 1266 3697 adeat,
1293 3623 1346 3684 sed
1369 3625 1524 3699 oportebat
1613 3698 1614 3709 ἵ

171 3729 229 3774 οοο
253 3713 351 3772 solum
374 3713 404 3770 in
427 3727 542 3770 carnem
566 3711 683 3783 Gbrieti,
706 3711 759 3772 sed
782 3711 869 3771 etiarn
892 3713 922 3770 in
947 3711 1085 3772 deitatem
1108 3712 1172 3788 ejns
1195 3713 1353 3788 respicere:
1383 3712 1523 3770 ineffabili

172 3800 291 3863 deitatis
319 3805 467 3876 potestate
496 3814 610 3875 semper
637 3815 696 3858 nna
726 3817 792 3860 eum
820 3801 862 3860 eis
890 3800 1005 3860 iuturus
1035 3807 1111 3873 erat,
1142 3801 1258 3860 etiamsi
1288 3815 1375 3859 carno
1397 3801 1523 3872 abesset,

170 3887 259 3948 liceat
281 3904 348 3947 cum
370 3885 481 3962 Vigilio
503 3888 709 3963 argumentari.
754 3886 785 3947 Si
815 3887 897 3946 verbi
920 3895 950 3947 et
971 3890 1066 3947 carnia
1090 3903 1148 3946 nna
1177 3895 1284 3946 natura
1312 3895 1374 3958 eat,
1405 3895 1438 3946 ut
1461 3885 1525 3945 vult

171 3974 331 4054 Eutyches,
356 3973 514 4051 quomodo,
537 3989 602 4034 cum
627 3975 747 4034 verbum
771 3976 880 4050 ubique
902 3976 956 4048 sit,
979 3991 1037 4033 non
1060 3975 1170 4052 ubique
1193 3977 1360 4035 inveniatur
1381 3981 1411 4034 et
1433 3972 1523 4033 carol
1646 3975 1650 3986 '

170 4063 307 4140 Nemone
329 4061 449 4139 quando
477 4063 507 4121 in
530 4071 607 4122 terra
629 4063 696 4134 luit,
728 4079 785 4122 non
803 4070 881 4122 ·eret
909 4063 1019 4140 ubique
1042 4065 1071 4120 in
1094 4062 1177 4124 coelo
1200 4071 1255 4124 ate.
1302 4061 1379 4135 Quia
1401 4060 1523 4120 verbum

171 4152 281 4228 ubique
306 4157 360 4224 est,
384 4166 451 4210 carn
474 4156 573 4210 eutem
596 4150 661 4226 ejus
683 4150 792 4226 ubique
815 4156 949 4224 nonest,
973 4157 1103 4228 apparet,
1127 4167 1217 4210 unum
1240 4148 1423 4224 eundemque
1437 4147 1524 4207 cbri-

172 4245 249 4299 stum
273 4241 427 4314 utriusqus
450 4253 514 4298 esse
537 4245 669 4298 naturae.
713 4238 800 4298 'l'alia
821 4253 886 4297 curn
909 4238 1040 4298 scribant
1061 4247 1172 4315 patres,
1203 4253 1261 4298 non
1284 4243 1382 4296 tamen
1405 4242 1524 4311 negant,

172 4325 279 4386 Filium
311 4325 439 4386 bominis
462 4333 492 4385 et
514 4324 550 4385 de
574 4323 657 4385 coelo
678 4323 863 4386 descendisse
893 4327 974 4386 etin
997 4325 1081 4386 coelo
1109 4343 1184 4386 asse.
1228 4325 1330 4401 Neque
1352 4330 1450 4382 temen
1473 4322 1524 4382 vel

175 4411 308 4474 cbristus
332 4412 380 4473 rel
393 4411 530 4488 Apostoll
553 4412 601 4474 vel
623 4420 740 4490 patrum
762 4412 841 4472 ullus
856 4420 1007 4489 geometra
1027 4414 1093 4486 tuit,
1115 4429 1211 4489 neque
1233 4412 1318 4470 nobis
1333 4417 1399 4468 ortu
1421 4417 1523 4485 poste·

174 4502 243 4562 rlore
265 4510 296 4564 et
319 4517 389 4562 ecce
403 4499 549 4578 Keplerua
570 4507 721 4580 geometra
744 4500 853 4562 clausis
874 4503 1053 4579 geometriae
1075 4500 1168 4562 oeulis
1189 4497 1247 4559 tide
1268 4495 1409 4557 adhaeret
1429 4498 1525 4576 serip-

276 4759 300 4823 ⁸)
319 4757 485 4812 Halanrefferi
502 4763 655 4826 inaminata:
676 4761 852 4813 Mathematiee
870 4763 1005 4816 stulteaclr.

264 4829 302 4900 “l
322 4831 522 4886 lieteuradtans:
540 4831 759 4900 Omnipneaentta
776 4849 807 4886 ea
825 4833 923 4888 Unioue
940 4829 1068 4898 personali
1085 4828 1199 4882 resultat.
