3624 5554
465 425 644 526 amanum
662 423 1205 484 moenimenomaesaooxvr.
1459 391 1523 496 obi

408 607 660 680 mundonis
682 609 877 670 calendarii
899 611 1103 682 caesariani
1124 563 1285 682 perpetui

578 713 830 792 schristophoro
854 711 958 775 (llario
982 694 1108 792 scriptae

757 813 940 872 Emaculatio.

264 927 296 984 1.
323 920 603 1006 Quartodecimanis
625 943 678 1004 pro
703 941 798 986 errore
821 922 869 984 vel
886 923 1002 984 haeresi
1018 921 1128 997 tribuit,
1150 921 1263 1000 pascha
1277 921 1424 984 interdum
1446 921 1525 986 cele·

160 1009 240 1070 brare
264 1027 339 1070 cum
362 1009 490 1074 ludaeis
513 1011 598 1074 Luna
620 1011 734 1074 decima
756 1019 870 1090 quarta.
916 1009 973 1070 Hic
995 1013 1051 1070 tria
1075 1010 1214 1072 dicenda:
1243 1011 1383 1072 Primum.
1414 1010 1524 1072 Judaei

163 1097 272 1174 pascha
297 1099 588 1161 celebrarunthuna
611 1100 724 1161 decima
747 1107 852 1177 quarta
875 1115 933 1158 neu
955 1100 1114 1176 incipiente
1136 1099 1189 1159 sed
1210 1098 1338 1175 finiente,
1361 1101 1434 1160 hora
1449 1117 1526 1175 quae

167 1193 206 1246 eet
227 1187 351 1245 initium
376 1205 554 1264 azymorum.
601 1187 747 1249 Secundo.
781 1179 939 1247 Chlistiani
964 1195 1076 1247 veteres
1100 1189 1278 1247 ceremonias
1301 1187 1456 1265 paschales
1487 1187 1525 1246 ad

169 1275 364 1333 imitationem
381 1273 524 1336 ecclesiae
539 1275 686 1336 Judaieae
703 1280 874 1352 inceperunt
889 1273 988 1333 itidem
1003 1294 1022 1333 a
1040 1292 1162 1350 vespera
1178 1275 1379 1336 antecedente.
1414 1274 1525 1335 Tertio.

169 1359 230 1420 Non
255 1371 302 1421 eet
325 1361 456 1422 haeresis
481 1364 528 1424 vel
551 1380 637 1438 error,
662 1361 774 1442 pascha
799 1362 943 1422 interdum
967 1361 1113 1423 celebrare
1129 1363 1233 1423 eodem
1248 1362 1295 1422 die
1312 1381 1378 1423 cum
1392 1359 1526 1436 Judaeis,

171 1447 329 1509 dnmmodo
358 1449 422 1509 dies
456 1468 608 1527 vesperam
638 1451 808 1528 paschalem
836 1449 1020 1510 Judaeorum
1051 1467 1178 1526 sequens
1206 1453 1244 1510 eit
1277 1450 1339 1510 dies
1370 1450 1525 1514 dominica

170 1535 215 1595 llli
244 1555 316 1597 vero
348 1537 491 1598 haeretiei
521 1539 771 1614 quartadecimani
800 1536 868 1598 ideo
896 1539 938 1597 sic
961 1537 1030 1596 dicti
1054 1546 1136 1612 suut,
1170 1538 1248 1615 quod
1278 1537 1389 1614 pascha
1412 1555 1527 1615 semper

171 1641 234 1684 eum
257 1623 385 1685 Judaeis
408 1626 627 1702 quartadecima
648 1625 734 1686 Luna
763 1625 883 1686 finiente
914 1624 1119 1686 celebrandum
1149 1633 1323 1688 censuerunt
1352 1643 1526 1703 quacunque

170 1711 241 1773 ieria
262 1712 466 1773 hebdomadis.

275 1807 305 1860 2.
330 1799 439 1861 Veram
454 1819 575 1863 causam
591 1800 733 1876 desidero,
757 1819 808 1862 eur
829 1802 914 1861 initio
929 1799 1029 1861 bullae
1046 1797 1182 1878 Gregorii
1197 1799 1405 1884 Galeridarium
1421 1800 1526 1860 dixerit
1557 1819 1559 1825 ·

171 1896 356 1966 perpetuum.
393 1889 468 1949 Nam
491 1891 516 1948 si
540 1907 597 1949 vox
620 1897 849 1968 perpetuum
873 1888 911 1949 ad
933 1889 1029 1966 solum
1053 1888 1167 1966 cyclum
1183 1898 1352 1967 epactarum
1378 1892 1526 1964 insertum,

172 1995 293 2036 aureum
316 1993 470 2036 numerum
501 1985 644 2037 remotum
672 1977 809 2049 retertur,
840 1975 933 2036 multa
962 1993 1031 2053 ergo
1054 1979 1083 2034 iu
1105 1975 1158 2036 illa
1187 1975 1269 2036 bulla
1291 1978 1327 2037 de
1351 1979 1527 2054 aequatione

173 2063 248 2142 cycli
270 2063 377 2124 solaris
401 2071 429 2125 et
452 2063 526 2142 cycli
549 2072 718 2142 epactarum
741 2073 841 2138 eruut,
875 2080 951 2140 quae
974 2081 1032 2124 uon
1056 2065 1273 2144 praecipiuntur
1295 2066 1352 2124 niel
1376 2065 1432 2125 suh
1456 2082 1528 2124 con·
1572 2102 1577 2108 -

174 2151 286 2211 ditione
308 2150 373 2227 hac,
397 2150 542 2227 siquidem
564 2151 775 2230 posterioribus
790 2151 969 2232 temporibus
979 2165 1054 2211 'vera
1069 2153 1237 2231 apparitura
1259 2154 1327 2226 siut,
1351 2169 1427 2228 quae
1441 2151 1529 2212 hodic
1597 2158 1602 2166 “

174 2239 209 2298 de
232 2239 360 2298 siderum
384 2241 508 2299 scientia
529 2250 672 2302 tenemus.
716 2239 890 2314 Fatendum,
914 2239 1062 2298 confusius
1085 2238 1175 2319 paulo
1198 2242 1336 2318 scriptam
1358 2239 1468 2301 bullam
1491 2239 1529 2299 ab

173 2327 354 2404 imperitiori,
377 2325 567 2388 adulantibus
590 2345 714 2404 quorum
737 2336 799 2388 erat
814 2326 965 2387 revidendi
982 2344 1079 2406 opera.
1117 2325 1153 2387 Id
1169 2326 1289 2388 Clarius
1304 2327 1424 2389 honoria
1439 2345 1530 2388 eausa

174 2421 270 2476 lacere
295 2415 398 2491 utique
422 2413 531 2490 debuit,
557 2417 671 2484 reniam
694 2417 783 2492 igitur
805 2421 941 2476 meretur.

278 2509 309 2563 3.
330 2499 484 2576 Rationes,
501 2520 551 2562 cur
567 2521 653 2563 veros
669 2512 766 2563 motus
783 2501 907 2563 ecelesia
922 2519 981 2562 non
997 2510 1146 2580 sequatur,
1161 2520 1220 2562 nou
1235 2512 1378 2583 pugnanq
1401 2505 1531 2581 genuina

172 2599 332 2650 causaest
364 2591 488 2664 omissa,
522 2591 672 2651 arbitrium
696 2589 855 2664 ecclesiae,
887 2608 962 2667 quae
991 2589 1057 2650 sola
1079 2598 1109 2650 et
1133 2593 1219 2651 unica
1245 2609 1336 2652 causa
1365 2591 1396 2650 id
1419 2592 1529 2651 lactum

171 2679 295 2750 stabilit,
320 2685 436 2738 ceterae
458 2676 543 2738 lacilc
565 2677 713 2757 profligari
736 2687 874 2756 possunt„¹
914 2677 1030 2736 Deinde
1060 2677 1234 2738 affirmatum
1257 2695 1315 2739 non
1340 2679 1442 2739 debuit
1464 2695 1530 2738 esse

170 2765 309 2842 generale
332 2765 369 2826 de
393 2765 529 2825 omuibus
551 2767 630 2826 veris
652 2766 782 2826 motibus
809 2766 923 2842 ejectis,
947 2767 1088 2826 retinetur
1111 2768 1188 2847 euim
1211 2783 1299 2825 verns
1322 2774 1418 2826 motus
1441 2764 1529 2826 Solis.

171 2851 238 2912 Non
261 2861 340 2913 certe
370 2850 472 2913 debuit
500 2869 564 2913 esse
593 2852 731 2930 generale
761 2853 936 2913 affirmatum
965 2852 1001 2914 de
1030 2853 1165 2914 omnibns
1195 2852 1299 2914 mediis
1329 2854 1458 2913 motibus
1480 2870 1530 2912 re·

173 2944 276 3014 tentis,
299 2958 369 3000 narn
392 2943 422 2998 in
451 2939 520 3000 Sole
550 2941 639 3001 medii
666 2949 763 3001 motus
790 2958 851 3002 uou
873 2949 1015 3006 tenentur.
1052 2941 1160 3000 Nititur
1183 2941 1347 3002 emendatio
1371 2938 1531 3002 calendarii

171 3025 336 3088 secundnm
359 3028 507 3088 decretum
529 3027 659 3089 Nicenae
681 3027 786 3107 synodi
809 3027 989 3088 instituenda
1010 3045 1070 3088 non
1093 3029 1221 3090 motibus
1244 3027 1419 3090 coelestibus
1441 3044 1530 3106 prae-

172 3117 232 3175 cise
255 3117 427 3194 praescitis,
460 3113 512 3175 sed
536 3115 688 3176 voluntate
711 3117 839 3194 supremi
862 3133 1011 3176 sacrorum
1033 3117 1185 3190 antistitis,
1210 3116 1249 3177 ad
1271 3115 1455 3176 commodum
1478 3131 1529 3174 eo·

172 3203 291 3278 clesiae,
315 3201 488 3264 facilitatem
511 3202 617 3265 calculi
639 3212 668 3264 et
690 3202 861 3264 scandalum
884 3203 1038 3264 vitandum
1061 3205 1252 3282 respicientis.

280 3297 310 3351 4.
325 3289 391 3351 Nou
409 3289 508 3350 debuit
524 3308 631 3368 negare
648 3308 748 3351 verum
759 3293 978 3380 aequinoctium
992 3291 1153 3368 aliqnando
1169 3292 1298 3352 loturum
1309 3292 1357 3351 die
1370 3290 1531 3352 helladii

173 3377 360 3456 Gregoriani.
405 3377 504 3438 Primo
527 3396 585 3437 nou
610 3377 762 3456 distinguit
786 3396 889 3440 vocem
905 3381 1091 3455 aequinoctii,
1115 3379 1369 3456 quodaliquando
1384 3388 1429 3440 est
1446 3378 1530 3441 locus

172 3467 228 3528 sub
252 3467 328 3538 lixis,
352 3465 513 3544 aliquando
537 3475 651 3544 tempus
674 3484 727 3526 seu
750 3469 890 3526 terminus
914 3469 1067 3546 temporis,
1090 3476 1246 3544 utrumque
1269 3486 1371 3528 verum
1395 3465 1443 3527 vel
1466 3484 1529 3526 me-

172 3555 263 3616 dium.
296 3553 395 3615 Primo
411 3555 607 3630 significatum
630 3555 847 3632 aequinoctium
870 3571 929 3615 nou
952 3561 1049 3635 potest
1071 3553 1128 3615 dici
1150 3555 1208 3616 hoc
1222 3554 1271 3616 vel
1291 3555 1344 3616 illo
1359 3553 1406 3616 die
1421 3554 1531 3628 Martii,

169 3641 224 3704 sed
245 3642 306 3704 hoc
329 3640 378 3702 vel
400 3640 451 3702 illo
474 3641 540 3703 loco
563 3642 706 3722 sphaerae
730 3641 860 3706 lixarum

1134 3777 1216 3837 medii

1133 3901 1190 3942 ieri

657 3830 746 3889 medio
764 3839 806 3889 est
824 3830 897 3888 linea
914 3837 1005 3890 motus
1018 3829 1090 3908 Solis
1260 3832 1304 3890 die
1322 3829 1457 3890 Martii..
1472 3870 1498 3886 ..

205 3971 296 4042 Igitur
314 3971 344 4027 in
361 3972 525 4044 aequinoctii
543 3969 604 4029 loco

657 4129 722 4170 vero
740 4119 784 4168 est
799 4112 874 4168 linea
890 4119 981 4170 motae
1000 4113 1072 4170 Solis
1133 4059 1216 4117 medii
1257 4115 1301 4170 die
1320 4113 1414 4170 Martii
1428 4151 1437 4174 .
1452 4154 1459 4170 .
1474 4150 1500 4169 ..

1133 4183 1190 4224 veri

276 4289 416 4356 Secundo
430 4291 603 4352 Protenicas
625 4291 735 4369 allegat
749 4309 910 4370 perperam,
933 4299 967 4352 ut
987 4310 1064 4372 quae
1078 4311 1137 4354 non
1154 4295 1190 4355 de
1205 4303 1335 4372 tempore
1351 4293 1527 4370 aequinoctii

171 4378 262 4442 medii
284 4389 320 4441 ut
345 4379 476 4453 Clarius,
503 4379 557 4439 sed
580 4379 616 4441 de
639 4381 704 4441 loeo
725 4381 905 4457 aequinoctii
927 4382 983 4441 suh
1006 4381 1072 4441 flris
1094 4381 1262 4458 loquuntur.
1308 4381 1407 4440 Tertio
1430 4379 1532 4439 Mole-.

172 4471 245 4530 dam
274 4467 400 4530 adducit
428 4465 644 4547 particulariter
675 4469 859 4545 loquentem,
894 4485 930 4528 ae
960 4470 985 4528 si
1015 4469 1189 4546 generaliter
1219 4470 1363 4546 loquatur.
1416 4467 1528 4542 Estque

171 4557 198 4617 ie
215 4558 280 4635 jam
304 4575 325 4618 a
347 4557 482 4634 partibus
506 4553 654 4632 Gregorii,
685 4558 755 4632 quia
776 4557 921 4632 posterior
942 4558 1058 4633 scripsit
1079 4564 1109 4616 et
1132 4557 1248 4617 tabulas
1270 4554 1388 4631 quidem
1412 4553 1529 4631 Grego-

167 4647 276 4708 rianas.
325 4643 441 4720 Qnmto
470 4650 574 4704 contra
601 4641 743 4704 ecelesiae
774 4643 957 4704 voluntatem
980 4643 1139 4720 (siquidem
1166 4661 1230 4704 eam
1258 4650 1336 4702 reete
1364 4643 1528 4720 explicasse
1554 4703 1557 4708 l

166 4735 359 4808 emcesscro)
392 4729 525 4792 defendit
553 4737 664 4791 motum
695 4729 774 4790 Solis
805 4747 907 4791 rerum
940 4732 1035 4808 ejecto
1064 4731 1176 4803 medio,
1207 4729 1296 4805 idque
1323 4731 1528 4809 praesentibus

161 4823 283 4888 ucula.
334 4820 448 4898 Quinto
472 4819 578 4878 luteris
600 4817 708 4880 seculis
730 4835 826 4894 neque
848 4835 950 4880 rerum
972 4833 1070 4895 neque
1091 4812 1219 4880 medium
1234 4815 1312 4876 Solis
1328 4826 1439 4878 motum
1455 4835 1529 4879 cou-

156 4915 229 4978 rnlit
254 4916 287 4973 in
313 4909 540 4987 computatione
562 4907 750 4984 aequinoctii,
772 4905 826 4969 sed
848 4913 962 4970 tantum
983 4921 1088 4970 vuum
1109 4903 1280 4968 etmedlum
1303 4903 1402 4970 locum
1422 4907 1529 4987 aequi-

208 5013 312 5073 repleri
327 5011 408 5069 opera
421 5007 488 5054 lm·
1287 5005 1323 5066 43
1371 4998 1375 5016 ’
