3612 5538
607 441 650 499 De
666 439 760 498 suricis
777 445 806 498 et
823 439 975 512 fautoribus
992 441 1114 515 Keplsri.
1476 443 1540 514 981

192 625 271 686 tione
293 620 445 701 respondit
467 626 496 682 at
518 637 576 682 non
599 619 689 682 modo
710 622 740 679 in
763 618 923 682 refellendo
946 618 1115 682 adversario
1137 622 1230 684 multo
1244 623 1379 687 inferiore
1394 627 1541 702 egregiam

192 714 282 772 animi
304 712 437 772 servarit
459 708 708 786 tranquillitatem,
732 707 785 769 scd
807 710 896 770 etiarn
910 706 1042 787 pluribus
1058 711 1252 786 cogitationes
1274 729 1345 773 suas
1368 721 1399 772 et
1412 715 1542 774 rationes

192 797 360 876 explicavit,
384 797 655 874 abongomontani
673 796 786 874 judicio
800 795 888 873 louge
903 805 1039 870 remotas,
1064 813 1140 872 quae
1162 797 1228 858 alita
1252 800 1428 873 bominibus,
1451 817 1541 877 quam

193 889 242 966 qni
266 887 322 959 bic,
348 884 563 962 ,remeantum
589 883 737 960 quondam
755 883 913 962 Tycbonis,
938 891 968 944 et
990 883 1130 944 haeredes
1153 894 1236 946 erant
1257 884 1392 966 (qnorum
1415 888 1489 948 forte
1511 895 1542 950 et

193 992 281 1035 causa
304 981 332 1034 et
355 975 471 1032 nomine
487 970 622 1054 scripsit),
646 988 703 1030 non
726 970 821 1030 solum
844 971 880 1032 de
903 972 1031 1031 maxima
1045 970 1166 1050 Kepleri
1189 973 1351 1034 studiorum
1374 976 1541 1036 sinceritate

192 1063 315 1138 ejusque
338 1061 519 1120 humanitate
543 1059 760 1140 persuaderent,
782 1057 834 1118 sed
850 1061 938 1119 ctiam
953 1075 1067 1120 summa
1089 1059 1178 1136 bajus
1200 1063 1319 1122 muimi
1341 1063 1451 1139 ingenii
1473 1062 1541 1122 alfl-

192 1157 291 1210 cerent
306 1147 507 1210 admiratione.
539 1146 703 1225 Responsio
717 1146 838 1223 Kepleri
861 1146 976 1223 legatur
997 1145 1057 1208 rol.
1074 1145 1130 1208 ΙΙΙ,
1153 1165 1181 1226 p.
1198 1151 1238 1207 32
1254 1165 1305 1222 aa,
1328 1151 1375 1208 cni
1398 1149 1541 1228 epistolae

192 1237 466 1312 abungomontano
489 1251 567 1294 anno
583 1235 699 1295 demum
719 1237 810 1295 loto.
826 1251 996 1312 responsum
1012 1241 1073 1310 ast;
1097 1251 1191 1311 nsque
1206 1233 1244 1296 sd
1259 1235 1289 1294 id
1304 1245 1420 1314 tempus
1434 1255 1466 1298 ss
1480 1254 1540 1298 non

194 1322 379 1406 respondisse
401 1323 516 1396 scribit,
549 1321 649 1399 ,quod
670 1321 817 1401 peculiare
853 1315 927 1381 nihil
958 1322 1148 1382 continebant
1175 1330 1290 1401 praeter
1323 1326 1541 1396 exeusationem

193 1413 305 1472 tuam“.
338 1409 472 1470 Ceterum
496 1427 614 1489 prorsus
636 1409 727 1470 alium
749 1426 784 1468 ae
806 1415 894 1470 antea
916 1425 949 1468 as
964 1409 1086 1486 praebet
1101 1409 1216 1485 etquid
1231 1409 1376 1488 Keplerus
1392 1411 1429 1472 da
1444 1419 1542 1473 aeuo·

59 1497 63 1508 ’
192 1501 292 1559 nomia
315 1500 424 1576 optima
446 1499 591 1572 meruerit,
615 1496 816 1557 lubentissime
838 1497 1000 1556 confitetur.
1045 1496 1090 1556 lle
1112 1497 1292 1558 Academiae
1314 1497 1471 1575 Prageusis
1493 1518 1544 1561 re·

192 1589 343 1646 stitutione
365 1603 431 1646 sese
455 1587 631 1664 comperisse
654 1585 756 1645 scribit
776 1585 892 1660 sibique
915 1585 1073 1644 maximum
1097 1583 1225 1644 futurum
1248 1601 1313 1646 esse
1335 1585 1492 1664 gaudium,
1516 1589 1549 1646 si‘

192 1673 252 1734 illic
273 1673 402 1752 Keplero
425 1671 558 1733 docenda
579 1671 784 1732 mathematice
807 1673 990 1730 tribueretur.

224 1793 231 1804 ι
299 1760 450 1839 Tyebonis
473 1761 524 1836 qni
546 1767 629 1819 arant
651 1761 731 1838 prius
753 1757 916 1834 adjutores,
939 1757 960 1818 J
970 1775 1112 1820 oannes
1135 1758 1300 1834 Eriksen,
1324 1759 1542 1821 Ambrosius

197 1847 249 1908 ltu
261 1847 392 1920 odius,
414 1846 436 1907 J
444 1863 590 1907 oannes
605 1845 702 1906 Mit'll
714 1863 812 1920 arne,
836 1848 887 1922 qai
901 1844 1060 1926 Keplernm
1076 1845 1154 1925 apud
1170 1845 1340 1924 'Pythonem
1356 1857 1386 1908 et
1401 1855 1544 1909 noverant

194 1945 223 1996 et
243 1935 364 1995 maximi
386 1937 622 2008 aestimaverant,
646 1942 750 2013 postea
767 1951 885 2010 quoque
907 1935 1056 2010 antiquam
1080 1937 1110 1992 iu
1124 1933 1283 2014 Keplernm
1306 1933 1392 1996 fldem
1415 1942 1445 1996 et
1466 1938 1554 1998 ami·

196 2026 295 2084 citiam
318 2024 558 2093 observaremnt,
581 2022 665 2098 cnjus
688 2023 730 2081 rei
752 2028 820 2080 sunt
842 2023 1009 2081 testimonio
1031 2021 1284 2102 frequentissimae
1306 2021 1375 2084 illac
1398 2021 1436 2082 ad
1458 2021 1545 2101 Kep-

192 2111 285 2172 lerunr
307 2111 345 2170 ab
375 2109 433 2168 illie
461 2111 585 2188 scriptas
614 2107 756 2187 epistolae
780 2106 913 2188 (Kepleri
942 2110 1035 2188 ipsius
1062 2109 1165 2170 literae
1186 2126 1245 2169 non
1272 2107 1408 2183 enatam).
1451 2109 1545 2172 Vete-

192 2215 358 2260 remanum
389 2199 558 2262 societatem
588 2205 617 2256 ct
644 2197 803 2256 amicitiam
824 2195 953 2274 Keplerc
982 2199 1012 2254 in
1043 2199 1212 2257 memoriam
1234 2205 1375 2258 revocant
1402 2197 1546 2258 eundem-

192 2303 250 2363 que
273 2285 309 2344 de
333 2285 461 2360 negotiis
483 2286 558 2358 suis,
592 2285 680 2367 etiam
704 2283 741 2344 do
761 2285 852 2344 variis
874 2281 962 2343 robus
992 2283 1118 2362 publicis
1140 2282 1279 2356 edocent,
1312 2292 1345 2345 ut
1366 2284 1544 2359 Eriksen,

192 2375 242 2452 qni
265 2381 327 2432 tum
350 2374 379 2430 in
403 2371 508 2448 Belgis
531 2379 602 2444 erat,
625 2370 661 2432 de
685 2368 831 2431 Ostendes
846 2371 926 2430 urbis
942 2371 1111 2434 obsessione
1127 2373 1244 2450 scripsit
1258 2371 1388 2450 (toot):
1405 2371 1544 2449 ,dicuat

193 2459 388 2521 Arcbtducem
412 2457 564 2520 Albertum
587 2457 654 2536 plns
677 2474 766 2534 quam
789 2457 889 2518 decem
904 2461 967 2518 anri
982 2458 1128 2520 milliones
1143 2461 1172 2518 in
1189 2456 1343 2520 obsidione
1357 2459 1545 2538 impendisse,

193 2565 247 2610 nec
269 2555 367 2608 tamen
391 2546 488 2607 adbuc
509 2545 579 2623 quid
602 2554 687 2606 tantu
712 2544 795 2605 hiatu
818 2545 939 2622 dignum
962 2546 1129 2608 ellectnm“.
1175 2547 1267 2607 lidem
1298 2549 1424 2608 amicum
1448 2546 1546 2623 qualis

192 2653 247 2696 sua
269 2651 449 2711 suorumque
472 2633 611 2707 conditio,
635 2649 711 2709 quse
733 2635 792 2692 siut
805 2635 933 2708 negotis,
958 2633 1029 2710 quid
1044 2633 1199 2712 profecerit
1214 2638 1243 2693 in
1259 2637 1438 2694 astronomia
1454 2637 1546 2695 luter-

193 2731 306 2800 rogaut,
329 2723 368 2781 ab
391 2739 485 2799 eoque
507 2729 559 2782 aut
582 2737 671 2800 opera
694 2729 745 2779 aut
768 2719 946 2796 astrologica
963 2720 1077 2797 judicia
1098 2727 1212 2808 petupt.
1257 2721 1370 2797 Quibus
1392 2723 1546 2800 petitioni-

191 2812 294 2870 bussi
318 2811 497 2870 casstatim
523 2811 611 2868 cessit
632 2807 791 2885 Keplerus,
815 2807 902 2868 modo
926 2808 962 2866 de
986 2807 1164 2870 diuturniore
1187 2808 1304 2868 silentio
1319 2817 1544 2884 conqnemntur,

191 2898 278 2958 modo
301 2899 407 2958 retexis
430 2913 500 2956 suae
523 2913 589 2956 eum
613 2894 771 2956 admonent
790 2896 945 2966 amicitias,
969 2911 1057 2971 qnam
1081 2912 1150 2972 erga
1172 2913 1204 2956 se
1225 2911 1292 2958 oum
1315 2899 1457 2972 integram
1481 2914 1545 2958 ser·

192 2993 327 3046 saturum
352 2993 382 3044 et
403 2987 575 3044 continuato
598 2983 748 3043 literarum
775 2983 948 3042 commercio
970 2985 1178 3060 praestitumm
1205 2999 1270 3044 esee
1292 2985 1348 3063 ipat
1371 2990 1400 3043 et
1427 2991 1545 3062 sperent

194 3081 223 3134 et
244 3071 447 3132 ardentissime
470 3073 600 3148 cupiant.
645 3069 694 3130 Sic
716 3068 894 3130 Rhodius
916 3072 1032 3148 scripsit
1053 3085 1130 3130 anno
1149 3072 1249 3132 root:
1276 3070 1391 3147 ,Quam
1414 3087 1470 3146 ego
1493 3071 1545 3130 fir-

192 3163 277 3220 miter
292 3169 407 3220 teneam
425 3168 587 3220 vastrorum
602 3159 773 3218 memoriam
788 3174 935 3234 quamquo
959 3160 1043 3218 unice
1065 3159 1144 3218 rotis
1166 3160 1240 3218 meis
1263 3166 1399 3235 expetam
1414 3165 1544 3220 vestram

193 3246 241 3308 rel
265 3247 358 3308 literis
380 3246 429 3307 vel
452 3263 550 3306 eoram
573 3246 697 3322 experiri
719 3245 967 3319 benevolentiam,
990 3248 1054 3322 ipsa
1070 3245 1188 3322 quidem
1204 3254 1304 3307 sancte
1327 3263 1446 3323 possum
1462 3245 1544 3306 afilr-

192 3353 288 3407 marc,
313 3343 343 3394 et
365 3334 468 3394 literae
491 3333 600 3393 dudum
623 3351 641 3391 a
663 3350 710 3392 mc
732 3335 858 3409 scriptae
882 3333 945 3409 jam
974 3340 1144 3409 praesentes
1167 3339 1319 3394 testantur.
1366 3333 1463 3408 Quam
1485 3349 1540 3394 ros

191 3429 293 3484 canna
308 3424 364 3482 mel
388 3422 554 3498 abjeceritis
570 3422 739 3480 memoriam
755 3419 803 3480 rel
819 3437 854 3480 ex
869 3436 905 3480 eo
921 3426 1044 3492 constat,
1068 3418 1148 3497 quod
1164 3420 1284 3482 tabellio
1298 3421 1395 3482 nullm
1410 3429 1541 3484 restrum

189 3509 300 3583 literas,
322 3511 381 3569 imo
404 3525 441 3568 ne
464 3508 589 3570 salutem
612 3507 729 3584 quidem
752 3505 875 3568 afie'rret.
920 3506 988 3566 'l‘nli
1012 3508 1041 3567 id
1070 3511 1168 3569 animo
1197 3511 1375 3584 aegerrimo,
1408 3511 1458 3586 qui
1478 3509 1541 3584 J'am

189 3599 335 3658 amiserim
357 3599 467 3657 amicos
489 3612 557 3668 eoa,
588 3610 663 3672 quos
685 3611 741 3670 ego
763 3595 866 3654 meritc
887 3596 997 3670 primos
1022 3594 1183 3670 habebam,
1217 3603 1307 3673 atque
1338 3597 1396 3658 boo
1423 3596 1540 3672 quidem

190 3685 352 3758 molestius,
377 3683 456 3761 quod
473 3701 538 3742 oum
556 3683 689 3741 Limnaei
704 3681 853 3756 lenensis,
870 3681 972 3742 Pitisei
986 3681 1256 3758 Heidelbergensls,
1272 3683 1432 3758 Maestlini,
1447 3683 1542 3744 Pras·
1592 3696 1596 3702 ’

190 3775 255 3832 torii
286 3761 435 3832 commin
458 3772 693 3848 peregrinatione
722 3787 788 3830 mea
815 3775 968 3830 maeonius
991 3771 1050 3830 sim
1080 3773 1254 3846 amicitiam,
1284 3773 1398 3833 interim
1420 3770 1542 3849 Kepleri
1578 3773 1581 3783 '

190 3863 248 3920 mei
270 3861 432 3932 amiserim,
465 3875 553 3934 quam
577 3865 607 3918 et
628 3859 750 3934 primam
780 3865 810 3918 et
830 3858 988 3918 maximam
1018 3856 1186 3918 volebam.“
1233 3859 1289 3920 Cui
1311 3859 1453 3937 epistolas
1475 3875 1540 3918 cnm

189 3949 270 4008 brevi
301 3955 371 4024 post
392 3963 411 4006 a
432 3943 560 4023 Keplero
590 3960 763 4022 responsum
792 3951 884 4015 esset,
914 3943 1048 4004 Rhodius
1079 3945 1124 4006 bis
1153 3945 1253 4008 ‘verbis
1281 3956 1312 4008 ct
1338 3947 1482 4008 laetitiam
1512 3951 1542 4006 at

189 4037 301 4112 gratias
322 4037 467 4094 maximas
489 4051 560 4093 suas
582 4033 733 4110 exprimit:
760 4033 871 4108 ,Erant
892 4031 963 4092 mibi
978 4039 1039 4092 tam
1053 4041 1155 4109 gratas
1178 4043 1207 4096 at
1222 4044 1281 4096 tam
1301 4031 1452 4110 jncundao
1472 4039 1541 4093 tuas

189 4125 340 4200 proximae
363 4121 474 4194 literae,
499 4139 588 4197 quam
611 4137 687 4198 quae
710 4129 739 4180 et
760 4121 945 4196 gratissimae
966 4127 996 4180 et
1014 4120 1255 4196 jucundissimas.
1294 4122 1385 4182 Erant
1406 4121 1541 4180 nlmimm

190 4210 415 4272 benevolentias
436 4210 632 4270 amicissimae
654 4207 779 4286 planaa“
804 4214 860 4268 etc.
903 4204 986 4268 Idam
1009 4216 1111 4268 exorta
1132 4225 1210 4272 anno
1235 4215 1329 4270 1607.
1352 4211 1383 4266 ln
1398 4207 1542 4269 Bobemie
1623 4213 1627 4224 ’
1671 4203 1675 4210 ’

189 4298 358 4375 pestilentia
371 4296 514 4358 sollicitus
528 4296 603 4356 baec
616 4295 731 4356 scribit:
755 4294 811 4354 Tui
834 4295 966 4370 inprimis
981 4313 1017 4356 sc
1038 4302 1153 4356 tuorum
1176 4299 1269 4358 vlcsm
1285 4298 1372 4358 anxie
1394 4293 1540 4360 dolebam.

189 4385 318 4446 Nimium
340 4387 417 4446 euim
440 4384 571 4457 verebar,
594 4401 631 4442 nc
653 4381 803 4460 publicum
818 4381 891 4442 illud
908 4385 1066 4442 maximum
1082 4385 1190 4444 malum
1204 4401 1260 4444 vos
1276 4400 1394 4461 quoque
1408 4385 1541 4460 privatos

193 4472 392 4550 compellaret.
424 4471 517 4549 Spero
539 4481 569 4532 et
591 4478 671 4532 certo
694 4468 818 4543 confido,
842 4469 979 4545 angelum
1001 4470 1084 4532 illum
1099 4473 1311 4532 interfectorem
1332 4471 1416 4547 jasan
1437 4469 1541 4546 dirino

192 4561 279 4622 uobis
300 4561 476 4638 pepercisse.
523 4559 609 4619 Anno
635 4564 726 4620 1614.
755 4555 831 4618 idem
854 4557 988 4617 Rhodius
1011 4557 1100 4620 baec:
1132 4558 1317 4635 Quamquam
1340 4575 1396 4634 ego
1416 4559 1479 4632 jam
1501 4559 1540 4622 ab

190 4647 304 4726 aliquot
325 4649 410 4707 aunis
433 4644 531 4706 nullm
552 4663 649 4723 nequa
671 4642 709 4704 ad
732 4652 761 4704 te
784 4643 851 4704 dedi
875 4661 970 4722 neque
992 4663 1011 4704 a
1033 4653 1062 4705 te
1077 4648 1176 4722 accepi
1199 4645 1308 4714 literas,
1331 4648 1409 4706 aclas
1431 4652 1539 4719 tamen,

191 4739 231 4796 tui
255 4735 336 4814 apud
358 4752 405 4796 ma
426 4737 595 4796 memoriam
626 4750 692 4794 esse
721 4733 936 4809 quotidianam,
965 4751 1025 4810 qna
1055 4749 1112 4792 non
1142 4731 1237 4792 solnm
1267 4732 1403 4793 recordor
1432 4735 1540 4795 veteris

189 4821 268 4884 illins
297 4829 417 4884 nostrae
445 4825 606 4896 amicitiae,
643 4819 695 4882 aed
725 4821 857 4896 inprimis
885 4826 1001 4880 tuorum
1028 4821 1328 4896 ingeniosissimomm
1356 4823 1539 4898 scriptorum,

191 4912 299 4992 quibas
324 4925 386 4972 ram
406 4909 651 4990 mathematicam,
674 4911 700 4970 si
723 4909 790 4990 qnia
812 4907 898 4986 alins,
920 4907 958 4976 td
983 4908 1078 4994 ipsum
1099 4907 1248 4990 fastigium
1262 4923 1357 4988 usque
1372 4925 1540 4994 promoves.
