3588 5540
208 431 311 504 '918
755 433 1089 505 vrutcronuxsptcri.

349 611 596 680 Berneqqeras
614 609 767 682 lisplero
786 610 814 666 S.
832 611 863 666 P.
882 611 917 668 D.
953 609 1034 678 Quod
1051 608 1125 674 ielir,
1142 611 1263 666 faustum
1281 609 1504 681 iortnnttumqoe
1522 611 1598 666 Dens

245 712 306 756 esse
320 696 425 767 jubeat,
451 696 598 768 aliqnando
615 697 726 754 tandem
742 697 778 754 ad
795 699 896 768 te,rir
855 713 1031 766 rrr,sumnae
1055 699 1126 752 viam
1151 696 1305 768 adlectant,
1330 699 1411 753 hodie
1422 711 1491 754 'sese
1508 667 1633 754 itineri

244 785 413 842 commissuri
432 785 596 855 neonympbi
614 786 715 855 nostri,
735 801 818 856 gener
839 802 901 842 cum
919 785 989 856 tilia3
1014 785 1060 856 qni
1078 785 1143 842 licet
1160 787 1293 855 epistolae
1317 786 1376 841 vice
1393 785 1469 856 iungi
1487 791 1598 855 queant,

244 890 295 945 pro
315 888 377 928 mea
393 872 511 928 manen
503 889 530 928 ιιι
551 879 578 929 tc
597 874 682 929 reteri
701 874 873 930 observantia
891 879 920 928 et
937 872 1028 929 studio
1046 873 1121 928 nolni
1139 887 1186 928 eos
1204 873 1307 944 absquo
1330 873 1416 928 literis
1433 872 1468 928 ad
1485 879 1513 928 te
1530 872 1598 926 meis

244 961 389 1025 dimittere,
408 959 432 1014 sl
450 959 518 1016 nihil
536 959 611 1016 eliud
629 958 834 1028 significaturis,
853 960 949 1016 saltem
968 961 1003 1016 de
1021 961 1140 1032 peractis
1157 959 1314 1018 felicissime
1337 961 1492 1031 nuptiarum
1509 960 1598 1016 solen·

244 1049 325 1106 nibus
344 1047 503 1118 ampliorem
525 1037 639 1102 lactaris
656 1047 747 1102 tidem.
782 1047 852 1104 Nam
870 1056 934 1117 post
951 1063 1034 1117 aegre
1052 1050 1208 1106 submotum
1230 1049 1356 1116 rivalem,
1379 1049 1466 1103 virum
1489 1047 1598 1118 quidem

243 1134 321 1194 illum
341 1135 473 1206 optimam
491 1139 519 1188 et
531 1133 680 1203 optabilem
694 1133 804 1190 omnino
822 1131 904 1199 filiae,
922 1134 974 1190 nisi
986 1134 1133 1204 optabilior
1144 1135 1213 1191 alius
1232 1136 1435 1206 supervenisset
1452 1135 1494 1191 rel
1506 1136 1599 1205 potius

243 1224 436 1294 antevenisset,
454 1223 574 1291 itemque
591 1228 656 1292 post
674 1219 799 1291 dispulsa
817 1221 1010 1296 impedimenta
1027 1222 1090 1291 alia,
1111 1237 1182 1292 quse
1201 1223 1259 1290 lati,
1276 1240 1375 1280 munus
1393 1241 1472 1280 scum
1491 1223 1601 1292 objecta

243 1311 336 1382 aliqua
353 1309 516 1368 difficultate
534 1308 763 1380 commendaturi,
791 1325 900 1365 morosa
922 1309 1077 1380 benignitas
1102 1307 1281 1378 interposuit,
1304 1309 1404 1365 nudius
1422 1309 1542 1366 decimus
1561 1311 1599 1378 (is

243 1401 297 1458 init
314 1401 341 1458 2.
359 1399 465 1468 Mardi)
490 1414 524 1454 er
542 1406 605 1456 voto
624 1403 718 1453 aostm
736 1397 765 1452 in
783 1398 912 1467 primario
935 1397 1011 1453 orbis
1030 1397 1132 1466 templo
1151 1395 1304 1452 Christiano
1327 1396 1382 1451 ritu
1406 1397 1532 1452 felicibus
1550 1413 1598 1451 au·

243 1488 337 1560 spiclis
355 1488 492 1544 ιιιιιιιιιιι
517 1485 570 1542 luit
588 1486 660 1540 inter
676 1492 739 1540 tuos
757 1484 819 1542 illos
837 1485 1046 1541 matrimonium.
1084 1485 1191 1554 Spooso
1214 1485 1337 1553 parentis
1357 1484 1418 1540 loco
1436 1484 1598 1554 magnificus

244 1575 400 1645 academia
417 1579 516 1638 rector,
525 1574 567 1642 ,D
587 1573 725 1642 Casparus
744 1571 882 1630 Bilachins
900 1573 925 1628 J.
946 1573 976 1628 C.
996 1572 1091 1642 adluit,
1111 1579 1139 1627 et
1157 1579 1300 1641 praeterea
1317 1573 1351 1628 D.
1370 1571 1504 1626 Melchior
1522 1570 1598 1626 Sebi-

243 1663 311 1734 nnc,
326 1679 386 1743 ¹quo
404 1662 538 1718 brebenta
555 1659 700 1731 iumagus
718 1659 927 1720 lectissimorum
940 1659 1080 1715 hominnm
1097 1658 1251 1728 frequentia
1268 1658 1366 1714 medici
1383 1658 1540 1714 doctoratus
1558 1659 1599 1712 in·
1698 1711 1700 1716 ,

244 1751 302 1808 iria
320 1749 416 1807 eodem
434 1749 481 1806 illo
499 1763 579 1805 mane
598 1753 657 1804 erat
675 1754 796 1817 ornatus,
816 1753 843 1800 et
854 1748 889 1802 D.
901 1748 1013 1804 Issccus
1025 1746 1181 1808 Malleolus,
1199 1745 1243 1802 cui
1261 1747 1290 1801 in
1306 1745 1478 1816 professione
1493 1744 1599 1802 mathe-

244 1839 346 1896 matica
370 1853 420 1896 seu
442 1835 559 1892 ricarium
582 1851 631 1892 sen
653 1851 704 1906 pro
723 1849 752 1890 rc
771 1840 836 1890 nata
859 1851 1003 1892 successor
1026 1833 1174 1890 academici
1197 1833 1303 1888 consilii
1327 1833 1437 1888 decreto
1456 1833 1600 1903 superiore

245 1941 340 1981 mense
357 1925 516 1995 designatas
534 1930 606 1992 erat,
626 1933 655 1979 et
673 1923 789 1992 denique
807 1924 894 1978 irater
911 1922 971 1990 ejus
982 1920 1147 1976 Fridericus.
1172 1921 1242 1989 Ego,
1259 1927 1342 1989 prout
1359 1921 1507 1989 imperasti,
1526 1921 1600 1976 vices

244 2019 309 2070 tuas
328 2011 553 2082 qualitercunque
571 2011 697 2082 ιιιιιιιιι,
716 2010 827 2080 adjutus
845 2011 880 2066 ab
893 2010 995 2079 optimo
1008 2007 1093 2065 fratrc
1110 2016 1158 2063 tuo
1172 2008 1369 2076 christophoro
1388 2016 1416 2063 et
1433 2006 1489 2062 lilio
1507 2006 1599 2062 Ludo-

243 2101 312 2158 rico.
349 2101 473 2170 Sponsae
491 2115 553 2156 cum
572 2106 733 2154 ornamento
757 2104 815 2154 tam
833 2097 970 2167 praesidio
988 2095 1100 2151 luerunt
1118 2095 1306 2151 ornatissimae
1329 2103 1471 2152 matronae
1489 2097 1597 2164 Marga-

243 2189 322 2255 retha
339 2203 418 2244 soror
436 2191 464 2243 et
480 2186 596 2257 patrima
613 2193 663 2241 ιιι
679 2187 713 2243 D.
734 2183 966 2241 Marchtrencheri
985 2197 1062 2243 uror.
1099 2183 1163 2237 Mea
1181 2183 1264 2252 enim,
1289 2199 1369 2253 quam
1387 2183 1538 2254 pronubam
1554 2183 1600 2240 iti·

244 2275 305 2336 dem
324 2276 421 2334 aderas
439 2273 558 2342 voluisti,
576 2273 630 2330 hoc
647 2289 701 2328 non
720 2273 818 2343 potuit,
837 2272 958 2328 secundo
976 2279 1058 2341 perta
1076 2270 1188 2326 filiolam
1206 2285 1294 2341 nuper
1305 2271 1395 2336 echa,
1413 2273 1492 2340 etqua
1510 2272 1599 2328 initia·

243 2366 318 2424 tione
331 2363 485 2420 Christiana
502 2361 609 2418 solenni
625 2367 710 2418 testes
728 2367 756 2416 ot
774 2359 852 2428 quasi
870 2373 1017 2428 sponsores
1029 2375 1161 2429 sponsum
1179 2373 1363 2428 sponsamque
1380 2359 1519 2429 propridie
1530 2376 1600 2430 nop-

244 2452 345 2512 tlarum
362 2458 393 2507 ut
410 2449 581 2514 adhiberem,
601 2455 629 2502 et
645 2453 756 2502 nostrae
774 2445 983 2505 necessitudinis
995 2447 1097 2502 arctim
1109 2446 1163 2501 hoc
1180 2445 1255 2502 lacto
1269 2446 1377 2502 vinculo
1389 2445 1600 2514 adstringendae

245 2546 274 2598 ot
292 2555 356 2596 raro
374 2537 445 2594 beno
463 2537 497 2592 de
515 2535 580 2592 nori
598 2533 761 2592 matrimonii
778 2533 913 2592 fructibus
941 2531 1081 2590 ominandi
1104 2549 1188 2588 causa
1213 2534 1366 2590 laciendum
1388 2533 1492 2604 putari.
1527 2534 1600 2590 Reli·
1697 2589 1700 2596 ,

243 2642 312 2698 qnna
331 2639 439 2696 qnoque
457 2623 618 2680 deducentis
635 2635 752 2692 pompae
770 2621 915 2678 comitatus
935 2637 969 2677 er
990 2621 1110 2676 omnium
1127 2621 1251 2678 ordinum
1271 2623 1424 2678 lectissimis
1443 2621 1598 2680 homiuibus

243 2715 368 2784 adeoquo
386 2711 454 2768 floro
472 2710 558 2766 totius
576 2709 741 2780 reipublicae
760 2708 889 2778 constitit,
909 2709 981 2765 unde
999 2715 1077 2766 tanta
1093 2709 1256 2780 frequentia,
1276 2715 1405 2778 quantam
1423 2725 1478 2764 non
1496 2717 1599 2766 temere

243 2799 368 2871 uidimus,
387 2797 510 2868 undique
527 2797 596 2866 riae,
614 2813 669 2866 qua
686 2797 893 2866 incesseramus,
912 2797 1048 2868 oppletae,
1065 2804 1096 2852 ut
1108 2796 1255 2854 effusorum
1268 2799 1303 2854 nd
1316 2799 1495 2868 spectandum
1514 2799 1598 2854 homi-

243 2903 308 2944 nnm
331 2901 462 2944 numerus
486 2884 704 2956 grandiusculam
728 2884 848 2954 aliquam
872 2886 967 2940 urbem
990 2884 1104 2956 implere
1128 2901 1211 2954 posse
1234 2885 1379 2942 rideretur.
1415 2888 1497 2942 Ilunc
1514 2888 1599 2944 hono·

243 2989 301 3030 rem
319 2987 385 3030 care
401 2980 482 3042 putea
500 2971 624 3028 habitum
641 2971 689 3026 uui
707 2986 809 3040 sponso
828 2986 1009 3042 sponsaeque,
1029 2987 1121 3028 rerum
1139 2971 1263 3042 inprimis
1281 2979 1309 3028 et
1326 2973 1403 3042 Tibi,
1423 2974 1502 3044 cujus
1520 2991 1597 3044 prae·

244 3060 329 3118 ιιιιιι
347 3059 556 3130 exoptatissimo
574 3065 723 3128 conspectu
741 3073 802 3114 cum
820 3055 875 3112 lrui
892 3058 972 3113 nobis
990 3057 1065 3114 haud
1082 3059 1198 3128 licuerit,
1217 3058 1313 3116 saltem
1332 3061 1360 3116 iu
1377 3061 1431 3116 tuis
1450 3063 1600 3118 necessitu-

244 3147 353 3204 dinibus
371 3147 596 3217 imaginibusque,
614 3144 672 3200 iilia
683 3146 794 3215 inquam
807 3160 917 3215 sponsa,
936 3161 1007 3215 quae
1024 3146 1196 3204 incomitata
1213 3147 1329 3204 femineo
1347 3148 1422 3204 velut
1439 3149 1511 3205 inter
1522 3149 1599 3220 ignes

242 3237 323 3295 Luna
340 3235 458 3292 minores
476 3233 627 3303 effulserat,
645 3234 766 3304 itemque
783 3232 877 3302 fratre,
897 3249 1000 3300 sorore,
1019 3233 1084 3304 filio,
1103 3249 1172 3304 qnos
1191 3233 1251 3292 aliis
1264 3235 1311 3292 alii
1327 3241 1404 3306 nutu,
1423 3235 1507 3306 digito
1520 3253 1598 3294 mon·

243 3324 369 3382 sumant
385 3323 441 3392 alii,
460 3329 487 3380 ta
501 3321 702 3392 jucundissime
720 3319 896 3392 contemplati
915 3337 1019 3378 sumus.

347 3412 468 3466 Asacra
486 3409 649 3466 solennitate
672 3408 809 3477 digresws
835 3409 987 3466 concisium
1012 3409 1133 3480 excepit,
1157 3411 1269 3481 opipare
1294 3412 1375 3482 satis,
1401 3420 1431 3468 ut
1448 3421 1601 3484 temporum

244 3499 364 3560 conditio
381 3499 497 3570 ferebat,
515 3499 687 3566 instructum,
705 3495 741 3550 ad
759 3495 829 3552 haec
847 3495 954 3552 duabus
972 3496 1028 3552 vini
1039 3496 1181 3554 nobilioris
1194 3497 1332 3568 amphoris
1350 3501 1385 3556 ab
1398 3501 1519 3571 ampliss.
1531 3505 1600 3574 reip.

243 3587 405 3660 ιιιιιιιιιι
423 3587 529 3644 muneri
547 3584 618 3644 datis
637 3584 809 3650 honoratam,
827 3589 856 3638 ot
873 3583 947 3652 qnod
959 3591 1043 3654 caput
1054 3591 1105 3654 est,
1124 3583 1278 3652 lreqaentia
1296 3586 1468 3642 convivarum
1487 3590 1602 3646 ornatis·

244 3677 374 3734 simorum
392 3675 506 3732 illusus.
542 3675 601 3730 Nec
624 3669 770 3741 quicquam
796 3671 832 3728 ad
849 3671 1016 3728 hilaritatem
1041 3672 1094 3727 nisi
1111 3673 1216 3728 musica
1237 3670 1338 3742 deluit,
1362 3674 1405 3728 cui
1421 3673 1478 3742 jam
1496 3675 1601 3746 pridem

244 3771 289 3820 est
306 3779 368 3818 oum
386 3761 495 3832 publice
513 3759 652 3816 silentium
670 3759 873 3829 imperavimus,
891 3775 926 3815 no
944 3760 1050 3816 scilicet
1067 3759 1249 3816 Hannibalem
1267 3760 1380 3828 imitati,
1400 3761 1465 3818 dum
1482 3763 1600 3834 publicis

244 3849 368 3908 cladibus
386 3847 584 3906 illacrimantur
602 3845 657 3915 alii,
676 3847 729 3902 soli
746 3846 836 3902 ridere
855 3844 1003 3902 videamur.

350 3937 477 3994 Ceterum
494 3935 547 3992 hoc
564 3933 656 3990 nobile
673 3932 907 4005 aeonymphorum
926 3933 1040 3990 invicem
1060 3933 1306 3992 amantissimorum
1325 3951 1375 4004 par
1393 3937 1420 3990 in
1439 3938 1508 3992 viam
1529 3956 1601 3996 nuuc

244 4043 373 4099 pronam,
398 4024 508 4097 qnando
531 4039 586 4078 non
612 4022 677 4079 licet
694 4021 754 4077 aliis
773 4019 884 4090 officiis,
909 4021 1007 4078 saltem
1029 4022 1118 4093 plenis
1142 4022 1231 4080 omine
1255 4021 1328 4080 bono
1350 4024 1422 4080 rotis
1440 4041 1600 4098 prosequor,

245 4118 334 4172 Deum
352 4113 495 4170 exanimo
514 4117 718 4182 comprecatus,
744 4116 776 4166 ιι
794 4124 841 4166 eos
866 4124 917 4180 per
942 4110 1011 4166 haec
1033 4109 1135 4166 infesta
1156 4110 1254 4167 itinera
1271 4117 1426 4168 sanctorum
1444 4114 1600 4181 angelorum

244 4217 356 4260 suoram
373 4200 511 4270 praesidio
529 4215 584 4256 non
596 4205 673 4256 tutos
686 4198 775 4266 modo,
794 4195 843 4254 sed
855 4204 884 4252 ct
896 4211 1007 4254 securos
1019 4202 1150 4267 praestet,
1171 4197 1260 4254 salsos
1272 4198 1475 4270 incolumesque
1489 4209 1516 4256 et
1528 4219 1600 4260 nunc

246 4289 354 4346 domum
372 4288 520 4358 perducat,
544 4290 573 4342 el
590 4283 655 4341 olim
672 4283 829 4342 academiae
846 4289 956 4340 nostrae
974 4284 1114 4354 restituat,
1138 4294 1167 4342 et
1184 4299 1215 4340 se
1232 4293 1261 4340 et
1277 4301 1376 4356 magno
1394 4286 1443 4344 illo
1461 4287 1600 4360 liepplero

160 4403 162 4413 ·
246 4375 328 4446 digna
344 4375 440 4432 sobole
461 4375 557 4431 beatos
575 4375 703 4444 omnique
721 4371 897 4430 maximarum
921 4371 1083 4430 felicitatum
1106 4389 1207 4442 genere
1229 4393 1310 4444 quam
1334 4377 1486 4448 largissime
1505 4397 1598 4438 cumu-

244 4463 317 4520 latos
335 4463 444 4520 efficiat
481 4463 543 4520 Tibi
561 4477 634 4534 vero,
653 4461 702 4518 Vir
719 4477 832 4530 summe,
851 4461 885 4518 de
903 4461 952 4520 tali
969 4479 1070 4533 genem
1087 4463 1191 4534 talique
1209 4461 1273 4533 filia
1293 4465 1391 4534 quales
1407 4482 1443 4522 ne
1461 4469 1599 4539 conceptis

247 4549 357 4619 quidem
375 4550 446 4607 rotis
465 4558 561 4620 optare
577 4549 705 4608 meliores
724 4561 818 4620 queas,
838 4549 974 4621 enimims,
993 4558 1025 4606 ιι
1043 4550 1125 4608 verbo
1145 4553 1231 4608 dicam
1250 4553 1347 4622 omnia,
1362 4555 1565 4625 gratulor.·t

349 4761 612 4831 DBerneggorna
630 4764 810 4818 Schichartlnm
828 4765 868 4814 his
885 4765 1035 4816 ιιιιιιιιιιιι
1052 4765 1087 4818 ad
1105 4767 1207 4834 nuptias
1225 4767 1361 4819 Bartschil:
1383 4769 1411 4822 S.
1430 4771 1459 4826 P.
1473 4771 1506 4828 D.
1525 4774 1602 4828 Salve

247 4831 385 4902 plurimum
401 4834 619 4888 Excellentisslma
637 4840 673 4888 mi
691 4837 845 4890 Schtckarta.

353 4904 429 4978 Quod
446 4906 525 4970 rides,
544 4907 660 4964 invitaris
677 4908 711 4962 ad
729 4909 833 4982 nuptias
851 4906 943 4972 amasti
960 4907 1009 4958 ιιιι
1026 4907 1061 4960 ιλ
1078 4907 1105 4962 J.
1117 4904 1252 4982 Bartschlt,
1269 4909 1361 4962 mediol
1377 4917 1403 4984 at
1420 4876 1597 4984 mathematici,
