3612 5538
201 425 208 452 .
268 391 334 464 982
778 391 844 448 aaa
858 390 974 448 161116
992 389 1113 462 aaran

269 575 314 634 Es
338 571 500 633 Miilleri
532 570 667 650 epistolis
696 573 810 632 initium
839 579 953 631 tantum
974 569 1122 630 literarum
1145 587 1222 630 anno
1247 576 1344 634 1608.-
1368 573 1538 648 scriptamm
1561 569 1616 631 ad-

265 663 415 738 jiciamns:
449 660 636 734 „Admodum
665 659 793 720 laetatos
824 677 903 734 sum,
933 662 974 719 mi
1002 660 1200 718 amantissime
1222 659 1366 735 Ksplerc,
1398 661 1469 718 visis
1499 661 1558 719 tuis
1586 667 1618 719 61

269 749 415 826 perceptis
446 746 555 819 literis,
587 765 664 823 quae
695 765 767 806 aare
790 747 860 806 mihi
883 749 991 823 queris
1012 748 1137 805 cariores
1164 746 1254 808 suere.
1299 745 1396 806 0111611
1423 749 1481 808 6161
1504 747 1617 822 1616661,

268 845 298 895 16
328 835 522 897 crebrioribus
552 835 643 896 literis
674 834 877 912 interpellare,
915 835 966 895 sed
995 833 1181 894 multitudine
1208 834 1369 896 officiorum
1400 835 1556 894 obstrictus
1587 835 1617 892 id

268 923 414 999 neglexi.“

374 1009 519 1070 Brevibus
553 1025 671 1085 quoque
707 1011 800 1085 ipsius
833 1009 951 1085 Keplesi
990 1009 1141 1086 adjutores
1174 1024 1391 1081 enumeramus,
1430 1005 1618 1081 Ursinurn,

270 1095 490 1168 Odontium,
525 1094 830 1170 Gringalletum,
865 1099 916 1172 qui
945 1107 1049 1173 postea
1078 1113 1197 1172 qnoque
1228 1113 1406 1173 quemquem
1437 1099 1618 1171 amagistro

270 1185 371 1262 procul
394 1185 531 1246 absentes
554 1187 694 1244 66611666
715 1186 846 1244 amicitia
868 1187 896 1244 ei
910 1184 1002 1246 dediti
1025 1191 1116 1258 erant,
1140 1185 1220 1261 quod
1242 1201 1279 1244 ax
1301 1201 1409 1260 magna
1431 1183 1621 1260 epistolarum

269 1273 436 1349 irequentia
458 1281 588 1348 apparet
1509 1343 1515 1354 Ι

374 1360 417 1418 Es
441 1376 476 1419 eo
500 1358 605 1418 deinde
629 1358 777 1420 literarum
800 1361 983 1434 commercio,
1007 1358 1087 1435 quod
1102 1359 1231 1437 Keplero
1253 1360 1292 1418 ab
1313 1375 1391 1418 anno
1409 1363 1503 1417 1601.
1526 1374 1620 1433 nsque

270 1447 352 1508 ada.
371 1452 464 1508 1608.
489 1448 626 1506 intererat
648 1463 714 1506 cum
736 1447 957 1508 Kauibarnensi
973 1449 1087 1506 medico
1102 1445 1255 1506 Joanne
1278 1445 1451 1521 Georgia
1474 1445 1620 1520 Brang-

270 1551 380 1611 gero,
403 1537 513 1610 optime
535 1543 580 1594 est
603 1533 833 1610 intelligendum,
857 1541 998 1610 qnantum
1021 1537 1084 1610 ipse
1100 1534 1224 1593 aliorum
1241 1551 1329 1610 opera
1351 1541 1381 1593 et
1403 1534 1507 1592 merita
1528 1534 1621 1591 aesti-

270 1625 410 1694 maverit,
443 1639 530 1698 quam
559 1624 788 1698 promtissimam
818 1625 948 1682 animum
971 1623 1096 1682 aliomm
1118 1621 1256 1680 obtulerit
1284 1622 1469 1684 institutioni.
1516 1619 1622 1695 Agitur

270 1717 369 1770 autem
392 1712 422 1766 16
445 1710 578 1784 661616116
601 1709 637 1769 de
660 1709 781 1785 Kepleri
803 1708 918 1790 Optica.
964 1709 1156 1769 Astronomus
1185 1711 1262 1768 enim
1285 1727 1303 1767 a
1324 1707 1437 1767 medico
1466 1707 1502 1766 de
1531 1709 1621 1767 variis

270 1797 410 1858 rebusad
426 1797 600 1856 medicinam
616 1799 828 1874 pertinentibus
844 1796 991 1869 edocetur,
1014 1815 1110 1872 neque
1126 1795 1197 1872 quid
1221 1795 1269 1856 iile
1285 1804 1384 1856 contra
1405 1802 1499 1854 certas
1515 1793 1621 1854 dixerit

272 1886 384 1960 uptiees
407 1886 535 1944 rationes
558 1871 678 1961 resphit,
702 1884 754 1944 sed
777 1895 831 1944 aut
851 1903 883 1944 66
906 1883 944 1944 ad
967 1885 1164 1944 defensionem
1188 1891 1281 1959 parat,
1304 1889 1356 1942 sut
1377 1882 1413 1940 ed
1431 1884 1535 1941 erroris
1550 1898 1622 1957 pro·

271 1973 427 2032 laesionem
450 1971 610 2035 deseendit.
647 1971 828 2033 Procedente
851 1973 1002 2031 literarum
1026 1975 1209 2042 commercio,
1232 1973 1326 2047 magis
1350 1973 1501 2045 magisque
1517 1976 1623 2028 ¹astro-

272 2075 376 2118 nomus
398 2060 546 2134 perspicit,
570 2076 658 2134 quam
683 2060 757 2120 bene
783 2060 1019 2119 mathematicam
1044 2059 1174 2119 medicus
1196 2061 1282 2136 sciat,
1304 2059 1374 2134 quin
1399 2074 1434 2116 eo
1449 2073 1623 2132 progressus

273 2153 326 2218 661,
350 2153 382 2204 61
405 2162 490 2204 66661
514 2146 550 2206 de
565 2146 660 2206 ldarte
675 2155 832 2223 66666616
856 2149 949 2223 ipsam
972 2147 1130 2207 editionem
1149 2147 1186 2206 ab
1204 2145 1253 2204 illo
1269 2146 1428 2222 perlectum
1443 2163 1476 2204 se
1492 2144 1623 2204 voluisse

273 2233 420 2294 scriberet.
466 2232 565 2310 ,Nihil
588 2237 665 2294 enim
689 2233 800 2307 dubito,
823 2244 852 2293 te
876 2234 968 2294 mulia
989 2241 1150 2306 motarum,
1174 2250 1233 2308 qua
1256 2251 1287 2294 es
1309 2235 1421 2308 ingenii
1442 2232 1624 2304 dexteritate,

273 2320 311 2382 ad
333 2337 410 2397 quae
432 2321 611 2397 respondens
635 2339 690 2398 ego
713 2322 865 2382 clariorem
888 2329 999 2382 textum
1016 2325 1071 2381 6161
1088 2324 1215 2382 16616166
1218 2365 1322 2383 .....
1353 2319 1457 2403 Tuam
1472 2335 1624 2378 censuram

274 2415 344 2468 anta
370 2409 558 2468 excusionem
589 2412 685 2486 operis
716 2409 817 2484 aliquo
847 2417 946 2469 sumtu
973 2410 1154 2470 redimerem.
1198 2409 1273 2468 Nam
1304 2425 1392 2482 quarn
1416 2410 1444 2464 in
1468 2414 1520 2465 tun
1545 2407 1624 2483 stylo

272 2495 422 2556 mirificam
444 2498 682 2573 perspicuitatem
706 2496 873 2571 exosculor,
905 2515 941 2556 ea
965 2496 1036 2556 mihi
1058 2505 1087 2556 et
1109 2496 1235 2556 naturali
1266 2497 1339 2554 vitio
1362 2501 1392 2555 61
1413 2495 1555 2554 6161611116
1578 2497 1624 2550 16-

272 2583 399 2644 66166116
420 2582 541 2646 1166111.1
574 2585 739 2646 Ρ661611616
762 2601 882 2661 qaoque
906 2585 1031 2660 epistola
1047 2585 1191 2660 Keplerus
1215 2582 1318 2642 eadem
1335 2585 1466 2659 optavit:
1492 2583 1623 2656 „utinam

274 2689 310 2732 ex
333 2688 378 2744 eo,
403 2687 462 2746 quo
485 2672 604 2732 feriatos
628 2672 691 2732 dies
714 2679 838 2748 egerunt
859 2673 960 2748 praela
984 2671 1137 2748 Voegelini
1161 2668 1379 2748 (typographi),
1411 2677 1443 2728 tu
1476 2685 1626 2728 commen-

273 2761 365 2820 tarios
387 2759 552 2832 habuisses,
574 2761 618 2818 sic
642 2762 718 2819 enirn
742 2759 898 2821 lucidiores
921 2761 1087 2836 prodituros
1110 2777 1174 2818 esee
1197 2761 1312 2834 66616.1
1383 2761 1389 2774 “

303 2876 306 2889 ·
376 2845 537 2923 Keplerum
552 2847 591 2906 ad
607 2846 810 2906 Nicolaum
827 2846 1055 2908 Viclrenium
1072 2846 1121 2922 „S.
1138 2846 1170 2905 Ο.
1188 2846 1260 2920 Maj.
1276 2843 1466 2920 Dapilerum“
1485 2841 1626 2919 epistolas

279 2938 308 2990 et
323 2929 440 2993 dedisse
456 2935 536 2994 61611
552 2951 587 2994 eo
604 2937 763 3010 accepisse,
785 2935 849 3010 Jem
866 2951 956 3009 supra
971 2935 1080 2993 dictum
1097 2941 1142 2994 est
1156 2940 1186 2993 et
1200 2935 1256 2991 hoc
1270 2932 1336 2991 loco
1353 2949 1442 2990 unum
1457 2931 1513 2990 hoc
1535 2930 1627 2990 udde·
1659 2986 1662 2992 ,

273 3018 515 3095 1666,Κ661611116
530 3039 644 3098 semper
658 3029 710 3082 sut
724 3023 749 3080 si
765 3020 801 3081 de
816 3024 905 3081 variis
919 3023 1005 3082 rebus
1027 3023 1229 3081 astronomicis
1244 3031 1396 3095 quaereret
1409 3019 1568 3078 Viclrenins
1578 3027 1629 3078 aut

275 3104 311 3166 de
326 3106 486 3184 astrologia
501 3107 656 3182 dubitaret,
674 3109 864 3168 libentissime
876 3117 906 3168 et
920 3111 1039 3184 partim,
1061 3117 1093 3167 ut
1114 3108 1243 3180 solebat,
1269 3106 1489 3183 diligentissime
1504 3123 1628 3182 respon·

275 3191 363 3268 disse,
387 3211 474 3270 quarn
499 3197 536 3256 611
559 3214 619 3256 1661
635 3213 845 3272 nonnunquam
862 3197 900 3256 ab
916 3201 1010 3256 arnico
1033 3197 1143 3256 laboris
1157 3196 1288 3273 61661616
1303 3193 1372 3253 11616
1394 3203 1472 3252 6661.
1505 3193 1630 3270 (viche-

275 3282 341 3342 nius
356 3298 433 3342 anuo
458 3288 551 3343 1611.
580 3301 614 3344 61
637 3283 881 3344 Wollenbuttelia
898 3293 950 3352 „ut
964 3285 1093 3343 animum
1109 3301 1207 3342 meum
1228 3283 1281 3340 tibi
1305 3282 1532 3342 benevolum-ex
1546 3289 1629 3356 parte

276 3374 390 3428 tantum
414 3369 631 3443 declarar·em“,
655 3371 730 3432 duos
753 3371 907 3431 linteorum
930 3369 1468 3431 8116616661616166616616616161161
1491 3369 1628 3428 11161166

275 3454 374 3532 plures
397 3459 552 3519 missurum
574 3475 638 3518 esse
661 3459 810 3536 pollicitus
833 3456 897 3528 661.)
941 3457 1084 3533 Quamvis
1107 3465 1206 3517 autern
1233 3460 1298 3534 1666
1320 3473 1356 3516 ex
1379 3458 1433 3513 viri
1456 3462 1489 3514 ut
1512 3454 1628 3514 videtur

277 3545 472 3622 potentissimi
494 3553 524 3604 et
546 3544 769 3623 locupletissimi
794 3546 1004 3606 consuetudine
1028 3554 1058 3606 61
1074 3547 1210 3606 ‘amicitia
1232 3545 1378 3620 permulta
1390 3552 1521 3619 speraret
1535 3559 1629 3619 eaque

274 3633 340 3707 jure
364 3641 466 3707 posset
487 3649 613 3708 sperare,
636 3642 734 3694 temen
758 3632 796 3692 ad
818 3634 875 3694 hoc
898 3651 1048 3709 nunqnam
1073 3632 1237 3705 deseendit,
1261 3641 1294 3689 ut
1316 3631 1396 3690 illias
1419 3634 1509 3689 611616
1533 3639 1629 3690 astro-

274 3717 438 3795 logicatum
460 3736 604 3795 nugarum
627 3721 725 3782 studio
749 3720 918 3796 diligentius
941 3720 1144 3797 respondendo
1167 3718 1331 3794 indulgeret
1354 3723 1388 3790 11.
1408 3720 1430 3774 l.
1450 3738 1477 3791 p.
1491 3721 1563 3788 364).

382 3805 477 3882 Quem
505 3815 620 3883 promto
648 3812 746 3870 animo
774 3808 919 3885 Keplerus
946 3807 1147 3868 adolescentes
1178 3823 1309 3883 qrrcque,
1347 3823 1471 3882 quorum
1500 3805 1630 3865 studium

276 3904 394 3968 666661,
418 3896 754 3956 61166166666166116
778 3896 939 3972 adjuverit,
963 3904 1053 3955 testes
1076 3902 1145 3955 sunt
1167 3895 1311 3971 epistolae
1335 3892 1374 3953 ad
1398 3891 1629 3954 Halenrefferum
1655 3971 1656 3976 ἵ

277 3985 417 4046 minorem
441 3981 633 4063 (Samuelem)
655 3983 787 4060 theologi
809 3984 902 4042 lilium
924 3986 1061 4060 scriptae.
1105 3983 1162 4058 Qui
1182 3983 1245 4057 Janr
1268 3998 1304 4040 ex
1328 3981 1448 4052 Gratis,
1481 3997 1540 4056 quo
1564 3999 1630 4040 cum

277 4071 394 4132 Nobilis
416 4070 478 4130 filio
501 4079 602 4132 eustos
624 4081 777 4148 rectorque
801 4079 929 4144 venerat,
953 4071 1113 4148 Keplerum
1135 4067 1310 4145 6611116166
1332 4069 1454 4140 adierat,
1478 4067 1632 4144 Prageene

277 4161 342 4234 ipso
364 4157 499 4234 adjutore
521 4159 616 4218 simile
644 4175 749 4220 munus
780 4159 888 4219 habere
916 4167 1029 4236 posset,
1061 4156 1218 4218 6611111611
1247 4163 1314 4233 6661
1336 4155 1504 4230 ’1611166661
1533 4155 1630 4230 rediit,

279 4247 322 4306 ibi
344 4239 568 4306 Maestlidianas
592 4245 628 4306 de
650 4247 856 4308 mathematice
880 4255 910 4306 et
931 4247 1111 4306 aeconomia
1137 4244 1256 4304 scholas
1285 4243 1510 4320 requestarum.
1557 4243 1631 4304 Inde

278 4335 374 4392 missis
390 4331 541 4394 Maestlini
557 4333 699 4406 thesibus,
724 4351 798 4411 quas
821 4336 849 4392 in
874 4334 972 4393 lutura
994 4333 1192 4410 disputatione
1209 4331 1381 4391 delapsurus
1396 4338 1490 4403 esset,
1513 4349 1534 4390 a
1548 4331 1631 4407 Kep-

278 4419 339 4482 lcro
362 4419 504 4480 auxilium
528 4429 558 4480 et
579 4421 733 4480 consilium
756 4423 850 4498 661111.
889 4420 956 4496 Qui,
980 4424 1116 4497 quamvis
1138 4422 1195 4496 ipsi
1218 4435 1388 4495 persuasam
1412 4427 1498 4491 esset,
1523 4417 1630 4492 theses,

217 4536 218 4540 =
280 4509 351 4585 quin
374 4514 466 4568 totum
488 4510 582 4584 ipsam
605 4507 839 4570 dissertationem
862 4513 917 4581 (De
934 4515 1053 4570 motibus
1072 4513 1256 4582 planetarum)
1275 4503 1467 4566 aMesstlino
1483 4509 1631 4582 composi·

279 4603 339 4654 tum
362 4612 437 4668 6666,
460 4603 558 4655 161666
582 4597 703 4656 66161161
727 4614 762 4656 61
785 4603 867 4672 66116
889 4595 1009 4671 quidem
1025 4596 1191 4656 Samuelem
1214 4598 1337 4672 primum
1360 4595 1457 4670 operis
1480 4601 1630 4654 auctorem

279 4681 384 4742 hebet:
410 4691 582 4759 „perspecto
606 4685 723 4760 ingenio
747 4691 797 4742 tuo
820 4680 900 4761 (nem
921 4683 1008 4744 iidem
1031 4684 1221 4760 praelationis
1243 4690 1312 4742 tuae
1338 4689 1458 4742 secutus
1480 4680 1578 4742 theses
1601 4691 1630 4740 te

279 4771 355 4830 inter
377 4776 408 4828 61
428 4768 617 4830 Mnestheum
640 4789 676 4830 ex
699 4787 795 4847 aequo
817 4767 938 4849 partior)
960 4774 1046 4848 capio
1069 4779 1121 4831 tua
1142 4770 1340 4830 familiaritate
1362 4769 1415 4829 uti.
1454 4767 1629 4829 1166161111

221 4925 226 4942 ,
281 4857 354 4921 satis
375 4863 549 4942 perspectus
570 4865 615 4920 est
633 4859 778 4935 juvenum
801 4856 897 4934 611161,
920 4875 978 4918 non
1000 4859 1061 4920 alis
1082 4859 1137 4918 tibi
1160 4865 1232 4922 rete
1254 4873 1319 4920 666
1341 4865 1427 4936 66161
1452 4855 1629 4935 depasente
1712 4905 1717 4914 ,
