3662 5544
843 389 921 449 0000.
1485 389 1548 488 ⁷91.

195 563 325 632 miranda,
343 570 386 621 000
400 573 449 622 'res
467 563 609 636 stupenda,
628 579 694 620 0000
711 581 747 622 au
764 563 844 636 false,
862 565 986 635 ignoret.
1022 565 1055 618 In
1077 564 1208 635 proximis
1225 559 1312 624 000010
1331 571 1367 632 (0.
1385 567 1461 638 Aps.)
1478 584 1553 626 meu·

195 654 298 708 tionem
315 652 383 710 facit
401 669 507 723 eorum,
532 657 603 722 quae
620 654 674 710 hcc
691 661 815 721 tempore
838 651 894 720 egit
910 648 1046 720 Keplerus
1071 668 1131 706 eum
1149 655 1259 726 Magire
1279 656 1312 712 de
1331 655 1443 712 edendis
1461 658 1553 729 Ephe.

196 739 353 798 meridibus.
391 741 433 795 De
452 739 574 796 Galilaeo
593 739 672 796 dicit:
694 741 818 806 „mallem
836 748 932 798 eontra
950 757 1012 796 eum
1026 742 1059 798 00
1074 749 1190 810 quatuor
1208 743 1278 800 fictis
1289 744 1408 814 planetis
1421 745 1554 801 calamum

196 815 312 892 00001000,
330 827 380 883 000
393 828 452 894 jam
470 826 630 882 ululandum
649 844 710 882 cum
728 829 828 899 lupis“.
865 829 951 884 Paulo
970 838 1034 898 post
1046 833 1098 891 (16.
1111 831 1186 899 Apri
1204 831 1280 899 cupit
1299 831 1423 896 „edoceri
1442 831 1475 888 de
1488 839 1554 902 qua·
1590 825 1604 850 ⁸

197 921 261 971 tuor
278 915 393 972 Galilaei
410 916 555 986 planetist.
589 915 651 970 Huc
670 931 757 986 usque
774 917 911 986 Keplerus
930 917 965 972 ad
983 917 1080 972 Horkii
1099 916 1230 986 epistolas
1249 935 1302 973 non
1321 919 1478 988 respoudit,
1495 920 1554 988 jum

198 1019 262 1058 0000
280 1003 424 1060 aduenisse
441 1003 646 1072 responsionem
665 1002 841 1072 intelligimus
860 1019 894 1058 ex
912 1003 1009 1060 Horkii
1032 1003 1118 1058 literis
1138 1004 1163 1059 d.
1185 1003 1211 1058 d.
1231 1003 1273 1059 27.
1294 1004 1412 1074 Aprilis,
1440 1021 1555 1072 quarum

197 1097 318 1161 purtem,
342 1103 412 1160 quae
432 1088 582 1145 Galilseum
600 1091 709 1158 attinet,
729 1089 1145 1159 0001004530001000100000.
1174 1091 1216 1146 De
1234 1090 1372 1147 academia
1389 1091 1556 1148 Bononiensi

196 1173 264 1234 haec
282 1177 426 1248 quaerenti
442 1177 561 1247 Keplero
587 1177 682 1234 refert:
712 1178 900 1245 „Professores
925 1195 979 1234 non
998 1181 1073 1234 utin
1094 1178 1237 1234 Germania
1260 1180 1369 1250 legunt,
1396 1180 1445 1234 sed
1464 1179 1555 1236 omnia
1621 1207 1624 1214 ·

195 1273 303 1335 promte
319 1265 449 1320 memoria
466 1265 620 1334 perficiunt.
658 1266 793 1330 Studiosi,
818 1265 841 1320 01
864 1265 893 1320 in
915 1265 1032 1321 lectione
1058 1265 1170 1335 aliquod
1189 1265 1313 1334 dubium,
1337 1265 1415 1320 finita
1437 1265 1555 1322 lectione

194 1369 253 1410 eam
271 1352 460 1422 philosophice
479 1359 649 1424 oppugnant.
685 1355 809 1426 Cogitur,
835 1353 947 1410 cuilibet
968 1352 1136 1422 respondere
1154 1358 1182 1406 et
1199 1351 1344 1408 lectionem
1364 1369 1441 1409 suam
1460 1353 1570 1410 defen·-

196 1441 270 1506 dere,
291 1440 315 1495 si
333 1441 435 1508 0000010,
455 1439 546 1494 rident
565 1447 593 1494 00
611 1439 747 1496 011011000.0
761 1482 789 1498 ..
805 1481 831 1496 .,
870 1441 974 1510 „Magis
994 1457 1076 1508 quam
1089 1442 1123 1496 50
1134 1441 1304 1510 professores
1319 1441 1554 1512 iurisprndentiae

194 1529 289 1596 legunt
307 1536 335 1583 et
352 1525 535 1582 studiosorum
558 1544 689 1584 numerus
713 1530 784 1586 5000
802 1537 923 1598 superat.
960 1527 1025 1584 Vita
1042 1527 1188 1597 0100010000,
1212 1528 1317 1599 gladios
1335 1531 1433 1600 ragina
1452 1547 1552 1588 000000

195 1616 279 1685 magis
298 1631 380 1684 quam
398 1614 496 1670 millies
514 1615 578 1670 vidi.
616 1615 730 1684 Quando
750 1617 846 1672 doctor
863 1616 890 1670 in
909 1615 1046 1680 00000000,
1064 1615 1118 1684 1111,
1138 1615 1160 1668 01
1179 1615 1260 1671 100010
1279 1633 1333 1672 non
1352 1618 1450 1689 placet,
1468 1607 1572 1675 mani-⁶

195 1705 245 1760 bus
264 1711 292 1759 00
309 1701 425 1772 pedibus
444 1703 555 1772 pulsant
574 1709 601 1756 00
620 1719 654 1758 000
673 1703 806 1760 00000000
823 1704 964 1762 discedere
978 1701 1077 1771 jubent
1095 1708 1123 1758 00
1141 1703 1286 1772 imperant.
1313 1703 1417 1758 0100110
1428 1704 1456 1760 in
1467 1706 1554 1776 ipsius

195 1797 342 1861 conspectu
365 1807 395 1846 00
413 1789 558 1859 aliquoties
577 1799 745 1856 enecarent.¹
770 1790 875 1848 Salaria
890 1799 954 1846 'non
979 1797 1043 1847 suut
1060 1791 1199 1861 aequalia:
1218 1791 1401 1861 philosophus
1420 1792 1556 1850 10000000

196 1881 333 1934 minimum
347 1881 399 1936 500
412 1878 571 1945 ducatores,
592 1880 712 1937 medicus
724 1883 777 1937 boo
790 1895 897 1950 aureos,
910 1879 995 1949 aliqui
1007 1879 1076 1935 2000
1090 1878 1213 1944 ducatos,
1225 1880 1353 1948 Magiuus
1366 1883 1418 1936 500
1430 1880 1554 1950 ducatos,

196 1969 244 2024 000
268 1973 411 2037 exspectat
434 1965 509 2021 00001
533 1966 625 2022 0010011
648 1972 846 2036 augmentum.“
891 1968 989 2023 010000
1010 1965 1086 2034 Maio
1106 1967 1167 2034 (24.1
1191 1965 1276 2022 refert
1300 1967 1433 2033 Horisius,
1462 1981 1555 2036 regem

195 2056 300 2112 Galliae
319 2053 583 2120 0000100001000000,
604 2053 711 2123 deiude,
730 2053 874 2125 scripsisse
893 2069 923 2109 se
943 2052 1118 2118 ,0001001000Ιι
1143 2060 1239 2108 000000
1256 2053 1392 2108 Nuncium
1410 2053 1555 2124 sidereum,

194 2152 316 2200 mutasse
334 2158 399 2196 0000
418 2141 561 2197 consilium
579 2140 651 2196 10000
669 2139 1293 2211 10000000010001100100100,40000οι000110000ι
1308 2143 1434 2210 elegisse.
1463 2141 1557 2209 (Edita

193 2239 235 2287 est
252 2231 321 2286 0000
340 2229 496 2290 dissertatio
514 2243 608 2283 mense
624 2229 700 2298 blojo
719 2236 747 2284 00
764 2229 835 2285 forte
853 2230 946 2284 statim
964 2229 1070 2306 11001010
1088 2229 1271 2298 transmissa.)
1309 2229 1431 2284 Horisius
1444 2229 1556 2301 Keplsri

193 2333 273 2375 sensa
290 2332 433 2388 perperam
452 2317 608 2386 percepisse
618 2317 725 2373 0100000
738 2317 823 2387 (sicut
837 2326 864 2372 00
879 2317 1055 2385 0100001100ος
1075 2316 1122 2371 010.
1135 2315 1190 2371 001.
1202 2316 1237 2370 11.
1249 2333 1277 2386 p.
1290 2317 1365 2386 401),
1386 2333 1450 2372 eum
1464 2318 1556 2374 0001010

193 2405 303 2476 Kepleri
321 2405 366 2469 (il.
385 2405 459 2472 5061,
483 2403 563 2472 qussi
581 2402 696 2470 diceret,
721 2403 872 2462 Galilaeum
896 2405 1040 2475 deceptum
1065 2403 1151 2458 fuisse
1174 2403 1202 2458 iu
1229 2404 1465 2461 obseruationibus
1489 2405 1556 2478 suis,

192 2493 382 2549 refutationem
405 2505 482 2546 suam
504 2491 673 2546 innitendum
700 2506 761 2547 esse
786 2500 880 2549 censet
898 2495 941 2560 (11.
961 2495 1040 2559 000).
1076 2491 1280 2547 refutationem
1304 2506 1380 2548 suam
1400 2494 1555 2562 (,Peregri·

194 2580 364 2648 natioucmt)
383 2577 456 2633 misit
474 2577 596 2648 Keplero
616 2579 659 2633 30.
678 2579 762 2650 Junii,
781 2581 828 2650 qui
846 2579 1095 2636 stomachabundus
1114 2577 1257 2647 respondit
1275 2579 1312 2645 (9.
1330 2578 1411 2649 Aug.)
1430 2587 1458 2635 et
1475 2579 1556 2636 simul

193 2669 286 2724 literas
305 2668 341 2724 00
361 2667 552 2722 0011100000
571 2665 660 2731 dedit,
685 2667 802 2725 laudans
827 2670 911 2738 hujus
929 2669 1098 2724 inventiones
1123 2673 1151 2721 00
1176 2661 1358 2722 temeritatem
1375 2667 1473 2723 Horkii
1491 2685 1555 2724 con·

193 2773 309 2825 querens
328 2755 375 2824 (ll.
395 2755 448 2811 454
466 2757 497 2822 0.)
521 2784 555 2794 -
574 2753 712 2812 Galilaeae
738 2759 881 2827 respoudit
906 2758 930 2812 d.
959 2758 998 2812 10.
1022 2753 1142 2825 Augusti
1166 2753 1214 2820 (11.
1239 2754 1305 2820 457)
1334 2755 1437 2822 gratias
1462 2770 1556 2822 agens,

194 2847 266 2914 quod
290 2843 428 2913 Keplerus
455 2843 559 2911 primus
585 2845 695 2899 001000
719 2845 794 2900 00100
819 2845 872 2916 ipsi
895 2846 976 2902 fidem
999 2839 1166 2914 praebuerit.
1191 2867 1226 2878 -
1248 2839 1386 2909 Keplerus
1409 2842 1464 2909 (25.
1483 2842 1555 2912 000.)

192 2935 260 3004 petit
271 2950 289 2988 a
301 2933 437 3001 Galliaco,
457 2947 491 2986 ne
509 2932 603 2986 1100000
622 2947 685 2986 0000
705 2933 740 3002 (0.
760 2935 842 3005 Aug.)
861 2933 970 3005 publice
988 2930 1139 2990 describat,
1164 2931 1226 2981 cnm
1243 2927 1365 2982 llorlrius
1381 2927 1471 2997 ipsum
1492 2943 1556 2994 „exe

195 3021 388 3092 pugnaverat:
415 3019 536 3090 ,agnovi
560 3019 721 3076 temeritatis
738 3022 895 3092 illecebras,
920 3021 1027 3090 iguovi“
1048 3026 1099 3075 etc.
1135 3015 1244 3071 Vidisse
1262 3030 1304 3084 sc,
1323 3015 1420 3086 refert,
1435 3017 1494 3085 jam
1511 3017 1555 3072 bis

195 3110 322 3180 planetae
341 3108 488 3166 Mediceos.
525 3108 620 3163 Finem
638 3106 743 3163 faciens
762 3109 851 3163 addit:
873 3109 970 3175 ,000010
988 3105 1145 3162 florentiae
1163 3119 1286 3159 recusam
1307 3119 1367 3159 0000
1380 3105 1555 3160 Dissertatio·

196 3213 258 3251 nem
276 3211 379 3265 meem;
406 3195 486 3266 cupio
510 3196 569 3264 ejus
589 3196 745 3266 exemplum
769 3195 870 3250 uidere.
908 3193 975 3250 Vale
994 3201 1022 3248 00
1039 3209 1089 3249 000
1107 3193 1194 3262 primo
1213 3207 1323 3263 qnoque
1341 3199 1465 3265 tempore
1484 3193 1556 3250 desi·

198 3284 272 3340 derio
290 3291 356 3339 tuae
376 3297 462 3338 novae
479 3283 643 3338 inventionis
662 3283 731 3340 leva
768 3284 908 3339 Neminem
927 3285 1012 3339 habes
1031 3297 1112 3352 quem
1130 3287 1236 3335 metuas
1256 3279 1417 3336 aemulum.“

298 3369 436 3440 Keplerus
449 3371 499 3426 sub
520 3368 602 3424 000000
615 3372 680 3426 anni
692 3373 881 3440 praecedentis
894 3371 1026 3426 001101010
1044 3369 1109 3424 anni
1124 3365 1296 3424 16101100000
1310 3365 1385 3422 dedit
1402 3368 1429 3422 1.
1441 3368 1554 3440 Papio,

196 3458 240 3527 qui
258 3457 409 3513 Februario
427 3472 521 3512 mense
540 3458 694 3525 respondit:
717 3459 834 3530 ,Magno
855 3475 915 3515 cnm
934 3456 1033 3527 gaudio
1052 3463 1114 3511 tues
1133 3455 1233 3523 accepi.
1270 3453 1415 3511 Affiixerst
1431 3472 1475 3512 me
1489 3473 1555 3513 non-

196 3546 262 3600 nihil
280 3544 440 3600 diuturnum
458 3543 596 3598 silentium
615 3551 703 3611 tuum,
722 3546 803 3601 modo
823 3546 956 3601 sollicitus
976 3560 1049 3598 erum
1067 3542 1101 3597 00
1119 3541 1174 3596 tuis
1191 3540 1325 3620 fortunis,
1347 3542 1428 3600 modo
1448 3544 1557 3600 devita

197 3643 252 3702 000,
270 3639 383 3703 propter
400 3632 468 3688 10000
486 3631 581 3686 000000
596 3633 771 3700 Bohemicas,
791 3649 863 3703 quse
881 3631 965 3688 literis
984 3629 1099 3692 subinde
1118 3629 1339 3687 confirmantur!
1364 3633 1462 3688 Mense
1474 3633 1557 3688 00010

197 3723 267 3778 idern
285 3723 393 3778 scribit:
419 3724 543 3788 ,Utinam
562 3723 674 3778 credere
692 3722 797 3791 poesis,
817 3727 920 3789 quanta
938 3733 981 3773 me
1000 3718 1141 3788 voluptate
1163 3717 1286 3773 afficiant
1302 3727 1367 3775 tuae
1385 3719 1481 3778 literae
1497 3730 1556 3778 tum

197 3817 309 3880 propter
327 3809 472 3864 amicitiam
496 3817 633 3880 nostram,
658 3817 715 3866 tum
734 3816 847 3879 propter
865 3821 979 3864 acumen
998 3806 1099 3874 ingenii
1117 3805 1171 3875 tui,
1199 3822 1252 3874 qno
1277 3815 1380 3875 quanto
1405 3810 1492 3897 magis
1511 3811 1557 3866 de-

198 3897 297 3966 lector,
320 3903 399 3952 tauto
418 3897 618 3954 ardentioribus
644 3897 716 3952 00010
734 3895 785 3950 0101
802 3895 987 3964 longissimam
1005 3893 1117 3962 tuisque
1140 3893 1238 3949 studiis
1257 3895 1456 3964 optatissimam
1474 3897 1556 3952 010000
1635 3942 1640 3952 .

198 3991 255 4040 toto
272 3985 364 4040 auimo
381 4001 485 4054 precor.
521 3985 684 4042 Aridissime
702 3985 758 4056 legi
777 3991 921 4054 utrumque
939 3987 1016 4037 tuum
1040 3981 1206 4050 scriptume
1225 3987 1251 4035 00
1270 3979 1388 4049 editum,
1413 3981 1499 4036 multa
1515 3983 1556 4037 in·
1625 3984 1630 3998 '

198 4075 258 4132 00001
276 4073 449 4144 0000100000,
474 4073 666 4131 mathematico
684 4085 818 4140 Qcaesereo
838 4069 1003 4139 dignissima.
1041 4068 1127 4160 Spero
1147 4065 1242 4122 abste
1260 4083 1407 4136 progressu
1426 4071 1556 4140 temporis

198 4163 354 4219 methodum
372 4164 458 4217 totius
476 4161 661 4219 astronomiae
685 4169 713 4216 et
731 4161 848 4230 opticus.
884 4158 965 4213 Mitto
989 4156 1041 4212 tibi
1065 4172 1115 4225 pro
1139 4154 1195 4209 tuis
1220 4153 1308 4210 tribus
1331 4154 1425 4210 liberis
1442 4155 1556 4211 totidem

198 4249 304 4306 libellos
323 4263 358 4304 ex
376 4251 487 4305 succino
506 4255 534 4304 et
553 4265 588 4304 ex
606 4233 702 4306 eodem
721 4248 823 4320 petitos
842 4245 981 4303 orbiculos
998 4259 1049 4313 pro
1068 4258 1163 4312 uxore,
1182 4257 1251 4310 quos
1270 4257 1362 4304 omnes
1382 4258 1431 4311 ego
1450 4250 1478 4299 00
1495 4259 1556 4300 mea

200 4341 280 4396 Anna
297 4339 422 4396 officiose
440 4347 468 4393 et
485 4346 610 4396 amanter
629 4337 794 4406 0010000000,
812 4343 955 4404 rogantes,
974 4339 1006 4388 ut
1024 4331 1123 4399 exigua
1141 4327 1302 4384 munuscula
1320 4329 1385 4382 boni
1403 4329 1556 4385 consulant.

199 4429 344 4485 succinum
362 4441 379 4481 a
395 4427 518 4497 principe
541 4427 607 4482 mihi
632 4426 762 4482 donatum
786 4431 844 4492 est;
871 4439 941 4478 uror
968 4438 1028 4478 00000
1055 4419 1133 4476 00010
1156 4417 1274 4472 00000100
1298 4422 1326 4472 00
1347 4415 1431 4472 eorda
1455 4417 1489 4473 de
1507 4435 1556 4474 un-

200 4515 263 4586 gula
281 4515 375 4572 usias

302 4604 381 4672 Quae
399 4602 534 4674 Keplerus
551 4603 605 4660 hoc
623 4617 695 4657 anno
713 4598 907 4670 chronologica
931 4601 986 4668 egit
1007 4614 1068 4654 cum
1088 4594 1205 4653 00101010
1224 4597 1251 4648 00
1270 4591 1495 4666 Gerstenbergio,
1519 4595 1556 4651 le·

200 4697 299 4764 gurim
315 4689 372 4746 001.
389 4689 437 4745 111.
460 4705 486 4758 p.
504 4689 557 4746 413
576 4705 615 4747 00.
635 4719 668 4728 -
687 4687 865 4756 Prognostica
888 4685 941 4742 hoe
964 4693 1087 4756 tempore
1111 4683 1187 4739 nulls
1210 4681 1303 4740 edidit.
1347 4681 1476 4751 00000000,
1501 4703 1556 4756 qus,

197 4787 285 4836 motus
302 4777 443 4848 negotium
461 4777 515 4833 000
533 4778 579 4834 diu
590 4777 778 4834 continuatum
790 4775 992 4846 (toea-1608)
1008 4773 1138 4850 0000100010,
1156 4773 1228 4826 hanc
1247 4771 1458 4829 01010101100110
1473 4775 1555 4842 ,Ter-

199 4867 253 4926 tius
270 4865 493 4942 inremedienstz
514 4853 593 4932 Weil
615 4852 663 4916 die
688 4851 837 4930 dsuologi
858 4851 944 4914 100100
966 4847 1127 4940 0000000000
1149 4847 1280 4940 0000000
1301 4848 1408 4928 baben,
1430 4850 1556 4922 sondern
