3662 5544
260 381 326 466 820
442 458 447 470 ,
769 397 834 459 Vita
849 381 964 460 loannis
981 391 1100 473 Kepleri

260 575 382 656 aliquod
404 575 481 638 ultro
505 573 679 641 doret'suaa
701 579 941 644 benevolentiae:
964 599 1033 642 nam
1047 597 1105 642 non
1121 587 1183 642 crat
1197 581 1268 642 mihi
1284 581 1464 659 consultum,
1487 583 1624 662 saepias.

259 668 290 726 in
314 666 467 725 discrimen
490 669 591 727 venire
613 666 756 746 repulsae.
790 670 827 728 lit
850 673 967 735 omnino
990 672 1187 745 successisset,
1210 687 1264 732 nec
1287 671 1384 732 forsan
1407 672 1493 747 mele,
1516 675 1541 731 si
1557 672 1605 732 rel

260 770 317 831 ego
340 757 469 830 apertius
492 756 628 831 egissem,
652 756 700 816 vel
722 757 775 816 illa
795 758 917 835 pudoris
940 767 969 818 ct
992 757 1124 818 cautelae
1147 761 1243 818 minus
1266 758 1464 820 adhibuisset:
1496 767 1606 820 certum

260 844 338 903 enim
362 847 422 918 est,
448 849 570 902 matrem
593 843 792 920 consuluisse,
823 854 910 923 atque
934 845 986 905 illa
1008 845 1079 904 mihi
1102 863 1160 905 non
1183 847 1320 921 obscure,
1348 847 1400 909 sed
1422 864 1487 907 sero
1509 849 1605 921 nimis,

258 937 392 1010 paratam
422 930 618 991 conditionem
651 931 787 993 ostendit.
830 933 993 1008 Nobilitas,
1025 934 1136 1007 torma,
1170 935 1351 1012 experientia
1382 937 1424 995 rei
1455 934 1606 994 familiaris

258 1017 390 1092 aderaut,
414 1019 534 1079 aberant
557 1037 647 1098 opes,
671 1027 808 1098 suspecta
829 1020 987 1093 valetudo,
1009 1023 1101 1099 signia
1123 1023 1296 1081 vitiosorum
1318 1021 1487 1100 pulmonum
1511 1025 1606 1082 mani·

258 1107 432 1167 festissimis.
479 1106 589 1183 Aliqua
616 1109 646 1165 iu
677 1107 734 1168 hoc
764 1114 825 1168 erat
854 1108 1026 1184 difficultas,
1059 1107 1138 1185 quod
1168 1109 1296 1170 nobilem
1323 1111 1485 1170 indotatam
1514 1110 1605 1214 paulo

259 1196 440 1256 sumtuosius
469 1193 635 1254 habendam
665 1197 829 1256 constabat.
874 1197 914 1256 At
937 1213 1014 1259 nunc
1037 1195 1137 1273 puella
1158 1199 1201 1256 sic
1223 1197 1389 1274 respondit,
1419 1204 1452 1256 ut
1478 1199 1607 1274 conjice·

259 1301 328 1359 rem,
352 1282 434 1340 illam
457 1290 487 1341 et
509 1285 645 1356 sensisse,
668 1283 739 1360 quid
762 1282 879 1358 vellem,
903 1292 931 1344 et
953 1301 1077 1360 negasse
1100 1287 1172 1344 eitra
1193 1303 1288 1345 meam
1311 1287 1519 1345 contusionem.

363 1369 469 1444 Itaque
491 1386 528 1430 ne
550 1369 730 1448 periclitarer
747 1371 893 1474 amplius,
927 1371 964 1430 ad
991 1371 1132 1432 decimam
1163 1375 1277 1447 transii,
1305 1380 1423 1434 secutus
1454 1371 1606 1432 consilium

257 1457 383 1518 feminae
398 1455 558 1535 popularia,
582 1459 652 1517 mihi
669 1461 872 1534 amicissimae,
896 1476 971 1535 quac
991 1460 1053 1535 jam
1070 1459 1121 1518 diu
1135 1476 1167 1519 se
1184 1461 1284 1536 sperni
1296 1469 1400 1536 questa
1416 1467 1486 1519 erat.
1523 1459 1607 1519 Ven-

260 1553 322 1606 tum
344 1547 375 1604 in
398 1552 603 1621 conspectum,
630 1563 702 1623 opes
725 1555 806 1606 eraut
829 1555 937 1622 certae,
957 1545 1107 1618 nobilitas,
1130 1547 1299 1623 frugalitas3
1330 1557 1361 1607 at
1382 1547 1607 1625 physiognomia

262 1633 530 1708 abhorrentissima,
554 1633 647 1694 torma
670 1635 757 1693 etiam
779 1633 971 1712 popularibus
995 1634 1087 1694 oculis
1111 1637 1211 1710 turpis,
1236 1652 1387 1712 corporum
1411 1635 1607 1710 inaequalitas

259 1719 504 1796 manifestissima,
528 1736 583 1797 ego
605 1723 711 1796 tenuis,
736 1738 888 1795 exsuccos,
909 1721 1036 1799 gracilis,
1059 1720 1111 1781 illa
1135 1723 1231 1782 brevis
1255 1731 1284 1782 et
1305 1740 1416 1798 crassa,
1441 1740 1474 1783 er
1496 1721 1608 1781 familia

260 1812 349 1870 etiam
372 1809 478 1886 insigni
500 1809 647 1886 superduc
671 1811 811 1872 crassitie.
840 1809 1005 1886 Indignitas
1019 1811 1149 1872 maxima
1164 1817 1229 1870 orta
1251 1827 1286 1870 ex
1309 1812 1525 1889 comparatione
1541 1827 1607 1869 cum

259 1899 372 1976 quinta,
395 1913 455 1956 nou
478 1903 575 1957 tamen
598 1897 740 1958 excitavit
762 1915 891 1960 amorem
914 1915 983 1975 erga
1005 1897 1087 1956 illam
1110 1897 1221 1957 deuuo:
1250 1897 1393 1975 fuqocr'or
1414 1897 1514 1974 Euro,
1537 1915 1608 1974 opes

259 1985 387 2046 Plutoni
408 1984 564 2045 devovent.

363 2071 474 2132 Eodem
496 2073 598 2132 itinere
615 2079 644 2132 et
658 2069 822 2147 undecima,
845 2071 906 2148 jam
929 2071 999 2131 olim
1021 2071 1093 2131 mibi
1116 2071 1330 2147 commendata,
1353 2090 1466 2133 rursum
1486 2075 1516 2131 in
1539 2089 1606 2132 sce·

258 2178 327 2224 uem
348 2160 491 2236 producta
512 2159 567 2218 luit
589 2160 627 2219 ab
651 2161 762 2234 amico,
787 2167 963 2228 secretorum
986 2177 1117 2220 meorum
1138 2159 1197 2218 tido
1222 2159 1359 2236 custode,
1389 2163 1439 2240 qui
1463 2160 1606 2220 decimam

259 2249 447 2309 dissuaserat.
498 2246 623 2307 Secutus
654 2265 720 2306 sum
751 2249 919 2307 universum
948 2249 1041 2326 ipsius
1071 2247 1218 2307 ordinem:
1251 2250 1318 2308 veni
1349 2251 1378 2308 in
1409 2257 1604 2326 conspectum,

258 2337 369 2415 placuit
390 2351 524 2412 persona,
547 2337 704 2395 tectissime
726 2343 825 2394 tamen
849 2337 946 2395 omnia
967 2343 1060 2412 gesta.
1090 2333 1217 2395 Rursum
1233 2351 1313 2413 opes,
1335 2337 1483 2410 nobilitas,
1506 2337 1607 2413 truga-

214 2411 220 2424 ⁸
257 2423 379 2498 litas,
370 2440 400 2481 ιιι
423 2429 519 2483 aetate
543 2421 783 2482 desiderabantur
812 2421 926 2500 aliquot
947 2425 1032 2494 anni3
1062 2423 1092 2482 iu
1115 2441 1243 2498 summa,
1266 2442 1312 2484 res
1334 2442 1386 2502 per
1406 2424 1490 2483 illum
1512 2435 1606 2499 gesta,

257 2511 400 2603 patientia
429 2528 448 2571 a
474 2529 520 2570 me
550 2513 691 2587 praestita
718 2512 748 2568 in
778 2520 914 2586 quartum
943 2528 1089 2572 mensem·
1125 2511 1250 2589 denique
1277 2529 1447 2618 responsum
1474 2512 1605 2587 tulimus,

259 2595 353 2660 rideri
376 2595 504 2675 puellam
528 2597 657 2657 nondum
679 2599 751 2658 satis
773 2597 913 2657 adultam.

362 2684 499 2762 Jamque,
523 2686 674 2745 exhaustis
697 2686 832 2745 omnibus
856 2688 1014 2745 amicorum
1037 2684 1166 2746 consiliis
1190 2686 1257 2765 (nisi
1274 2685 1352 2762 quod
1367 2685 1506 2748 Mannam
1528 2703 1607 2746 nun-

260 2790 348 2852 quam
371 2790 436 2833 sum
458 2780 591 2845 secutus,
623 2780 719 2847 metu,
749 2790 786 2831 ne
810 2790 904 2850 aeque
926 2771 1004 2832 male
1026 2771 1220 2854 succederet),
1251 2790 1306 2852 ego
1330 2776 1446 2852 inipso
1476 2773 1606 2835 discesso

259 2861 452 2923 Ratisbonurn
475 2861 513 2920 ad
535 2861 666 2936 quintam
689 2877 834 2936 reversus,
857 2859 944 2920 tidem
967 2859 1035 2919 dedi
1058 2862 1226 2938 accepique.

362 2947 463 3008 Habes
486 2950 723 3008 commentarium
746 2945 863 3007 illorum
885 2949 1056 3022 verborum,
1084 2965 1102 3006 a
1127 2949 1233 3025 quibus
1255 2951 1398 3027 incipiunt
1419 2949 1607 3009 invitatorias

257 3035 370 3098 literae.
399 3035 501 3110 Vides,
524 3053 584 3118 qua
607 3035 798 3112 dispositione
822 3035 923 3094 divina
945 3036 974 3093 in
998 3033 1052 3094 bas
1076 3034 1167 3094 veluti
1183 3039 1334 3112 angustias
1351 3039 1405 3095 sirn
1428 3035 1606 3113 compulsus,

259 3132 292 3185 ut
314 3123 507 3198 nobilitatem,
532 3140 617 3200 opes,
642 3125 860 3200 cognationem,
885 3139 1007 3199 quorum
1030 3121 1103 3181 nihil
1126 3124 1156 3181 in
1180 3123 1389 3198 hectoreum,
1413 3132 1605 3198 contemnere,

259 3219 355 3272 cetera
385 3211 542 3271 mediocria
576 3228 671 3287 aequo
705 3213 802 3271 animo
836 3211 920 3286 sequi
954 3216 1073 3269 coactus
1105 3209 1218 3270 luerim.
1270 3212 1459 3272 susannae
1489 3227 1604 3283 nomon,

258 3305 393 3377 parentes
415 3297 465 3358 Jo.
489 3297 662 3375 Reuttinger
684 3306 714 3357 et
735 3298 876 3372 Barbara,
901 3299 981 3357 cives
1005 3295 1105 3374 oppidi
1128 3298 1281 3376 Elerding,
1305 3299 1422 3376 opificio
1445 3299 1606 3359 arcularius

258 3395 351 3464 pater,
376 3385 485 3444 dudum
512 3389 617 3445 mortui
648 3387 751 3459 ambo,
781 3385 933 3461 educatio,
966 3401 1041 3461 quae
1068 3385 1135 3444 loco
1165 3381 1363 3463 amplissimae
1391 3387 1467 3446 dotis
1490 3389 1543 3460 sit,
1574 3387 1605 3443 in

259 3488 409 3552 gynaeceo
426 3472 659 3551 Starenbergico,
682 3477 773 3532 totius
787 3476 914 3550 regionis
929 3470 1150 3532 laudatissimae
1167 3472 1353 3552 discipliuaeq
1376 3473 1477 3548 torma,
1500 3491 1604 3546 mores,

259 3577 364 3637 corpus
387 3553 580 3636 attemperata
596 3559 633 3620 ad
649 3579 723 3636 mea,
747 3560 845 3620 nullus
860 3561 962 3634 laetus,
985 3561 1067 3619 nullu
1083 3565 1282 3634 sumtuositas,
1306 3561 1437 3622 laborum
1453 3563 1606 3640 patientia,

256 3649 380 3709 scientia
402 3647 555 3708 mediocris
571 3647 848 3724 regendaedomus,
872 3655 954 3708 aetas
969 3646 1109 3725 mediat)
1132 3650 1305 3726 animusque
1321 3666 1414 3725 capax
1429 3651 1502 3726 ejus,
1525 3647 1605 3726 quod

258 3735 355 3796 adhuc
378 3733 469 3795 deest.
514 3734 588 3795 Cum
610 3735 667 3796 hac
691 3753 726 3796 ex
758 3736 948 3813 dispositione
971 3735 1112 3795 Generosi
1134 3735 1254 3795 Domini
1276 3755 1295 3796 a
1317 3735 1514 3812 Stahrenbcrg
1536 3753 1606 3813 pro-

259 3825 336 3884 xime
360 3824 456 3883 luturo
481 3827 532 3884 30.
550 3821 685 3886 Octobris
708 3823 780 3882 hora
806 3830 855 3882 12.
880 3839 976 3883 coram
1001 3828 1085 3882 coetu
1109 3822 1310 3902 Eierdingensi
1335 3825 1505 3902 copulabor‚
1527 3841 1607 3901 nup-

258 3911 328 3972 tiale
351 3911 469 3988 epuldm
500 3912 527 3968 in
556 3911 679 3970 aedibus
701 3910 879 3982 Mauriciae,
909 3911 991 3986 cujus
1021 3911 1134 3986 insigne
1165 3910 1225 3970 Leo
1257 3925 1377 3985 aureus,
1409 3912 1606 3988 praebebitur.

258 3999 405 4060 Illustrem
429 3997 661 4059 (tenerositatem
683 3997 778 4058 Tuam
802 3996 928 4058 obsideri
952 3999 1013 4058 scio
1036 3999 1184 4073 geminato
1208 3999 1288 4058 luctu
1313 4017 1406 4076 eoque
1421 4001 1605 4074 gravissimo,

259 4094 288 4147 et
310 4089 361 4164 qui
381 4093 465 4152 tuum
488 4082 630 4146 animum*
647 4102 705 4144 non
728 4085 911 4146 mediocriter
934 4086 971 4144 ob
996 4087 1092 4144 varias
1121 4102 1204 4144 curas
1235 4085 1383 4163 percellat.
1430 4085 1464 4146 Id
1487 4087 1510 4146 si
1533 4086 1606 4145 nihil

257 4175 457 4253 impedimenti
479 4175 632 4251 objiceret,
657 4176 777 4232 summis
801 4174 854 4232 abs
877 4171 987 4232 Illustri
1012 4169 1214 4233 Generositate
1237 4173 1302 4233 Tua
1325 4173 1460 4250 precibus
1483 4182 1607 4234 conten-

204 4325 208 4332 ,
260 4263 370 4337 dorem,
402 4269 435 4322 ut
458 4261 527 4339 Ipsa
549 4263 658 4337 nuptiis
688 4262 760 4320 meis
789 4262 943 4320 interesset
976 4277 1088 4337 susque
1110 4264 1276 4338 praesentia
1305 4265 1554 4338 magnanimitatis
1577 4265 1606 4320 in

258 4367 305 4410 me
327 4351 452 4428 speciem
475 4348 736 4410 luculentissimam
753 4347 894 4423 effigiaret
909 4363 1013 4424 meque
1037 4355 1066 4407 et
1087 4365 1141 4407 suo
1158 4349 1242 4408 vultu
1266 4351 1295 4406 in
1319 4349 1452 4410 adversis
1468 4356 1606 4411 constan-

259 4440 372 4497 tissimo
402 4430 561 4511 recrearet,
591 4442 621 4494 et
652 4434 689 4494 ad
724 4435 964 4494 contemnendam
995 4437 1103 4494 samem
1132 4436 1304 4512 popularem
1329 4436 1520 4497 confirmaret.
1569 4437 1608 4497 At

261 4529 330 4601 quia
351 4527 421 4582 novi
445 4521 613 4597 obstacula,
645 4523 732 4582 etiarn
757 4539 822 4581 curn
844 4521 890 4580 Ill.
915 4521 989 4585 Gen
1012 4521 1095 4583 Tuae
1125 4523 1224 4600 legato
1249 4531 1485 4586 contentusero
1530 4525 1607 4586 Vale

247 4619 290 4672 ‘et
312 4620 406 4671 utrum
430 4619 595 4688 exspectem
616 4627 669 4686 per
690 4611 815 4669 scribam
838 4609 984 4684 significa,
1007 4619 1039 4669 ut
1061 4613 1188 4671 rationes
1210 4611 1320 4690 hospiti
1341 4620 1485 4674 constent.
1522 4611 1607 4674 Eter-

262 4698 366 4775 dingae
391 4698 417 4760 d.
442 4707 492 4759 23.
517 4695 662 4770 Octobris,
686 4698 772 4756 tertia
795 4712 900 4756 amco
923 4697 1027 4758 reditu.

363 4852 386 4918 ⁸)
408 4855 438 4903 ln
461 4853 609 4904 collectione
632 4853 794 4902 naddutnm
819 4853 1028 4920 deprehendimus
1051 4857 1193 4909 Susannam
1214 4857 1411 4920 Reuniugeriam
1435 4855 1510 4920 (allas
1532 4857 1608 4910 Βοιι·

260 4921 402 4989 bonnam),
421 4929 505 4974 uatum
524 4923 565 4974 die
583 4925 627 4982 ab.
644 4923 708 4980 Deo.
728 4925 805 4978 1589.
