3588 5540
925 1677 1001 1775 ΠΙ.

398 2031 499 2111 Usque
522 2031 620 2092 adhuc
641 2029 767 2092 Joannis
790 2032 909 2112 chleri
933 2035 1024 2094 vitam
1047 2029 1115 2093 inde
1137 2033 1175 2092 ab
1198 2029 1383 2090 incunabulis
1411 2045 1504 2105 usque
1527 2027 1566 2088 ad
1589 2047 1643 2088 ex·
1704 2022 1708 2031 '

292 2129 413 2184 tremum
437 2121 514 2182 diem
537 2121 634 2180 animo
657 2123 803 2196 persecuti
825 2138 935 2194 snmus,
959 2129 1079 2198 atquae
1103 2136 1220 2197 quoque
1244 2119 1350 2178 aetatis
1373 2135 1451 2176 auno
1474 2117 1500 2176 ei
1523 2116 1643 2176 accide-

289 2213 365 2285 rint,
388 2217 418 2270 et
439 2226 526 2286 quem
549 2205 729 2266 admodum
752 2207 816 2284 ejus
839 2211 989 2285 ingenium
1011 2211 1134 2269 creverit
1157 2215 1186 2268 et
1208 2205 1384 2280 adoleverit,
1408 2205 1531 2265 scientia
1554 2211 1643 2264 ancta

291 2305 320 2360 et
342 2295 521 2376 amplificata
543 2297 596 2368 sit,
621 2295 787 2358 relerentes.
831 2295 989 2357 Praeterea
1010 2297 1115 2370 libros,
1140 2311 1214 2372 quos
1237 2292 1328 2352 edidit
1350 2309 1460 2365 omnes,
1484 2291 1642 2353 observato

289 2392 368 2446 certo
398 2391 431 2444 ut
460 2383 530 2444 editi
562 2389 631 2442 snut
658 2381 759 2442 ordine
791 2385 1026 2444 enumeravimus
1057 2391 1144 2444 etex
1167 2387 1251 2459 parte
1278 2381 1306 2439 id
1330 2397 1448 2457 quoque
1478 2379 1641 2453 retulimus,

290 2473 397 2550 quibus
419 2473 449 2530 in
472 2471 560 2532 rebus
583 2485 701 2546 quoqne
723 2487 800 2530 anno
823 2469 968 2548 Keplerus
991 2469 1125 2532 versatus
1146 2473 1194 2532 sit.
1232 2469 1276 2526 Ex
1298 2470 1425 2528 maxima
1448 2466 1552 2528 deinde
1576 2471 1641 2542 cpi-

289 2559 430 2621 stolarum
453 2566 482 2619 et
503 2559 656 2618 missarum
673 2564 703 2617 ct
722 2565 907 2637 acceptarum
930 2561 1015 2638 copia
1037 2576 1073 2618 ea
1095 2565 1124 2618 et
1148 2557 1270 2634 carptim
1296 2565 1324 2616 et
1350 2555 1498 2633 cupierim
1527 2554 1641 2616 reddita

289 2655 365 2720 suut,
389 2663 466 2723 quae
489 2652 541 2706 ant
564 2645 628 2721 ejus
649 2661 696 2704 res
711 2643 868 2706 familiares
883 2647 1076 2720 iliustrarent,
1101 2652 1153 2705 eut
1169 2643 1389 2720 cognoscendae
1404 2643 1513 2720 ingenii
1530 2642 1640 2702 educa-

290 2737 363 2796 tioni
386 2743 416 2794 et
436 2733 634 2812 progressioni
658 2731 771 2808 majora
794 2735 944 2796 minorave
967 2733 1078 2794 lumina
1100 2733 1242 2793 afferrent

396 2820 502 2881 Restat
524 2819 650 2896 denique
674 2837 718 2894 ea,
743 2837 819 2897 qnae
843 2822 1000 2882 observato
1025 2828 1102 2882 certo
1127 2836 1268 2880 annorum
1292 2816 1392 2876 ordine
1415 2833 1510 2876 rerum
1525 2793 1639 2874 ratione

291 2915 321 2968 et
342 2909 564 2969 continuatione
587 2907 672 2983 quasi
696 2915 823 2983 careant,
847 2909 985 2986 colligere
1008 2918 1038 2970 et
1060 2909 1115 2968 sub
1138 2924 1196 2966 uno
1220 2913 1341 2984 aspectu
1364 2921 1488 2980 ponere;
1520 2911 1550 2964 et
1572 2905 1640 2979 qui-

291 2993 374 3074 dem,
405 2997 462 3055 nisi
484 2995 558 3055 lorte
580 2993 801 3073 pertractandae
822 2999 865 3056 rei
888 3005 992 3056 natura
1015 2995 1192 3075 postulavit,
1224 3001 1256 3052 ut
1281 2993 1318 3052 ab
1342 3007 1398 3051 uno
1422 2993 1518 3069 capite
1542 2998 1639 3049 trans·

288 3099 389 3142 camus
404 3083 434 3141 in
449 3081 585 3154 alterum,
608 3082 684 3143 hanc
700 3088 808 3142 certam
822 3086 1005 3144 tractationis
1020 3086 1124 3143 seriem
1140 3099 1229 3159 quarn
1257 3080 1390 3140 maxime
1406 3078 1638 3150 observabimus,
1688 3139 1691 3144 ,

287 3167 321 3228 ut
343 3173 465 3248 primum
489 3169 524 3230 de
548 3169 611 3246 ejus
633 3169 801 3246 familia,
835 3179 897 3231 tum
920 3171 955 3232 dc
978 3173 1115 3231 amicis
1138 3179 1176 3231 et
1198 3167 1430 3242 fautoribus,
1455 3165 1581 3243 donique
1604 3163 1639 3225 dc

288 3253 497 3318 literarum
519 3256 666 3317 studiis
688 3263 723 3318 et
745 3257 924 3366 doctrina
947 3257 1132 3320 disseramus
1470 3275 1475 3292 ·

775 3577 824 3636 De
845 3577 986 3649 Keplcri
1007 3577 1145 3636 familie.

397 3690 530 3753 Joannes
552 3692 699 3798 Keplerus
721 3695 808 3756 domo
830 3704 917 3756 natus
940 3705 985 3757 cst
1008 3714 1083 3773 quac
1113 3699 1142 3754 in
1165 3695 1263 3756 Wilae
1286 3694 1376 3754 libero
1400 3695 1557 3772 municipio
1582 3693 1638 3754 ali·

288 3785 430 3858 qnantum
453 3784 592 3884 temporis
614 3783 743 3844 maxima
765 3787 938 3845 auctoritate
960 3784 1092 3844 florebat.
1139 3783 1222 3842 Avus
1245 3784 1321 3842 enim
1338 3781 1523 3842 Sebaldus
1546 3781 1640 3860 Kep-

218 3871 223 3898 ¹
287 3867 386 3929 lerus
409 3871 524 3946 etipse
547 3869 672 3947 precluit
695 3872 768 3945 urbi,
792 3881 821 3933 ct
844 3872 981 3932 abdicato
1005 3888 1123 3947 queque
1146 3888 1181 3931 eo
1205 3887 1322 3930 munere
1338 3869 1417 3930 baud
1433 3886 1498 3929 raro
1521 3869 1640 3948 publica

288 3964 318 4018 et
341 3973 406 4016 cum
439 3954 505 4016 aliis
536 3959 701 4035 municipiis
730 3968 759 4020 et
788 3977 853 4019 cum
884 3962 983 4020 vicina
1012 3958 1094 4018 ducis
1118 3959 1375 4034 Wiirttembergici
1406 3958 1526 4017 civitate
1558 3973 1640 4016 com-

287 4045 396 4104 mercia
419 4045 596 4121 procuravit.
639 4045 677 4105 Et
700 4063 734 4106 ex
757 4046 883 4124 publicis
905 4045 1038 4123 ejusdem
1061 4047 1161 4126 oppidi
1186 4045 1347 4118 codicibus,
1370 4047 1421 4120 qui
1443 4043 1542 4104 Wilee
1567 4061 1638 4104 con-

289 4133 399 4192 servati
421 4139 490 4190 sunt
512 4149 549 4191 ex
571 4133 740 4194 novissimis
763 4133 850 4194 XVI.
873 4134 965 4195 seculi
988 4136 1090 4208 annis,
1114 4133 1191 4194 clare
1213 4142 1350 4211 apparet,
1375 4133 1548 4210 saepissime
1573 4149 1638 4192 eum

287 4218 378 4297 legati
408 4219 525 4279 nomine
547 4217 767 4297 stuttgartiam,
798 4221 1025 4295 Heilbronnam,
1056 4221 1171 4300 Spiram
1194 4220 1326 4298 aliasque
1355 4219 1383 4280 in
1407 4221 1494 4280 urbes
1518 4221 1639 4280 missum

289 4309 397 4366 civium
420 4323 539 4366 suerum
561 4307 715 4371 commoda
736 4309 892 4371 fortissime
908 4309 1081 4370 defendisse.
1111 4309 1270 4369 Fortunam
1285 4314 1383 4368 autem
1399 4307 1539 4386 habuisse
1553 4306 1638 4367 vide·

260 4421 263 4430 ⁴
289 4401 335 4454 tur
356 4392 437 4454 haud
459 4411 590 4472 parvam,
614 4411 699 4471 quae,
724 4413 789 4457 cum
812 4405 981 4458 sumtuoeus
997 4405 1026 4458 et
1039 4395 1127 4456 luxua
1142 4397 1358 4456 amantissimus
1381 4403 1465 4470 asset,
1489 4396 1544 4455 sub
1561 4397 1638 4455 vitae

290 4481 399 4541 exitum
422 4481 509 4541 valde
532 4483 685 4541 imminuta
707 4491 760 4558 est,
785 4487 827 4544 ita
849 4492 882 4544 ut
903 4484 1003 4546 liberis
1025 4501 1100 4561 qnos
1122 4484 1226 4544 habuit
1248 4481 1494 4560 permulceant)
1517 4485 1637 4561 paucis·

289 4569 363 4627 sima
378 4566 530 4644 reliquisse
547 4567 698 4646 videaturJ
722 4589 757 4631 ex
780 4573 816 4630 iis
832 4570 958 4649 quidem,
982 4589 1059 4649 quae
1082 4571 1118 4631 de
1133 4571 1258 4632 Joannis
1281 4578 1433 4649 parentum
1454 4587 1487 4630 re
1502 4569 1637 4630 lamiliari

289 4657 360 4714 satis
384 4663 532 4733 comperta
558 4655 717 4732 habemns,
749 4659 932 4735 angustiores
962 4663 1060 4736 potins
1090 4676 1136 4720 res
1165 4675 1252 4735 quam
1285 4657 1465 4735 opulentiam
1494 4658 1637 4734 conjicere

289 4737 366 4800 licet
389 4735 447 4824 (Ex
463 4749 545 4821 patre
561 4742 628 4822 plus
644 4761 732 4821 quam
748 4746 827 4806 mille
843 4745 977 4820 florenos,
1001 4764 1037 4806 ex
1057 4753 1148 4808 matre
1170 4749 1227 4806 tria
1241 4745 1334 4805 millia
1348 4745 1523 4805 florenorum
1537 4746 1635 4806 liberis

290 4827 428 4888 obvenire
444 4829 589 4904 debuisse,
615 4830 686 4892 dicit
700 4831 779 4893 filins
794 4833 1019 4912 Christopborus
1035 4842 1127 4895 matre
1142 4835 1280 4909 mortua.)
1324 4833 1515 4894 Henricus
1537 4839 1634 4893 autem

290 4912 450 4993 Keplerus,
481 4915 607 4977 Joannls
629 4927 727 5000 pater,
755 4939 875 4984 uxorem
906 4920 989 4982 duxit
1017 4921 1097 4984 baud
1121 4922 1257 5002 pauperis
1280 4922 1336 4982 viri
1362 4917 1470 4997 liliam,
1502 4919 1635 4982 Golden·
