3516 5540
226 349 292 424 640
311 355 315 370 “
388 387 390 398 ·
538 353 719 412 Summarlum
736 354 874 414 lilatorlae
891 354 1081 413 Asmouomiae
1100 355 1193 412 555515
1211 355 1282 412 XVL

226 529 288 585 55111
308 527 353 603 ς),
377 528 458 586 htux
474 527 546 601 bom,
570 545 617 586 eor
635 531 752 602 Scorpi,
772 531 885 602 Aquila,
909 531 998 602 primu
1016 535 1062 602 v,
1088 531 1207 588 medium
1225 531 1324 602 eapitis
1348 537 1390 603 ‡‚
1414 529 1583 602 praecedens

227 615 332 672 5151155
353 621 392 682 z,
412 617 465 674 sin.
484 617 614 674 humerus
632 635 676 690 55,
695 619 787 676 155115
803 621 831 675 iu
850 636 975 676 5555515
996 623 1054 681 )(.“

329 704 423 774 Tyeho
447 705 509 760 loea
530 704 645 762 fixarum
669 708 818 764 certissime
843 723 873 764 se
892 709 1067 763 constituisse
1089 707 1227 764 affirmans
1252 714 1392 778 comparat
1409 721 1472 762 suas
1490 705 1584 761 obser·

225 790 346 847 rationes
372 807 433 848 curn
456 793 488 848 iia
511 801 633 848 veterum
656 793 888 865 deprehenditque
913 795 1091 852 mutationem
1117 795 1292 850 latitudinum
1322 797 1374 860 „ab
1401 793 1583 850 antecessori·

225 877 277 932 bus
295 881 396 935 nostris
413 896 469 936 non
488 880 684 950 exploratamt.
722 883 839 938 Causam
858 882 939 952 hujus
957 882 1114 938 mutationis
1132 881 1218 938 refert
1234 881 1269 936 ad
1287 889 1420 937 mutatam
1438 881 1583 950 eclipticas

226 964 414 1034 obliquitatem
433 974 486 1030 (etr.
506 973 557 1024 vol.
576 973 619 1020 lll.
639 975 752 1039 41151,
772 973 822 1024 507
842 988 872 1039 a,
891 972 942 1027 vol.
961 973 1005 1022 vl.
1025 973 1185 1038 1915111.
1222 969 1392 1039 Comparatio
1417 967 1583 1024 observatio·

225 1053 305 1109 nibus
323 1062 449 1110 veterum·
468 1071 529 1110 cum
553 1056 610 1111 suis
637 1055 725 1110 addit:
747 1072 824 1121 „cum
845 1071 896 1125 per
917 1064 1088 1113 enumeratas
1110 1057 1202 1112 stellas
1223 1057 1291 1112 satis
1311 1056 1484 1112 evidentibus
1506 1055 1582 1110 testi·

224 1142 323 1196 moniis
342 1142 547 1212 comprobatum
566 1143 613 1212 sit,
633 1143 776 1199 affixarum
793 1143 951 1200 latitudines
970 1144 1119 1200 secuudum
1139 1145 1301 1213 exigentiam
1323 1145 1482 1200 mutationis
1500 1143 1583 1211 eclip-

226 1230 297 1286 ticas
315 1231 422 1300 1551551,
440 1233 595 1286 necessario
614 1234 799 1303 consequitur,
817 1239 865 1289 ant
882 1249 937 1287 uon
954 1231 1039 1288 fuisse
1059 1241 1163 1288 1551115
1175 1247 1241 1287 aevo
1255 1243 1377 1288 veterum
1395 1230 1583 1301 obliquitatem

213 1315 371 1374 *maximam
394 1317 547 1388 eclipticas,
575 1327 704 1387 quautam
722 1318 762 1373 illi
781 1320 968 1392 msiguaruut,
992 1329 1042 1376 aut
1064 1320 1222 1376 latitudines
1242 1319 1381 1374 stellarum
1400 1335 1449 1390 pro
1470 1319 1529 1387 ejus
1548 1317 1583 1372 ad

228 1414 403 1476 aequatorem
420 1405 543 1476 propiori
560 1421 673 1462 accessu
690 1423 720 1462 re
738 1423 802 1462 vera
819 1415 938 1464 mutatas
956 1423 1025 1464 esse.
1059 1409 1198 1477 Antiquos
1216 1413 1307 1462 autem
1326 1422 1376 1476 per
1393 1409 1501 1461 tertiam
1520 1421 1582 1474 par-

227 1500 281 1548 tem
300 1494 328 1548 iu
346 1491 528 1551 declinatione
546 1493 687 1564 eclipticas
706 1496 824 1550 maxima
842 1496 1029 1566 consignanda
1045 1498 1188 1553 aberrasse
1206 1512 1261 1552 uou
1279 1496 1409 1551 credibile
1427 1502 1485 1565 est,
1505 1508 1583 1563 prae·

228 1580 321 1635 sertim
340 1597 400 1636 eum
420 1579 533 1635 eandem
551 1582 715 1636 unanimiter
733 1583 930 1652 (Timochares,
951 1585 1134 1656 Hipparchus,
1152 1583 1336 1650 Ptolemaeus)
1349 1583 1493 1638 admodum
1507 1597 1583 1636 seru·

225 1666 324 1740 pulose
337 1674 474 1722 statuant:
494 1669 649 1724 necessarie
662 1671 756 1740 itaque
767 1671 914 1739 inducitur,
928 1679 1047 1726 mutatas
1060 1687 1120 1727 ease
1133 1671 1248 1726 humum
1260 1671 1419 1726 latitudines
1432 1687 1449 1726 a
1461 1677 1583 1725 veterum

226 1755 395 1824 temporibus
413 1755 467 1810 hue
485 1771 579 1823 nsque,
596 1755 678 1824 idque
698 1758 845 1814 secuudum
863 1759 1068 1828 proportionem
1086 1759 1206 1814 variatae
1225 1758 1393 1826 obliquitatis
1412 1757 1581 1826 eclipticas!

331 1843 393 1898 dam
411 1843 572 1912 interposita
591 1843 771 1913 descriptione
789 1845 1038 1914 instrumentorum,
1057 1846 1156 1916 quibus
1169 1863 1235 1901 usus
1247 1855 1290 1902 est
1307 1846 1335 1900 iu
1348 1843 1583 1900 observationibus

232 1929 389 2003 praemissis
408 1929 564 1999 (sextantis,
583 1929 715 1987 lateribus
733 1931 751 1985 4
770 1931 877 1988 cubitos
895 1933 1084 2000 aequantibus,
1103 1939 1132 1989 et
1151 1933 1288 2000 „armillae
1306 1933 1508 2002 aequstoriee“,
1527 1931 1584 1984 dia·

228 2026 316 2076 metro
335 2018 351 2074 t
369 2017 489 2088 pedum),
508 2018 680 2089 paragrapho
699 2017 795 2074 ultimo
813 2027 877 2076 ante
895 2021 1050 2090 catalogum
1069 2021 1211 2076 stellarum
1229 2020 1286 2075 edit
1303 2029 1422 2086 „motum
1439 2019 1584 2088 proprium

227 2105 372 2163 &fixarum
391 2103 555 2160 stellarumt.
591 2105 708 2174 Ablegat
726 2107 820 2176 Tycha
845 2109 975 2163 lectorem
993 2108 1029 2163 ad
1047 2115 1130 2178 caput
1155 2125 1234 2165 suum
1252 2109 1380 2179 primum,
1405 2123 1459 2176 quo
1482 2121 1583 2161 aunum

228 2193 363 2251 sidereum
381 2194 521 2248 continere
539 2194 771 2249 demonstraverat
790 2193 847 2250 dies
866 2195 917 2250 3115
936 2195 963 2248 h.
982 2196 1005 2252 t.
1025 2197 1331 2262 1251151555
1350 2211 1414 2250 vere
1432 2195 1585 2263 aequinoc-

225 2281 394 2340 tetendiet
413 2281 464 2340 315
483 2283 509 2336 11.
528 2283 555 2338 5.
573 2282 616 2336 48¹
635 2282 701 2345 45¹¹,
725 2278 782 2336 dili.
801 2283 845 2337 ‘20‘
864 2280 918 2338 42'⁴
937 2282 1009 2354 iere,
1038 2291 1186 2353 „quantum
1204 2285 1359 2354 requiratur
1383 2281 1527 2352 temporis,
1553 2286 1585 2337 ut

229 2369 277 2426 Sol
295 2384 405 2424 emenso
423 2375 483 2425 toto
501 2369 603 2424 circulo
622 2368 730 2424 stellam
748 2369 869 2438 aliquam
887 2369 971 2426 fixam
989 2371 1132 2441 paululum
1149 2387 1321 2442 progressam
1340 2371 1429 2424 denuo
1448 2385 1581 2438 assequa-

225 2465 280 2514 tur.
309 2457 430 2527 Ipsomet
446 2472 511 2512 vero
529 2457 634 2512 interea
651 2455 761 2512 conficit
778 2466 854 2512 motu
873 2474 923 2514 suo
935 2461 991 2514 5111
1010 2467 1120 2516 exacte:
1140 2458 1249 2514 tantilla
1266 2459 1359 2526 itaque
1378 2464 1420 2511 est
1439 2455 1582 2512 stellarum

225 2545 371 2602 affixarum
389 2543 425 2600 sd
443 2551 539 2598 nostra
555 2543 647 2598 secula
665 2560 757 2600 annua
775 2546 936 2616 promotio.“
974 2547 1012 2602 Ut
1030 2547 1100 2602 haue
1118 2547 1297 2616 quantitatem
1316 2545 1488 2615 comprobat,
1508 2559 1582 2599 eom·

226 2641 305 2704 paret
329 2649 381 2688 sua
398 2631 542 2686 observate
567 2647 628 2686 cum
650 2632 703 2688 illis
723 2633 865 2702 Coperuici
889 2641 917 2690 et
935 2635 1092 2690 Ptolemaei.
1129 2634 1271 2704 Copsruiei
1296 2633 1451 2688 observatio
1471 2632 1582 2700 Spleam

228 2739 299 2780 auno
322 2723 387 2778 1515
407 2722 485 2791 ponit
502 2722 531 2776 iu
552 2722 598 2776 11ο
616 2723 762 2790 135115,
781 2722 840 2792 ipae
859 2739 930 2778 1555
949 2725 1018 2779 1585
1037 2723 1141 2777 invenit
1158 2723 1233 2778 illam
1252 2723 1279 2776 iu
1295 2724 1341 2776 111ο
1353 2723 1377 2778 3·
1389 2725 1436 2779 st:
1455 2725 1584 2789 promota

226 2823 269 2870 est
295 2814 376 2884 Spica
401 2815 480 2867 anuis
503 2813 604 2880 seper
623 2813 653 2864 1⁰
673 2805 832 2876 „deficiente
857 2811 952 2866 saltem
974 2814 986 2883 l
1008 2811 1170 2880 scrupulo“,
1196 2815 1354 2880 competunt
1378 2825 1442 2878 ergo
1467 2807 1585 2876 siugulis

225 2901 306 2960 suuis
325 2903 384 2956 51“.
422 2898 595 2954 Ptolemaeus
613 2898 697 2954 refert
716 2915 787 2954 anuo
806 2901 841 2954 ab
860 2899 936 2956 obitu
954 2900 1105 2956 Alexandri
1126 2899 1174 2956 196
1193 2898 1328 2967 Regulum
1346 2897 1475 2952 incidisse
1493 2896 1522 2948 iu
1535 2895 1584 2949 29⁰

227 2990 271 3046 50¹
290 2993 333 3056 Ξ,
352 3003 423 3042 anuo
443 2988 512 3042 1585
532 2985 710 3056 deprehendit
730 3003 791 3042 eum
810 2987 903 3057 Tyeho
921 2987 948 3042 lu
967 2989 1015 3045 24⁰
1033 2991 1058 3044 δ’
1073 2987 1114 3060 5⁸2,
1132 2988 1172 3042 ita
1189 2991 1220 3040 ut
1239 2985 1316 3040 anuis
1335 2983 1502 3040 intermediis
1521 2997 1584 3052 pro·

227 3091 340 3146 gressum
359 3075 485 3146 111211ο
503 3077 687 3130 ctaunuatim
705 3076 802 3132 iterum
821 3078 883 3132 51”Ι
921 3076 1045 3132 Eandem
1057 3074 1256 3145 progressionis
1275 3088 1382 3128 annuae
1401 3071 1584 3140 quantitatem

231 3163 413 3234 deprehendit
431 3163 524 3234 Tycho
543 3165 707 3235 comparatis
724 3164 882 3231 Albategnii
900 3170 929 3219 et
941 3163 1090 3233 llipparchi
1110 3162 1354 3224 observationibus,
1375 3161 1438 3216 dum
1456 3159 1521 3213 illae
1539 3159 1585 3212 Ti·

228 3251 364 3307 mocharis
383 3259 411 3304 et
422 3249 572 3306 Ptolemaei
590 3251 796 3322 5551551191Η
814 3258 844 3306 51
862 3250 943 3321 5311
963 3265 1078 3318 quarum
1100 3247 1303 3305 51111555ιί11Η
1323 3247 1464 3303 dimidiata
1482 3257 1511 3300 et
1529 3245 1587 3300 11115

227 3340 321 3398 addita
338 3339 383 3394 hic
400 3338 539 3394 subtracta
561 3339 660 3394 iterum
687 3340 801 3396 exhibet
819 3339 871 3394 δι”
895 3353 977 3407 quam
994 3337 1127 3406 proxime.
1165 3337 1244 3402 „Nou
1261 3337 1333 3391 euim
1351 3335 1420 3391 adeo
1438 3333 1586 3390 absolutae

231 3426 344 3482 luerunt
361 3432 467 3482 veteres
490 3427 562 3482 circa
585 3427 638 3482 hoe
660 3427 800 3495 negotium
818 3425 1078 3494 animadversiones,
1102 3426 1167 3494 quin
1185 3424 1347 3479 limitatione
1366 3423 1449 3491 alque
1468 3422 1587 3489 castiga·

229 3513 303 3570 tione
322 3513 428 3568 decenti
446 3513 610 3582 indigeant.“
643 3514 874 3584 Antieipationem
886 3511 1119 3581 aequinoctiorum
1133 3512 1274 3582 Coperuiei
1292 3527 1346 3564 uon
1363 3519 1439 3565 reete
1457 3516 1587 3564 constare

171 3623 174 3638 ·
232 3610 326 3658 censet
345 3601 447 3672 Tycha,
467 3600 539 3670 quod
558 3604 750 3673 comprobetur
767 3602 828 3658 1555
848 3600 953 3670 Spicae‚
971 3601 1049 3669 euius
1068 3607 1158 3656 motus
1176 3601 1203 3654 iu
1223 3600 1346 3670 proxime
1366 3597 1587 3668 5115551015-

232 3690 276 3746 uis
295 3689 381 3744 multe
399 3690 514 3744 celerior
531 3689 638 3746 reddita
657 3692 701 3758 sit,
719 3705 800 3760 quam
819 3688 987 3758 Ceperuiens
1006 3686 1129 3742 futurum
1147 3687 1291 3757 putaverit

333 3779 386 3833 Hie
403 3777 501 3832 iterum
513 3777 608 3846 Tyeho
620 3778 739 3833 lectores
757 3777 869 3844 ablegat
888 3775 931 3840 „in
943 3774 1082 3844 peculiare
1095 3775 1275 3830 astronomiae
1287 3772 1474 3829 restituendae
1487 3775 1588 3841 opust,

227 3887 281 3948 qno
300 3868 424 3926 omuibus
442 3865 610 3936 temporibus
635 3866 892 3934 eomespondeutem
910 3869 1021 3918 octavae
1047 3862 1180 3932 sphaerae
1197 3869 1300 3916 motum
1323 3862 1523 3916 constituturus
1543 3860 1588 3922 sit,

225 3963 255 4020 iu
273 3977 328 4032 quo
346 3956 428 4014 etism
446 3970 529 4010 eausa
547 3954 744 4023 discrepantiae
762 3968 846 4023 supra
863 3952 1020 4021 propositae
1037 3949 1199 4006 inveniatur.

333 4043 478 4113 Gatalogus
497 4041 613 4096 lixarum
629 4041 845 4113 praecipuarum,
864 4041 911 4110 qui
930 4040 1062 4108 sequitur,
1081 4039 1142 4094 loca
1155 4037 1296 4093 stellarum
1309 4036 1420 4092 exhibet
1434 4034 1589 4091 seeundum

124 4151 136 4173 s
226 4135 425 4207 longitudinem
443 4139 471 4187 et
488 4129 661 4186 latitudinem
680 4137 838 4200 computata
855 4129 890 4186 ad
909 4141 1009 4183 aunum
1028 4127 1193 4196 completum
1215 4128 1295 4190 1600,
1319 4141 1373 4194 quo
1398 4125 1485 4194 prime
1505 4139 1588 4179 secu·

227 4226 315 4284 ratius
334 4219 471 4288 descripto
489 4217 666 4273 fundamento
684 4215 727 4272 usi
746 4224 811 4272 suut
829 4216 1011 4286 posteriorum
1030 4219 1150 4268 aetatum
1170 4214 1333 4272 astronomi.
1351 4219 1382 4266 ut
1401 4219 1429 4266 et
1446 4211 1590 4278 lieplerus

230 4313 259 4368 in
278 4308 390 4368 Tabulis
407 4303 588 4374 Rudolphiuis
606 4303 762 4373 Tyeheuem
780 4311 890 4358 secutus
910 4309 960 4358 est
991 4303 1063 4357 Huic
1080 4301 1205 4370 catalogo
1224 4303 1321 4370 (loeo)
1340 4300 1456 4354 irarum
1478 4298 1590 4353 addidit

234 4390 370 4460 lieplerus
393 4379 492 4444 Fieos
514 4379 593 4452 11155,
617 4396 694 4454 quos
715 4379 880 4440 devotatio
896 4377 1069 4454 Hipparchi
1089 4379 1236 4452 catalogo,
1260 4396 1281 4436 5
1298 4377 1472 4436 Ptolemaeo
1495 4393 1589 4449 repe-

116 4481 121 4492 ·
232 4478 285 4536 tito
308 4482 336 4534 51
359 4468 534 4542 emendato,
571 4465 668 4543 Tyclto
698 4471 808 4529 omisit.
853 4467 917 4526 Eae
946 4463 1249 4542 Semi-Tyrionices
1277 4464 1435 4538 appellere
1465 4463 1588 4536 placet:

230 4564 390 4636 requisitus
417 4559 499 4618 55151
522 4572 559 4615 ee
586 4554 684 4614 codice
707 4553 888 4624 Ptolemaei,
918 4554 1056 4612 adhibito
1082 4557 1173 4612 etiam
1206 4554 1340 4610 55511555
1375 4550 1589 4625 Trapezuntia’,

236 4647 393 4724 Trebiaque
412 4649 582 4722 (Basileaei)
606 4649 678 4702 5515
700 4660 801 4704 anuos
819 4643 858 4700 76
874 4639 973 4720 (leil)
995 4641 1076 4700 editu
1090 4658 1112 4698 5
1127 4637 1393 4715 Sebreclrenfucio,
1416 4637 1530 4697 5511551
1545 4637 1591 4696 ad

231 4752 351 4794 555555
367 4737 457 4794 1600.
482 4733 636 4792 additione
658 4729 700 4790 acl
721 4729 920 4807 longitudinis
935 4730 1002 4790 1555
1017 4747 1038 4788 5
1054 4727 1226 4788 Ptolemaeo
1240 4726 1366 4801 prodita
1387 4728 1592 4798 1551155555,

231 4828 384 4906 55551515
412 4821 509 4904 11515
537 4820 657 4884 addidit
683 4821 717 4879 15
740 4819 849 4897 aliqua
873 4817 977 4876 vicine
999 4817 1101 4892 51555,
1133 4815 1293 4875 latitudini
1319 4813 1366 4872 vel
1394 4812 1509 4873 additis
1540 4813 1591 4873 551
