3588 5540
821 425 901 488 ross.
949 515 962 530 ι
1201 425 1204 436 ·
1279 501 1282 516 ⁸
1464 433 1529 506 aar

179 616 243 672 stae
266 617 381 686 tensas,
410 617 479 688 post
509 609 756 690 conspirationem
778 606 1054 688 ierosolymitanam
1083 609 1223 675 Ossaeus·
1247 615 1430 678 subditorum
1463 635 1530 680 cum

179 696 299 759 Herode
326 697 487 760 Tetrarcha
509 697 664 760 Galilaeae
686 704 717 759 et
738 697 869 759 Peraeae
900 695 979 777 (ante
1007 702 1254 780 carcerationcrn).
1277 707 1358 766 venit
1385 705 1477 766 Jesas
1499 708 1529 767 in

180 785 346 848 Galilaeam
370 795 399 846 et
421 785 549 848 adscivit
564 785 740 864 discipulos.
787 786 834 846 lia
856 784 1049 862 pulcherrime
1073 787 1132 848 coit
1154 789 1292 865 historia,
1315 810 1381 852 cunr
1406 797 1434 852 in
1458 794 1531 872 Epi-

179 874 288 954 phanio
316 876 464 951 supersint
491 874 686 936 difficultates.
732 873 792 935 Sed
814 873 885 948 quid
912 872 987 934 haec
1016 873 1137 934 multis?
1174 877 1299 938 Exstant
1327 880 1392 939 libri
1420 883 1477 942 mai
1499 883 1530 941 in

180 962 479 1040 enarraremus
505 961 616 1024 Oba-isti
639 961 748 1022 Natali
774 961 864 1022 latins
894 967 924 1022 et
945 963 1063 1039 scioque
1089 963 1247 1024 munuae
1274 967 1461 1044 epistolares,
1494 987 1531 1030 ex

180 1051 288 1127 quihus
311 1049 417 1110 sidera
433 1059 487 1123 est,
510 1049 581 1127 qnid
604 1057 759 1127 praestem.
804 1047 936 1109 Plurima
958 1048 1114 1126 Evangelii
1136 1050 1298 1114 locationi
1321 1055 1453 1129 clariora,
1478 1075 1531 1118 ex·

179 1137 262 1198 traho
286 1155 321 1198 ex
337 1137 434 1198 isacio
451 1137 627 1198 (lasauhono
649 1139 818 1215 praecipua,
843 1135 966 1213 dispone
989 1136 1144 1216 plerasque
1166 1138 1304 1201 historias
1326 1160 1377 1219 per
1399 1153 1531 1222 tempora

179 1227 247 1288 anni
270 1227 299 1284 in
316 1225 492 1286 calendario
507 1225 635 1288 Judaico
658 1225 855 1299 etliemasr'o3
878 1223 951 1284 nibil
975 1233 1144 1301 transpono,
1166 1229 1236 1302 quin
1251 1236 1304 1289 aut
1317 1227 1415 1306 plnres
1432 1233 1532 1293 Eran-

178 1313 303 1390 gslistse
324 1322 425 1374 contra
448 1317 601 1390 pauciores
624 1317 825 1385 consentiant,
857 1317 909 1371 ant
931 1314 1099 1374 tacentibus
1119 1313 1252 1390 reliquis,
1283 1320 1369 1378 nnius
1393 1319 1531 1395 Evange-

178 1399 263 1462 listae
285 1403 376 1462 series
398 1408 496 1462 textus
518 1401 549 1462 id
571 1399 697 1462 suadeat
726 1409 779 1461 aut
806 1401 936 1460 rationes
968 1400 1130 1462 euidentes.
1176 1402 1209 1461 lrr
1233 1421 1347 1465 saturne
1370 1405 1443 1466 haec
1465 1425 1530 1468 mea

177 1489 232 1548 brit
253 1491 386 1563 inantia,
409 1492 562 1551 scientiam
585 1488 823 1551 mathematicam
839 1487 1035 1550 Christianam
1058 1488 1154 1552 iacere
1177 1493 1264 1568 inque
1288 1493 1412 1554 ecclesia
1430 1503 1530 1556 ostan-

178 1584 249 1638 tare.
286 1575 346 1638 Sed
361 1576 474 1650 desino,
498 1577 533 1638 R
549 1578 587 1636 Ι).
606 1577 703 1636 Tuam
718 1576 906 1638 vehomenter
929 1578 1017 1636 etiarn
1035 1585 1125 1654 stoue
1139 1579 1227 1638 etiam
1244 1583 1383 1656 rogitans,
1407 1592 1439 1642 ut
1458 1601 1530 1644 con·

176 1673 290 1724 saetam
312 1682 409 1726 meam
430 1665 597 1728 libertatem
625 1665 713 1741 sequi
744 1665 874 1739 bonique
896 1663 1041 1728 consulat.
1087 1664 1163 1726 Vale
1186 1667 1216 1726 iu
1238 1666 1397 1731 Nestoreos
1426 1689 1529 1736 annos,

91 1761 96 1771 ·
177 1751 271 1813 bineli
293 1752 430 1814 Austriae
452 1771 530 1814 anno
555 1757 649 1816 iiiiii.
663 1756 725 1814 28.
747 1751 892 1812 Novemb.

1140 1925 1426 1993 observantissimus
1449 1964 1452 1978 =

244 2015 394 2094 lusenptio:
419 2009 579 2066 Reverendo
602 2015 631 2066 st
655 2007 812 2064 Clarissimo
830 2007 904 2092 Viro,
1202 2016 1236 2076 J,
1260 2016 1376 2094 Kepha,-

177 2081 211 2136 D.
234 2079 370 2138 Matthiae
395 2079 568 2137 Haienreiirr
592 2079 640 2136 SS.
665 2077 716 2134 Th.
741 2080 854 2136 Doctorr
877 2085 906 2134 et

175 2151 326 2206 Professori
339 2151 367 2206 in
380 2151 527 2208 Academia
535 2149 714 2218 Tubingensi,
727 2149 904 2220 ejusdemque

176 2221 345 2308 cancellario
361 2222 536 2292 Dignissimo,
556 2223 589 2277 D.
601 2221 716 2278 Fautori
733 2235 794 2277 meo
813 2219 905 2276 colan-

175 2293 382 2444 mffiddassna
401 2363 425 2418 6.
444 2361 507 2418 Jan.
526 2361 604 2419 1619.
751 2359 904 2434 tuingen.

1137 2101 1139 2106 ’
1167 2100 1404 2172 Mathematicus.

278 2537 484 2596 Haieoreffcrus
502 2538 538 2594 ad
556 2535 800 2608 haec-respondit:

278 2626 400 2684 Salutem
419 2626 447 2682 in
466 2625 576 2682 Christo
592 2624 670 2695 lesu,
688 2624 805 2680 Domino
824 2628 853 2679 et
871 2622 1012 2680 salvatore
1031 2631 1135 2682 nostro.

278 2712 433 2770 Clarissima
456 2719 484 2769 et
502 2701 738 2782 praestantissime
755 2711 819 2779 Vir,
837 2711 953 2766 Domine
972 2715 1000 2765 et
1018 2712 1127 2781 Amice,
1145 2711 1320 2784 singulariter
1338 2715 1403 2772 mibi
1422 2733 1531 2788 semper

175 2801 334 2858 honorande
354 2807 381 2856 et
399 2800 570 2859 charissime.
607 2800 640 2855 ln
658 2797 745 2855 literis
762 2799 831 2868 tacis,
856 2815 907 2868 per
925 2799 964 2853 bl.
982 2798 1158 2868 Wagnerum,
1177 2809 1316 2870 pastorem
1333 2803 1529 2863 Neosolensem

174 2890 240 2946 mihi
259 2877 388 2956 redditis,
407 2889 542 2960 principio
560 2895 662 2944 metum
681 2887 747 2942 mihi
765 2886 907 2954 attribuis,
934 2901 988 2954 quo
1006 2886 1182 2956 praepeditus
1203 2887 1271 2942 nihil
1289 2889 1422 2948 hactenns
1440 2892 1530 2948 litera·

175 2993 233 3034 rnrn
251 2977 286 3034 ad
306 2985 333 3033 te
352 2977 481 3054 dederim,
500 2993 535 3032 ne
554 2984 590 3045 te,
610 2976 727 3032 amioum
745 2989 844 3044 meum,
862 2973 1044 3046 offenderem
1069 2987 1149 3046 quem
1168 2975 1192 3031 ai
1210 2989 1272 3031 sum
1290 2976 1432 3048 intelligis,
1451 2981 1529 3048 quasi

174 3066 314 3123 veritatem
340 3066 427 3122 amico
446 3072 624 3136 postponam,
650 3079 704 3121 nae
727 3063 874 3134 plurimum
897 3061 1011 3118 falleris.
1048 3061 1117 3117 Nam
1140 3063 1192 3118 iste
1205 3063 1277 3119 'rnihi
1296 3081 1404 3136 semper
1422 3068 1528 3125 animus

175 3169 263 3223 eaque
285 3153 506 3210 constantissima
528 3168 605 3208 mens
630 3151 697 3221 luit,
720 3169 776 3208 non
800 3149 993 3217 offensionem,
1019 3149 1067 3206 sed
1092 3149 1173 3219 longe
1197 3152 1343 3208 maximnm
1369 3154 1528 3212 beneficiam

174 3239 329 3296 habendum
348 3255 419 3309 esse,
438 3239 519 3294 etiam
538 3239 675 3296 dolentem
693 3247 721 3296 et
738 3239 909 3296 restitantem
929 3237 1045 3294 amicum
1064 3239 1093 3292 in
1110 3237 1181 3294 viam
1200 3239 1298 3296 ducere
1311 3241 1442 3298 verioris.
1474 3243 1528 3300 Sed

173 3329 241 3400 proh
260 3328 340 3386 dolor
357 3329 484 3400 experior
503 3329 590 3400 (quod
608 3341 707 3398 magua
726 3335 753 3382 et
771 3327 844 3382 tristi
862 3333 1013 3397 ovaaacsrp
1033 3326 1184 3396 experior),
1204 3337 1231 3382 te
1250 3345 1306 3386 non
1323 3336 1429 3388 tautum
1446 3333 1529 3387 medi·

131 3425 136 3430 '
173 3433 231 3472 cam
249 3433 381 3488 respuere
400 3433 519 3488 manum,
537 3417 586 3474 sed
605 3415 788 3472 acerbissimis
807 3413 1023 3484 quoquc-verbis
1036 3417 1162 3488 excipere
1174 3417 1378 3475 auxiliatorem!
1398 3420 1452 3477 Sed
1465 3420 1529 3492 quid
1575 3447 1578 3454 .

172 3519 260 3576 agana
279 3505 393 3562 alterius
411 3506 495 3562 animi
512 3520 651 3576 nunqnam
676 3503 786 3558 iuturus
805 3503 914 3558 rectori
952 3501 1031 3570 Quod
1049 3510 1141 3558 umen
1162 3505 1283 3572 regimen
1306 3521 1446 3574 nunquam
1464 3507 1531 3562 mihi

171 3593 287 3649 attribui
305 3591 400 3662 selim,
424 3609 475 3648 nec
494 3593 517 3647 si
535 3593 630 3664 selim,
653 3591 756 3660 possim
782 3605 902 3660 sperare.
939 3590 1146 3658 Meditstiones,
1168 3594 1351 3662 cognitionem
1375 3603 1403 3651 et
1420 3595 1529 3653 labores

172 3686 234 3737 tuos
252 3681 376 3750 insignes
395 3687 422 3736 et
440 3680 547 3736 nobiles
566 3697 621 3736 non
638 3687 745 3736 unium
763 3679 791 3732 in
809 3675 1011 3748 sublunarihus,
1031 3677 1080 3733 sed
1098 3679 1125 3733 in
1138 3681 1323 3750 superioribas
1342 3684 1467 3740 omnihus
1485 3701 1528 3740 us·

170 3785 224 3840 qna
241 3770 276 3826 ad
295 3786 451 3842 supremam
463 3770 575 3826 Saturni
593 3767 778 3839 superficiem,
798 3781 906 3834 semper
924 3780 1037 3820 veneror
1055 3767 1300 3840 magnifaciamquc
1321 3787 1436 3841 semper.
1474 3772 1527 3828 Sed

171 3873 241 3927 qnae
263 3856 419 3928 superiora,
445 3873 515 3927 quae
539 3856 716 3928 spiritualiter
741 3853 871 3910 coelestia
897 3861 974 3921 sunt,
998 3869 1053 3909 uno
1079 3854 1162 3910 verbo
1185 3872 1255 3926 qnae
1279 3857 1433 3936 theologica
1457 3867 1528 3928 sant,

170 3944 214 4000 hic
231 3960 341 4000 manum
365 3945 398 4001 de
416 3945 524 4002 tabula!
552 3944 605 4000 llic
622 3939 786 4000 stultesccre
810 3947 919 4012 oportet
941 3955 1021 3996 omne
1044 3935 1155 3998 humani
1172 3945 1274 4014 ingenii
1292 3962 1423 4002 acumen.
1459 3948 1528 4004 Con·

171 4031 280 4088 cordiae
297 4030 439 4088 termulam
466 4032 614 4088 sareastice
640 4019 729 4086 meam
747 4027 886 4100 appellas,
912 4025 990 4096 cnjus
1008 4045 1066 4096 me,
1089 4030 1154 4100 quia
1175 4032 1381 4089 laudamentum
1399 4034 1528 4091 coelestis

170 4119 293 4174 redistis
311 4133 347 4175 ex
365 4119 507 4190 scripturis
526 4115 895 4177 sanctis,inndamentalitcr
912 4122 1028 4183 tractat,
1053 4134 1193 4188 nunqnam
1216 4121 1315 4192 puduit
1339 4137 1389 4174 nec
1412 4121 1528 4192 pudebit

171 4223 299 4280 unquam.
336 4207 406 4263 Mihi
420 4208 595 4278 jurentutem
618 4223 707 4264 meam
725 4206 875 4276 saprobras
898 4204 927 4258 in
945 4203 1094 4260 ministerio
1118 4216 1345 4266 succrescentem.
1375 4208 1447 4278 (Noli
1465 4193 1527 4265 suc:

171 4311 283 4360 censere
300 4295 532 4366 accommodanti,
557 4303 632 4353 recte
658 4293 730 4352 euim
747 4293 814 4349 mibi
832 4291 885 4362 ipsi
903 4291 1036 4360 attribuo,
1063 4310 1133 4363 quae
1157 4313 1218 4352 cum
1237 4295 1377 4352 stomacho
1396 4296 1461 4352 mihi
1480 4297 1526 4352 ob·

167 4382 280 4452 iactas.)
317 4382 391 4438 lllud
416 4397 481 4440 sero
508 4383 574 4438 mihi
597 4383 686 4450 dolet,
713 4381 785 4452 qnod
810 4381 845 4436 de
870 4381 1019 4438 communis
1046 4390 1156 4440 nostrae
1179 4383 1284 4454 patriae
1302 4391 1331 4440 et
1349 4385 1526 4442 ecclesiarum

172 4469 270 4526 Christi
285 4471 438 4526 servatoris
456 4471 535 4528 ruina
547 4469 712 4538 vaticinaris,
730 4469 805 4540 qnod
815 4476 909 4546 *amen
924 4485 975 4542 ego
994 4473 1069 4543 pium
1080 4471 1199 4528 libenter
1213 4478 1313 4526 metum
1325 4472 1426 4543 potius,
1444 4491 1526 4544 quam

170 4557 297 4614 acerbam
314 4557 522 4628 lrcpmpaaaams
546 4559 756 4630 interpretarer,
781 4558 804 4612 si
826 4557 933 4630 reliqua
955 4559 1112 4616 iracundiae
1135 4557 1218 4615 rerba
1242 4559 1314 4615 hane
1336 4575 1433 4618 sensata
1455 4563 1525 4620 miti·

171 4644 308 4712 asticnem
332 4651 501 4717 paterentur.
537 4645 592 4702 Sed
613 4645 778 4702 maledicant
801 4647 923 4713 Christo,
948 4648 995 4718 qni
1013 4648 1110 4716 velint,
1134 4664 1185 4720 ego
1209 4647 1336 4716 capulare
1360 4647 1525 4708 silicernium

172 4734 250 4790 sitim
268 4749 312 4789 me
330 4733 476 4790 liberatum
497 4734 531 4790 iri
549 4750 643 4805 spero,
668 4752 751 4806 quam
774 4745 805 4790 ut
829 4735 924 4792 hostes
950 4735 1003 4792 hec
1025 4735 1154 4804 gaudium
1177 4734 1220 4792 rel
1241 4735 1359 4792 ecclesia
1381 4737 1526 4809 patriaque

172 4822 240 4880 hanc
259 4821 398 4880 exitialem
423 4823 529 4879 ruinam
553 4823 678 4880 viderint.
715 4824 792 4879 Bone
810 4823 878 4880 Jesu
896 4840 975 4880 serra
992 4840 1056 4892 nos,
1074 4823 1171 4878 cohibe
1189 4836 1283 4878 omnes
1301 4821 1396 4878 hostes
1415 4829 1478 4881 tuos
1497 4830 1526 4881 et

173 4909 292 4970 resarta
310 4911 389 4972 tussi
423 4909 565 4982 Permitte,
584 4926 697 4982 quaeso,
714 4912 835 4988 atinate
853 4912 1010 4994 indulgeam
1027 4910 1129 4978 dolori,
1148 4908 1287 4968 crudelem
1304 4909 1440 4970 medicum
1457 4912 1525 4972 iacit
