3588 5540
250 384 317 462 916
568 469 579 486 ,
729 387 793 450 vus
809 389 925 448 roomo
942 385 1063 464 neptas.

229 571 420 646 ,recantata
444 571 552 648 quibus
574 569 755 649 compendiis
775 587 903 656 mercem
925 589 1010 632 snam
1032 575 1208 649 transportet
1229 569 1413 647 lraubanum,
1434 570 1460 630 ei
1482 567 1598 647 Argen-

252 663 331 738 tiqae
360 658 423 742 jam
451 661 551 720 statim
579 661 752 720 commorari
781 667 833 720 ant
861 668 991 738 nequeat
1018 667 1070 720 ant
1097 658 1179 719 nolit
1224 659 1308 720 Haec
1337 677 1397 719 nna
1424 659 1501 718 ratio
1525 663 1597 719 esto.

251 745 331 823 Quid
353 749 378 806 si
401 763 472 808 vero
496 763 571 807 onus
599 745 741 809 detrectet
769 751 881 809 amicus
910 747 1016 808 mens?
1053 745 1131 823 Quid
1152 749 1179 806 si
1200 746 1293 807 multa
1321 749 1351 805 in
1381 746 1437 806 hac
1463 749 1514 807 via
1536 745 1599 804 dia-

251 833 382 912 pendia?
419 833 504 894 'luno
525 833 685 896 seeundum
707 843 770 896 esto
794 844 883 913 capnt
906 834 1133 909 deliberationis,
1160 836 1185 894 si
1207 833 1357 912 sponsalia
1379 831 1496 911 quidem
1518 832 1607 902 Dur<

249 922 308 982 laci
330 929 360 982 te
382 930 536 1000 praesente
558 930 749 1000 peragantur,
780 922 842 982 lilia
863 941 934 984 vero
957 923 1103 985 conductu
1124 925 1231 982 sororis
1258 940 1343 984 meae
1365 930 1395 983 et
1417 921 1521 996 attinio,
1543 937 1599 997 pa-

251 1008 354 1070 truelie
376 1027 460 1071 meae
482 1015 590 1085 uxoris,
614 996 702 1088 quae‘
713 1011 830 1072 tratrem
852 1011 943 1072 hahet
964 1013 1198 1072 concionatorem
1221 1011 1364 1084 aulicum,
1395 1007 1525 1069 Durlaco
1546 1026 1600 1085 per

251 1097 509 1175 Winemhergiam
533 1106 563 1159 et
584 1095 703 1160 Ulmam
724 1105 855 1160 hanseat
876 1099 1085 1172 Ratiebonem,
1109 1107 1245 1159 curatura
1264 1115 1331 1158 mea
1354 1105 1384 1157 et
1404 1115 1459 1157 sna
1481 1097 1522 1155 ihi
1545 1095 1600 1155 de-

209 1200 213 1208 ·
251 1186 351 1263 posita
372 1185 580 1262 supellectilia.
612 1187 727 1247 Interea
750 1193 779 1246 ct
801 1205 856 1263 ego
879 1188 953 1256 forte
975 1188 1063 1247 rebus
1079 1189 1151 1246 meis
1167 1186 1260 1246 Lincii
1283 1187 1391 1246 curatis
1405 1184 1598 1244 Ratisbonam

250 1273 380 1334 veniam.
416 1275 533 1352 Anceps
556 1274 639 1335 locus
661 1277 737 1334 inter
758 1273 917 1335 absurdum
941 1283 970 1336 et
985 1272 1169 1334 commodum
1184 1275 1302 1351 nuptiis.
1339 1272 1415 1334 Nam
1431 1275 1492 1332 uoti
1507 1273 1600 1330 nostri

252 1379 288 1422 ex
311 1359 433 1421 Austris
454 1362 496 1420 ibi
519 1371 589 1421 sunt
610 1377 717 1439 magno
739 1379 875 1436 numero,
906 1370 938 1422 at
959 1378 1055 1439 nequo
1077 1378 1174 1421 meum
1196 1363 1333 1421 uxorisve
1355 1376 1450 1437 neque
1472 1375 1599 1438 sponso·

154 1451 159 1462 “
251 1465 316 1508 rum
338 1449 381 1508 ibi
403 1447 598 1524 domicilium,
629 1467 664 1510 ac
686 1467 722 1510 ne
744 1449 853 1527 hospes
876 1448 1004 1527 quidem.
1050 1449 1127 1526 Ergo
1150 1448 1340 1509 Ratisbonam
1365 1449 1482 1525 quidem
1504 1463 1598 1523 usqne

251 1536 375 1596 honeste
407 1535 534 1597 deducta
560 1554 670 1614 sponsa
698 1545 755 1612 eet,
785 1537 823 1598 ad
852 1536 920 1597 inde
942 1537 1093 1614 Saganum
1123 1553 1175 1614 per
1205 1536 1342 1597 milliaria
1365 1541 1404 1597 53
1428 1551 1511 1595 soror
1532 1552 1599 1594 mea

251 1622 333 1684 illam
355 1641 414 1684 non
438 1625 638 1700 comitabitur,
663 1626 712 1684 rix
735 1626 812 1685 enim
834 1625 1028 1685 Ratiehonam
1050 1641 1143 1701 nsque
1165 1641 1345 1700 persuasero.
1390 1623 1495 1683 Restat
1515 1621 1599 1682 solus

252 1727 318 1772 oum
341 1711 394 1799 illa
414 1729 541 1789 sponsus
563 1709 746 1792 ἀνιχομειος,
777 1715 834 1772 nisi
865 1729 920 1791 ego
950 1713 1043 1772 solius
1071 1711 1159 1788 hujus
1189 1711 1350 1772 conductus
1371 1727 1463 1772 cansa
1484 1719 1597 1770 tantum
1705 1737 1708 1742 ·

252 1799 364 1860 itineris
387 1800 493 1861 obrius
514 1799 692 1878 proficiscar.
737 1799 904 1878 Saganum,
935 1801 985 1861 nbi
1007 1815 1144 1878 sponsam
1167 1798 1343 1878 perduxero,
1375 1798 1447 1859 nihil
1470 1814 1597 1875 magno-

242 1903 324 1969 ¹pere
339 1893 392 1964 est,
416 1886 496 1965 qnod
511 1889 610 1947 locum
625 1887 807 1950 commendet
823 1905 876 1966 pro
891 1889 1012 1966 nuptiis.
1036 1887 1164 1964 Hospes,
1187 1889 1364 1964 peregrinos,
1387 1903 1462 1964 pene
1477 1888 1596 1962 ignotus

251 1980 418 2035 attentum
440 1992 499 2035 non
521 1975 626 2036 surdus
648 1993 712 2034 snm
736 1975 773 2036 ad
797 1975 907 2054 idioma
929 1977 1116 2052 vicissimque
1140 1976 1280 2036 barbarus
1302 1974 1420 2035 habeor.
1458 1973 1526 2033 Moe
1549 1973 1598 2032 hic

232 2057 307 2136 'cst
332 2063 361 2120 in
383 2061 507 2124 aedibus
529 2071 682 2142 parentum
712 2053 838 2141 sponsae
866 2067 985 2140 nuptias
1014 2065 1164 2124 instituere
1186 2063 1353 2138 biduanae,
1382 2061 1454 2122 mihi
1480 2061 1600 2139 propria

254 2148 359 2210 domne
380 2149 471 2226 nulla,
494 2151 524 2208 in
546 2150 656 2229 templo
679 2150 763 2212 sedes
785 2151 882 2226 nulla,
906 2169 942 2211 ex
965 2167 1023 2228 qno
1046 2151 1083 2210 ab
1108 2151 1172 2226 ejus
1194 2151 1270 2210 ostio
1285 2150 1397 2211 aberro.
1434 2149 1495 2210 Rea
1510 2150 1600 2228 igitur

251 2239 282 2296 in
304 2253 445 2315 sponsum
468 2245 498 2298 et
519 2237 653 2298 henham
676 2239 779 2300 recidit
800 2247 902 2300 contra
923 2255 1032 2300 morem
1053 2239 1232 2316 provinciae.
1392 2293 1400 2304 .

359 2324 427 2386 Huc
454 2341 548 2402 usque
578 2329 681 2404 scripsi
711 2325 822 2404 Sagani
850 2333 918 2387 ante
947 2325 1010 2387 dics
1039 2324 1203 2404 plusculos,
1235 2342 1272 2385 ex
1298 2341 1333 2385 eo
1357 2323 1516 2385 Gbrlicium
1545 2324 1598 2397 iri,
1647 2351 1665 2378 ·.

251 2417 405 2474 curaturus
427 2419 530 2491 typum
553 2413 732 2490 sportulae,
757 2433 845 2493 quam
867 2415 1003 2474 manibus
1025 2422 1054 2474 et
1076 2415 1154 2491 typis
1176 2413 1300 2491 propriis
1314 2413 1424 2491 Sagani
1446 2411 1598 2472 collectam

250 2507 319 2560 anto
348 2503 505 2560 lmenses
536 2501 594 2562 huc
620 2504 772 2578 miseram,
803 2501 1004 2580 typographus
1031 2517 1101 2563 roro
1127 2500 1200 2560 mihi
1231 2500 1258 2560 d.
1291 2506 1341 2563 13.
1369 2497 1444 2560 Julii
1476 2499 1598 2573 dixerat,

249 2587 306 2647 hac
327 2589 394 2665 ipsa
415 2588 488 2648 bora
510 2588 625 2649 absolvi
649 2588 769 2651 ultimae
792 2591 901 2650 lormae
924 2591 1140 2650 correctionem.
1179 2587 1330 2664 Epistolae
1354 2587 1393 2648 ad
1413 2587 1598 2647 Bartsohiom

250 2674 429 2752 exemplaria
451 2691 516 2736 oum
539 2675 662 2737 Tabulis
684 2679 756 2738 rneis
779 2680 940 2757 synopticis
962 2678 1131 2756 systematis
1152 2675 1350 2736 mathematici
1373 2675 1485 2753 accepit
1506 2674 1599 2734 Tam-

243 2762 391 2842 'pachlnsq
413 2763 522 2838 scribit,
547 2781 578 2824 se
601 2771 652 2824 too
675 2783 761 2825 usum
784 2766 923 2840 consilio,
946 2765 984 2826 ad
1006 2781 1094 2842 qnam
1113 2763 1175 2840 jam
1198 2766 1323 2836 scribat,
1354 2762 1429 2824 velle
1453 2761 1518 2822 illas
1541 2765 1599 2821 im·

248 2851 383 2929 primore.
427 2849 579 2930 Hocipso
603 2851 730 2930 dialogi
753 2853 907 2932 epistolam
936 2852 1029 2926 tiliae,
1061 2869 1137 2929 quae
1163 2868 1194 2912 se
1224 2851 1373 2931 accepisse
1397 2856 1414 2910 8
1439 2849 1598 2910 Rhenanoe

251 2953 355 2998 anreos
378 2937 432 2998 abe
455 2945 484 2999 te
508 2941 625 3000 nomine
647 2939 796 3002 honorarii
811 2942 849 3001 ab
863 2940 911 3001 lli.
927 2940 1062 3018 Principe
1076 2939 1299 3014 luneburgensi
1319 2956 1371 3018 per
1386 2938 1425 2997 D.
1440 2938 1478 2998 D.
1496 2936 1599 3020 Glete-

249 3025 330 3085 ninm
353 3025 424 3086 mihi
446 3042 499 3104 pro
522 3026 622 3087 oblato
645 3027 804 3107 exemplari
827 3028 946 3092 obtenti.
976 3024 1105 3088 Obsecro
1127 3043 1197 3085 num
1220 3025 1294 3087 hacc
1316 3029 1394 3087 bona
1416 3025 1473 3086 fide
1488 3019 1598 3102 gerun-
1714 3045 1716 3049 ·

249 3111 321 3172 turi
359 3112 406 3171 An
430 3119 461 3171 tn
485 3112 520 3174 de
534 3121 586 3174 tuo
601 3114 749 3191 addidisti,
773 3115 853 3192 qnod
876 3132 927 3194 pro
951 3123 1002 3175 tna
1023 3117 1054 3173 in
1069 3133 1116 3175 me
1131 3131 1245 3174 summa
1267 3113 1473 3175 benevolentia
1495 3111 1599 3173 deesse

248 3199 383 3278 potasti?
421 3195 494 3275 Quis
525 3203 601 3262 enim
623 3219 682 3263 non
704 3203 816 3283 pudore
840 3201 1047 3276 confundatur,
1079 3219 1131 3282 pro
1159 3201 1319 3280 exemplari
1347 3209 1459 3262 tantum
1481 3195 1623 3273 munna,'

249 3293 334 3347 tanta
365 3285 536 3349 difficultate
564 3295 726 3370 temporum
754 3290 922 3370 accipiens?
957 3291 996 3350 Et
1025 3289 1172 3367 quodnam
1200 3296 1315 3368 tempus
1342 3289 1508 3367 occupabo,
1540 3305 1599 3366 qno

208 3419 218 3427 .
250 3373 299 3436 Ill.
322 3373 460 3451 Principi,
483 3374 519 3438 D.
543 3375 689 3454 (lintanio,
712 3379 789 3453 Tibi,
813 3379 943 3458 propolis
966 3379 1038 3440 meis
1062 3377 1167 3455 dignas
1188 3395 1274 3454 agam
1297 3375 1429 3455 gratiae?
1473 3375 1600 3456 Sportu-

248 3459 309 3522 lam
331 3458 418 3522 rideo
441 3478 488 3521 me
510 3461 625 3539 debere,
648 3464 735 3526 modo
758 3484 795 3527 ne
818 3485 854 3527 ea
876 3483 972 3526 vacua
993 3467 1092 3544 potine
1115 3471 1145 3526 et
1165 3463 1266 3542 indiga
1288 3471 1318 3526 et
1331 3462 1500 3525 mendicans
1522 3465 1598 3522 mitti

214 3615 219 3626 ι
247 3556 377 3628 putetur.
395 3553 400 3566 '
420 3547 537 3609 Mittam
559 3568 611 3630 per
633 3552 864 3617 Francolurtnm.
906 3552 1024 3614 Interim
1047 3569 1094 3613 me
1116 3552 1153 3612 D.
1178 3551 1217 3611 D.
1234 3551 1367 3614 Clutenio
1390 3559 1420 3612 et
1441 3569 1494 3631 per
1515 3550 1599 3611 illum

247 3635 451 3698 illustrissimo
474 3637 655 3700 commenda.
699 3641 784 3702 Vale.
829 3640 939 3720 Scripsi
969 3639 1091 3700 Gdrlicii
1114 3637 1142 3701 d.
1168 3638 1384 3722 12.l22.Julii
1411 3641 1480 3700 anni
1505 3645 1598 3700 1629.

359 3722 544 3802 Keplerus
565 3727 751 3806 Berneggero
773 3729 804 3792 S.
827 3729 862 3788 P.
885 3728 924 3791 D.
962 3727 1129 3788 Clarissimo
1152 3729 1387 3804 amicissimeque
1410 3727 1471 3786 Vir.
1510 3726 1598 3803 Quod

247 3801 331 3874 Deus
354 3808 390 3872 0.
413 3810 455 3870 Μ.
484 3829 549 3873 meo
571 3831 759 3893 meorumque
791 3814 944 3878 commodo
968 3823 1077 3890 vertat,
1109 3813 1147 3876 ad
1178 3813 1239 3877 cat
1266 3814 1348 3894 Sept.
1379 3815 1470 3874 liliam
1499 3832 1596 3876 meam

247 3897 422 3974 Susannam,
446 3900 591 3976 siqnidem
614 3910 644 3964 et
664 3907 730 3983 ipsa
751 3911 838 3983 pacta
859 3920 926 3964 mea
948 3909 1012 3964 rata
1033 3887 1151 3979 haheat,
1174 3901 1293 3963 Jacoho
1309 3902 1463 3963 Bartschio
1487 3910 1597 3978 nostro,

248 3991 307 4048 tuis
329 3986 632 4052 commendationibus
654 3995 769 4069 roganti
791 3991 863 4052 mihi
886 3989 1080 4052 condecorato
1103 3999 1133 4050 et
1154 3997 1304 4070 promoto,
1328 3991 1455 4050 luteram
1477 4007 1597 4052 uxorem

246 4074 356 4151 addixi,
381 4083 538 4153 actumque
561 4076 597 4139 de
621 4081 715 4140 arnico
738 4079 934 4158 Berneggero,
957 4085 989 4139 nt
1011 4081 1075 4139 sire
1099 4079 1293 4156 Argentinae,
1316 4081 1341 4138 si
1363 4086 1496 4158 tempora
1517 4078 1597 4140 tule-

246 4165 313 4239 rint,
334 4163 466 4225 lauream
488 4163 631 4226 medicam
655 4185 720 4227 oum
743 4168 913 4229 solennibus
935 4167 1116 4247 nuptialibus
1145 4166 1343 4242 conjunxerit,
1377 4169 1441 4227 sivo
1472 4166 1545 4227 alibi
1567 4168 1596 4225 in

246 4249 358 4312 Suesia
386 4252 494 4312 sestnm
523 4253 654 4331 nuptiale
683 4255 854 4332 instituerit,
885 4252 1088 4332 Berncggerus
1116 4254 1208 4333 patris
1237 4255 1318 4313 vices
1346 4252 1467 4329 subeatq
1496 4252 1548 4314 sed
1572 4257 1596 4314 si

247 4335 436 4416 Argentinae,
460 4341 549 4400 etiam
571 4349 685 4401 sumtus
707 4340 743 4401 de
766 4359 831 4404 meo
854 4341 973 4420 quidem
996 4349 1105 4420 eroget,
1129 4349 1160 4402 et
1180 4341 1258 4402 filiae
1279 4340 1429 4402 accedenti
1450 4344 1482 4400 in
1504 4345 1597 4402 eomi-

245 4431 311 4486 tatn
334 4434 364 4488 et
386 4429 493 4487 sororis
515 4435 545 4488 et
566 4429 708 4508 patruelis
731 4447 815 4492 meae
836 4430 996 4510 hospitium
1010 4429 1166 4490 honestum
1180 4428 1259 4509 apud
1275 4435 1395 4490 uxorem
1410 4447 1494 4492 suam
1508 4447 1595 4508 prac-

247 4512 325 4574 beat.
369 4512 453 4574 Haeo
475 4514 658 4594 paucissimis
684 4525 802 4596 propter
824 4517 1015 4596 epistolarum
1038 4523 1067 4579 et
1087 4516 1304 4578 multitudinem
1332 4525 1361 4580 et
1387 4517 1594 4598 prolixitatem.

245 4597 327 4662 Bene
350 4608 380 4663 et
400 4601 524 4663 feliciter
546 4605 625 4681 agite
648 4611 677 4665 et
699 4605 807 4666 valete.

352 4687 462 4766 Sagani
485 4687 513 4753 d.
537 4696 567 4754 4.
591 4691 671 4770 Sept.
695 4693 764 4752 anni
789 4699 881 4754 1629.

349 4787 496 4844 Decretum
515 4788 639 4866 ordinem
656 4791 824 4846 Linciornm:
852 4791 878 4846 J.
896 4791 1019 4861 Keppler
1035 4791 1225 4856 Mathematici
1243 4791 1295 4852 210
1312 4791 1339 4849 fl.
1362 4793 1507 4851 Interesse.
1543 4794 1594 4850 llic

246 4871 336 4930 Hcrtn
353 4873 541 4934 Verordneten
563 4877 661 4936 nisam
684 4877 743 4936 sich
768 4879 889 4938 einicher
910 4879 1066 4950 bestallnnp
1088 4897 1176 4952 gepen
1199 4881 1261 4940 dem
1286 4881 1477 4954 supplicanten
1491 4881 1594 4956 icaiger
