3588 5540
618 406 838 481 001000οι00
856 405 970 479 reuss
988 403 1074 466 colu.
1216 367 1220 377 “
1454 399 1519 474 923
1576 433 1581 441 ι

147 583 149 590 '
169 605 232 648 0000
250 588 497 662 0000011101οι000.
523 588 588 659 1000
604 586 712 644 interim
730 585 801 656 suis,
820 589 852 641 ut
863 584 965 656 scribit,
987 583 1120 650 sumtibus
1138 582 1248 640 excudit
1266 582 1372 638 tubulas
1391 579 1521 650 legatitis·

168 679 261 734 micas.
286 676 394 734 Habeto
413 683 441 734 et
460 676 615 746 exemplum
633 674 877 745 epithalamiomm,
896 688 1012 743 qnorum
1029 673 1205 742 eliquamini
1216 673 1300 728 missa
1316 673 1388 728 inter
1400 670 1520 738 collegas

169 767 369 836 distribuenda,
389 765 463 835 quod
481 781 534 822 non
552 763 606 820 1001
623 769 716 820 tumen
739 778 800 818 cunr
818 761 879 818 eliis
898 761 931 818 de
950 761 1047 834 causis,
1066 767 1124 814 turn
1143 777 1176 817 ea
1193 762 1354 831 praecipue,
1372 759 1446 830 quod
1459 774 1520 829 per·

168 857 299 925 seriptum
325 855 461 925 designati
482 852 646 925 professoris
670 851 791 919 titulum,
814 851 867 908 etsi
888 865 995 921 rernm,
1019 849 1130 905 tametsi
1151 849 1239 919 aegris
1262 847 1349 904 oeulis
1366 857 1521 903 antecesso-

167 959 224 1000 rem
247 943 338 1001 adhue
363 943 453 998 virum
474 939 666 1011 valentemque
688 947 716 998 et
737 957 842 1012 000000
868 941 1002 1011 quosdam
1025 937 1109 1004 alios,
1132 937 1197 994 hnic
1220 937 1402 1008 designationi
1424 951 1521 1008 parurn

167 1047 280 1103 aequos,
298 1037 459 1102 aspecturus
478 1044 539 1086 esse
550 1029 656 1086 scirem.
682 1029 824 1086 Statuerat
842 1029 877 1085 ad
894 1044 946 1084 nos
964 1037 1026 1085 oum
1045 1027 1102 1082 suis
1120 1027 1211 1082 000100
1224 1027 1369 1095 praeterito
1380 1023 1521 1093 paschate,

167 1115 1143 1188 00001000000010100101000000001100100000000101000001.
1178 1113 1333 1186 significari
1358 1109 1522 1180 011001,οι
1602 1148 1610 1162 .

167 1225 244 1280 spem
262 1223 323 1264 esse
341 1207 435 1265 0010011
452 1205 660 1264 extraordinarii
678 1206 827 1276 obtinendi,
845 1223 907 1264 com
920 1205 1152 1262 etiamordinaria
1168 1204 1196 1258 in
1214 1202 1268 1258 100
1277 1209 1430 1274 temporum
1451 1197 1521 1256 dilfi·

167 1297 269 1354 0011010
288 1311 370 1368 aegre
387 1295 537 1352 solvuntur.
568 1297 617 1364 (Ex
634 1297 673 1350 lit.
693 1298 717 1347 d.
735 1300 896 1360 argentorati
913 1301 956 1351 21.
974 1299 1035 1351 dun.
1056 1295 1143 1364 1031.)

272 1383 456 1440 Sobiekardns
473 1383 508 1438 ad
526 1383 739 1454 Berneggerum:
768 1383 855 1440 Doleo
874 1383 961 1439 sicem
978 1382 1109 1453 Kepplori
1127 1381 1269 1451 (00000101)
1290 1377 1390 1446 nostri,
1414 1375 1487 1446 qnod
1504 1389 1523 1430 0

167 1474 223 1530 suis
249 1480 307 1530 tam
331 1473 411 1540 longe
436 1471 538 1528 dissitis
563 1469 631 1527 adeo
657 1471 817 1542 negligitur,
844 1479 872 1528 ot
898 1478 1000 1528 sortem
1025 1469 1112 1541 ipsius
1135 1468 1263 1526 consolor
1287 1464 1401 1522 inclusis
1426 1462 1522 1519 literis.

167 1561 271 1631 Quodsi
285 1562 318 1616 D.
331 1561 491 1616 Bartsobius
510 1565 584 1615 esset
600 1560 721 1630 propior,
740 1575 820 1630 spero
838 1577 893 1616 non
912 1561 1017 1617 deforet
1031 1561 1094 1630 ipsi.
1125 1559 1253 1614 Ceterum
1271 1555 1365 1626 accepi
1382 1552 1524 1622 exemplar

167 1647 322 1705 tabularum
346 1649 407 1718 ejns
426 1654 454 1702 et
472 1647 552 1704 valde
577 1655 684 1716 gratim
703 1647 769 1717 tuit,
786 1649 951 1718 inspiciundi
970 1649 1076 1719 copiam
1095 1647 1179 1703 inisse
1197 1644 1301 1710 datam,
1326 1645 1449 1714 adeoque
1463 1643 1522 1711 jam

166 1736 258 1792 statim
276 1727 450 1806 remitterem,
468 1735 522 1790 nisi
539 1741 653 1807 propter
668 1736 772 1792 viarum
790 1737 913 1806 pericula
930 1737 1049 1794 nondum
1063 1743 1137 1791 esset
1154 1737 1220 1792 satis
1238 1741 1336 1792 tutum.
1360 1729 1522 1788 110000111-

166 1839 219 1893 000
238 1821 446 1894 praedatoribus
463 1821 595 1878 militibus
612 1822 733 1892 repletae
751 1831 828 1895 sunt,
853 1829 937 1881 utne
961 1831 1054 1895 portes
1072 1825 1182 1895 quidem
1207 1823 1300 1893 oppidi
1325 1835 1420 1878 seonre
1438 1819 1522 1876 liesat

165 1911 272 1982 egredi,
298 1911 367 1966 adeo
392 1909 511 1981 spoliant
530 1911 640 1981 quosvis
659 1912 753 1970 obvios
771 1911 799 1966 in
817 1919 965 1982 conspectu
983 1920 1089 1970 nostro.
1124 1912 1191 1968 Heri
1208 1911 1349 1981 syndicum
1368 1908 1523 1965 academiae

165 2000 273 2071 onplllis
290 2015 341 2070 per
358 2015 464 2056 amnem
483 1999 631 2057 crudeliter
654 2006 773 2056 tractum
791 2001 932 2071 privarunt
949 2017 1000 2056 sno
1018 2007 1047 2056 01
1065 2001 1170 2057 comitis
1188 2015 1272 2070 equo,
1296 1999 1378 2056 hodio
1396 1997 1523 2070 pharma-

166 2089 263 2161 oopoei
281 2089 442 2158 ministrum,
460 2090 489 2144 in
507 2088 663 2146 suburbano
681 2088 761 2144 horto
779 2089 901 2160 plantam
918 2104 969 2158 pro
982 2085 1318 2158 medicinaquaerentem,
1337 2085 1420 2156 pallio
1438 2098 1523 2140 exne·

164 2185 230 2234 runt
244 2177 364 2247 0101100,
377 2177 497 2248 taliaque
509 2177 621 2248 singuiis
634 2189 705 2248 pene
718 2175 792 2231 horis
805 2175 975 2244 contingunt.
995 2175 1138 2243 Quomodo
1151 2183 1241 2233 antem
1251 2175 1378 2245 Tubinga
1390 2179 1484 2230 nostra
1496 2177 1525 2228 01

164 2265 245 2322 simul
258 2265 346 2322 omnis
358 2267 481 2322 Duostns
492 2265 742 2336 wurtembergiens
753 2265 782 2320 in
793 2264 876 2320 fidem
889 2263 1523 2336 000000000010001.1011000001111100ῐο0·

164 2354 268 2424 bergio,
278 2354 372 2423 viginti
383 2353 504 2410 millibus
517 2371 567 2411 nos
579 2353 825 2419 adorientidedits
836 2353 924 2417 sites
938 2351 1046 2423 publiea
1058 2352 1131 2408 lama
1142 2353 1238 2422 procul
1250 2349 1333 2406 dnbio
1345 2365 1452 2406 nosces.
1471 2349 1523 2404 Ao·

164 2443 230 2498 uidit
241 2443 295 2496 hoo
306 2441 388 2511 plane
400 2445 510 2510 praeter
521 2457 607 2498 meam
620 2448 648 2497 et
659 2441 852 2512 plerorumque
870 2449 1024 2497 nostrorum
1044 2457 1127 2511 spem.
1152 2443 1218 2497 cnm
1238 2440 1309 2495 enim
1327 2440 1434 2494 hostem
1448 2445 1524 2494 trans

164 2531 278 2586 Nicrum
296 2535 387 2585 eastra
404 2535 551 2584 metentem
569 2537 597 2585 et
609 2529 699 2584 omnia
717 2529 753 2585 ad
766 2529 999 2600 oppugnationem
1012 2527 1201 2598 expedientem
1214 2541 1395 2594 cerneremus,
1413 2531 1523 2580 nostros

164 2634 229 2675 nero
249 2618 288 2674 eis
306 2616 455 2673 flumenin
473 2617 560 2673 aciens
579 2617 694 2688 disponi.
712 2623 848 2673 tormenta
866 2615 953 2686 dirigi,
972 2615 1036 2687 qnid
1057 2613 1130 2670 alind
1148 2611 1201 2669 nisi
1218 2627 1275 2668 rem
1295 2611 1393 2666 seriam
1411 2623 1525 2679 exspec-

163 2709 286 2764 tassent?
321 2703 417 2762 Amori
442 2721 507 2775 ergo
532 2705 615 2776 paulo
639 2711 703 2762 ante
720 2707 836 2762 uxorem
852 2711 934 2776 atque
953 2704 1067 2774 liberos,
1093 2719 1128 2759 ne
1149 2702 1270 2772 ipsorum
1295 2698 1399 2768 ejulatu
1417 2696 1524 2753 animus
1611 2715 1615 2730 ·

164 2809 242 2849 mens
260 2793 441 2863 emolliretur,
467 2793 550 2865 inque
574 2793 655 2849 aliam
672 2794 767 2850 urbem
787 2793 1014 2863 Hohenbergioae
1036 2791 1147 2847 ditionis
1170 2786 1309 2844 transtuli.
1344 2787 1524 2855 dignantem,

163 2883 223 2938 Deo
242 2897 286 2939 me
303 2881 503 2947 commendere,
522 2897 628 2936 omnem
647 2881 774 2938 esent'nm
786 2880 919 2936 sollicitus
933 2877 1095 2950 exspectavi.
1119 2877 1174 2934 Sed
1186 2875 1294 2945 gaudeo
1312 2889 1385 2930 nuno
1397 2856 1523 2943 maxime,

163 2969 358 3027 bibliothecam
376 2970 441 3024 milri
459 2969 562 3025 salvam
579 2969 723 3026 mansisse.
747 2969 816 3024 Nam
836 2968 909 3038 qrtod
927 2965 1077 3022 aedicolam
1096 2965 1125 3020 in
1141 2965 1221 3021 horto
1238 2977 1300 3018 meo
1318 2965 1383 3018 sunt
1394 2957 1524 3030 demoliti,

164 3057 239 3128 qnod
258 3058 410 3126 abegerunt
427 3073 529 3128 peoora
546 3073 615 3128 mea,
634 3056 708 3127 quod
726 3055 782 3112 elia
800 3055 900 3112 damna
919 3055 1060 3120 dederunt,
1080 3054 1109 3109 id
1125 3051 1212 3108 multo
1232 3051 1346 3120 sequius
1363 3049 1432 3105 iero.

270 3145 361 3202 Audio
380 3151 479 3213 tamen,
497 3153 632 3201 vestrates
650 3145 720 3202 male
738 3144 772 3200 ds
790 3143 870 3200 nobis
889 3143 973 3214 loqui.
991 3141 1065 3212 qnod
1082 3140 1209 3196 10010000
1222 3137 1393 3194 cesserimus.
1422 3135 1523 3191 Verum

163 3249 255 3290 00000
281 3233 425 3303 prudentis
448 3232 716 3303 cst'eubcrnotorts,
743 3247 811 3288 nasu
832 3233 924 3302 potins
947 3231 1016 3286 mari
1038 3231 1210 3296 immergere,
1237 3241 1319 3296 quam
1343 3223 1523 3281 000110000οι0

165 3321 258 3378 subire
277 3320 463 3396 0001001000,
490 3326 537 3376 001
555 3320 688 3390 chirurgi,
712 3335 806 3378 secare
823 3319 921 3390 pedem
940 3319 1043 3390 potius,
1072 3331 1154 3386 qnam
1178 3321 1266 3370 toturn
1288 3328 1388 3383 onrpne
1406 3311 1523 3382 pereat?
1557 3378 1563 3392 Ι

164 3410 246 3471 Vires
264 3417 378 3465 nostrae
395 3409 483 3464 multo
502 3416 581 3464 erant
597 3409 739 3464 inferiores
756 3408 913 3476 hostilibus,
931 3407 1032 3463 milites
1049 3412 1154 3462 tantum
1176 3407 1261 3462 10000
1277 3409 1306 3460 01
1323 3403 1460 3473 equitatus
1477 3400 1523 3455 rix

165 3495 331 3568 subtriplum
349 3495 469 3553 illorum.
501 3498 619 3568 insuper
636 3495 738 3552 auxilia
756 3496 904 3550 vicinorum
923 3510 974 3550 nos
993 3493 1186 3550 destituebant.
1212 3494 1254 3549 lta
1270 3493 1368 3547 misere
1386 3487 1522 3548 mactandi

164 3587 321 3659 fuissemus,
339 3585 391 3642 nisi
410 3588 485 3643 Deus
505 3585 619 3643 consilia
636 3585 745 3643 saniora
762 3585 954 3656 suggessisset.
990 3584 1059 3640 valo
1076 3585 1219 3656 Tubingae
1237 3583 1263 3640 d.
1285 3583 1326 3640 18.
1345 3581 1403 3638 Jul.
1424 3581 1500 3638 1631.

270 3675 460 3745 Berneggerus
473 3675 509 3730 sd
523 3674 735 3731 Schiolrardum:
754 3671 905 3728 Monstravi
917 3673 1068 3742 proximam
1087 3672 1231 3742 epistolem
1249 3677 1324 3726 tnam
1343 3667 1437 3726 amieis
1456 3683 1522 3723 non·

166 3761 248 3818 nullis
267 3777 300 3817 eo
318 3761 386 3826 fine,
409 3768 440 3817 01
459 3776 540 3832 quam
558 3762 633 3818 100ιο
651 3761 762 3832 sequior
780 3761 815 3817 de
832 3768 906 3818 statu
926 3777 1015 3817 rernm
1035 3767 1186 3816 vestrarum
1209 3759 1363 3829 opinionem
1380 3757 1409 3813 in
1427 3755 1524 3812 animis

165 3856 322 3906 nostrornm
340 3849 480 3904 bominum
499 3850 641 3920 defixerat,
660 3857 688 3905 et
706 3850 774 3920 ipsis
792 3855 820 3905 et
837 3864 887 3919 per
899 3865 945 3904 eos
959 3849 1028 3918 01110,
1047 3855 1180 3919 quantum
1197 3849 1226 3903 ln
1243 3853 1350 3915 00001,
1369 3843 1523 3902 exemerim.

166 3937 227 3992 Etsi
245 3949 364 4005 namque
381 3935 486 4006 regium
505 3943 555 4005 est,
575 3945 607 3992 ut
624 3938 713 4008 inquit
729 3937 784 4004 ille,
804 3953 865 3994 eum
883 3939 951 3994 bene
969 3937 1065 4005 iacias,
1084 3935 1154 3992 male
1167 3935 1269 4004 andire,
1288 3940 1355 4004 0010
1373 3939 1464 3988 tamen
1483 3932 1523 3986 in-

165 4033 271 4079 teresse
288 4023 399 4093 publice
417 4039 567 4094 omnesque
584 4024 672 4081 bonos
695 4026 723 4080 in
741 4025 769 4081 id
788 4025 930 4081 elaborare
949 4022 1063 4093 debere,
1085 4029 1117 4079 ut
1138 4021 1312 4094 magnatibus
1330 4020 1478 4076 auotoritas
1496 4024 1524 4074 et

166 4112 332 4170 existimatio
351 4127 402 4168 sua
418 4119 534 4168 0000101.
566 4112 698 4182 (26101.
718 4113 811 4184 1631.)

272 4201 316 4255 Ex
335 4199 452 4270 epistola
470 4199 567 4254 Petri
585 4200 761 4257 (lassandi
779 4201 814 4256 ad
833 4201 878 4258 W.
898 4199 1095 4256 Sohiclrardnm
1113 4199 1153 4268 (d.
1173 4197 1285 4255 Parisiis
1297 4197 1414 4256 idion.
1430 4195 1522 4264 leitil:

166 4327 239 4346 ....
259 4289 386 4345 Ceterum
403 4288 473 4343 haee
490 4287 557 4342 milri
575 4289 603 4342 in
622 4295 739 4345 mentem
757 4287 876 4344 flebilem
893 4302 987 4343 rasum
1005 4293 1150 4356 revocant,
1175 4303 1257 4358 quem
1274 4292 1306 4343 tn
1325 4285 1360 4341 ad
1378 4285 1523 4340 Diodotum

165 4375 307 4447 scripsisti
344 4376 432 4430 Deum
449 4375 644 4432 immortaleml
668 4375 790 4446 Igltnme
807 4375 855 4432 sol
872 4376 920 4433 ille
938 4376 1028 4433 elarns
1046 4375 1216 4433 literatorum
1234 4373 1369 4444 lieplerus
1388 4372 1524 4428 0100000-

166 4465 283 4532 101101
301 4468 430 4520 00100000
444 4463 503 4532 jam
521 4464 651 4520 tenebrae
668 4463 803 4520 illustrem
821 4462 890 4520 adeo
908 4465 1014 4520 voltum
1026 4463 1187 4520 obsideant?
1218 4460 1257 4517 01
1276 4459 1305 4514 Si
1321 4457 1441 4530 querelis
1452 4456 1524 4514 foret

165 4553 253 4623 loeus,
270 4559 302 4607 nt
319 4567 464 4622 possemus
482 4552 580 4608 merito
593 4552 657 4622 jore
674 4567 736 4608 enm
753 4556 852 4608 natura
871 4553 1062 4623 expostulare,
1081 4551 1155 4622 quod
1172 4547 1308 4603 bominem
1326 4545 1524 4601 divinissimum

165 4641 218 4698 nisi
241 4638 405 4708 immortali,
429 4644 459 4696 at
479 4639 578 4696 saltem
602 4637 823 4710 Hamadryadum
848 4655 905 4698 non
928 4639 1069 4696 donaverit
1093 4639 1171 4692 aorol
1217 4633 1340 4689 Debebst
1363 4633 1461 4690 saltem
1482 4631 1524 4687 illi

166 4729 251 4786 Terra
269 4743 357 4786 00000
375 4728 525 4784 Nestoreos
542 4743 596 4784 oon
615 4727 771 4798 pauciores,
796 4743 885 4799 aquo
902 4728 963 4798 ipsa
985 4729 1101 4784 animam
1122 4723 1259 4792 vitamque
1282 4720 1461 4777 immomelem
1480 4735 1524 4776 00·

166 4818 293 4889 00010001.
331 4813 480 4872 Tenertore
496 4813 598 4872 0110010
615 4817 702 4884 Luna,
721 4813 863 4886 quasiste
881 4834 932 4871 suo
951 4814 1014 4870 Sole
1032 4813 1167 4869 exstineto
1186 4815 1215 4864 01
1232 4809 1294 4878 ipsa
1310 4808 1369 4879 pati
1387 4808 1523 4866 deiectum

165 4905 265 4974 soluit,
282 4909 393 4962 1001000
409 4903 477 4974 risa,
495 4919 561 4964 num
577 4903 668 4975 illum,
693 4919 765 4976 qnae
783 4905 848 4966 olim
866 4904 1061 4964 Dioscurorum
1085 4899 1203 4958 ebaritas
1220 4897 1288 4968 mit,
1312 4897 1420 4956 alterna
1436 4903 1524 4958 moris
