3624 5554
752 390 828 452 sesa
846 389 926 450 roeo.
1044 395 1057 412 ·
1447 401 1512 474 705

164 569 248 628 alcum
264 566 402 639 scriptum
420 564 456 622 de
473 563 556 636 signis
572 563 683 624 iniuria
699 566 856 622 mutationis
873 555 946 624 mnis
963 569 1029 638 erc,
1052 566 1122 627 aliut
1145 571 1264 644 ancoris
1288 551 1411 650 nomine,
1438 579 1513 650 quod

164 663 249 714 umen
266 650 409 726 Trebonio
428 667 489 710 esse
504 653 596 710 multia
613 651 680 708 mibi
696 655 859 724 persuadeo.
878 685 913 695 -
1075 717 1078 724 ,

261 746 349 814 iotti.
373 747 535 809 Resolutio
563 747 646 822 anni:
680 745 732 808 Sol
762 747 901 810 obsessus
924 765 942 808 a
962 747 1104 810 maiedcis
1131 753 1181 812 vix
1209 769 1297 832 aegre
1319 773 1352 817 se
1374 763 1514 822 tuetura

164 837 290 918 periculo
312 835 366 896 ilio
384 852 421 902 σο
444 830 498 918 Ἱις
528 835 580 896 alii
602 841 739 912 aspectus
762 837 898 913 mitigant
918 835 1009 897 maia.
1053 838 1103 899 Sic
1126 855 1225 902 omnes
1247 859 1331 905 meae
1355 844 1512 922 dignitates

164 927 230 988 mihi
254 933 321 986 cum
346 922 503 1002 dispendio
526 921 705 984 valetudinis
720 924 867 988 eveniunt.
897 923 1028 984 Medium
1044 925 1126 986 Oceli
1141 930 1215 990 bene
1231 929 1407 1008 dispositum
1420 936 1515 1012 signi-

164 1016 228 1078 ficat
249 1013 388 1085 honores,
414 1009 452 1087 Ω
477 1013 507 1071 in
529 1010 626 1071 isc.
651 1013 706 1072 iter
727 1010 910 1087 honoratum,
932 1005 955 1094 i>
981 1029 1047 1072 cunr
1069 1013 1159 1091 Spica
1180 1033 1300 1079 causam
1323 1020 1484 1098 religionis.

263 1101 350 1162 Haeo
372 1102 476 1175 scripsi
490 1115 568 1159 anno
586 1103 637 1160 95.
666 1097 733 1159 Hoc
754 1117 832 1160 anno
854 1100 966 1160 nulium
988 1103 1044 1160 iter
1058 1107 1183 1182 suscepi,
1206 1106 1258 1165 sed
1273 1109 1341 1168 reni
1356 1110 1387 1168 io
1402 1109 1514 1171 multo·

166 1209 226 1252 rum
241 1191 386 1251 notitiam.
423 1186 513 1248 lacta
527 1186 717 1247 fundamenta
733 1186 770 1246 ed
787 1193 1055 1264 compensationem
1069 1199 1217 1252 sumtuum
1232 1211 1285 1270 pro
1302 1201 1365 1256 200
1381 1196 1513 1260 thaleris.

265 1277 345 1338 Nata
368 1275 429 1335 iiiia
451 1274 625 1336 Susanna
656 1290 755 1334 meuse
784 1273 885 1335 Junio.
932 1277 1086 1353 Baptisata
1113 1281 1143 1339 io
1172 1281 1341 1343 suburbano
1366 1283 1518 1346 Bairdorii

166 1364 259 1429 Paulo
284 1363 415 1426 Odontio
439 1365 654 1426 concionatore.
699 1361 838 1422 Patrimir
869 1363 907 1422 D.
931 1363 1037 1439 Graue,
1068 1382 1219 1443 procerum
1243 1370 1377 1431 officialis
1400 1373 1515 1452 (Zeug-

165 1453 407 1526 commissarios),
431 1468 497 1511 cunr
520 1467 620 1514 uxore.
663 1444 782 1510 Mortua
804 1457 848 1510 est
870 1457 1052 1528 apostemate
1074 1457 1180 1531 capitis
1204 1457 1252 1517 die
1274 1461 1380 1520 aetatis
1404 1465 1455 1522 35.

265 1543 311 1600 sd
334 1541 561 1598 hiaestiinum
584 1541 693 1610 scripsit
709 1541 846 1612 Kepierus
870 1541 959 1600 (1.,26.
978 1544 1072 1602 Febr:
1091 1541 1169 1604 Mira
1182 1543 1514 1626 iortunameildysierii

165 1627 415 1706 cosmographis.
460 1623 541 1686 Nihil
563 1626 676 1702 accipio
698 1642 751 1702 pro
767 1629 1006 1702 compensatione
1021 1629 1123 1706 etjam
1139 1630 1303 1709 desperari.
1339 1634 1373 1694 io
1389 1627 1514 1697 comitiis

164 1717 329 1796 praeteritis
351 1714 422 1774 mihi
445 1712 605 1791 petendum
627 1714 739 1788 inisset,
763 1715 820 1773 nisi
842 1731 950 1791 magne
972 1732 1038 1776 cum
1061 1717 1259 1782 sollicitudine
1281 1739 1335 1800 pro
1358 1739 1393 1784 eo
1415 1726 1514 1800 potius
1588 1787 1591 1800 ,

164 1805 231 1865 mihi
255 1802 451 1864 laborandum
473 1803 519 1876 ιιι,
543 1807 576 1860 ιιι
598 1800 737 1860 salarium
759 1803 909 1862 retineam.
950 1802 1047 1879 Quare
1062 1822 1127 1866 cum
1151 1807 1261 1870 diutius
1284 1816 1313 1871 te
1335 1811 1514 1888 suspendere

164 1909 317 1970 nequeam,
340 1907 412 1968 rogo
436 1889 493 1949 hoc
515 1890 653 1965 exignum
674 1889 879 1950 munusculum
902 1907 998 1968 aequo
1021 1895 1118 1953 animo
1134 1898 1272 1974 accipias.
1309 1897 1453 1960 Pocuinm
1468 1907 1515 1960 est

165 1979 338 2041 deauratum
359 1976 489 2057 pondere
514 1982 553 2036 10
576 1975 647 2036 Lott
668 1984 698 2037 et
719 1975 808 2053 paulo
831 1977 966 2056 amplius.
1007 1979 1043 2040 Id
1065 1982 1135 2041 mihi
1158 1984 1211 2062 p'ro
1235 1984 1349 2062 aliquot
1370 1989 1515 2048 nativita-

164 2069 238 2128 tibus
262 2065 408 2141 deditis,
440 2063 524 2141 cujus
547 2066 576 2122 iu
600 2063 784 2125 dedicatione
814 2082 919 2126 nomen
942 2083 1112 2142 expressum
1134 2079 1179 2132 est
1202 2080 1408 2144 (assuescentes
1426 2071 1515 2149 ns).

164 2157 299 2234 desipies
315 2153 393 2214 nitra
409 2159 427 2214 6
445 2151 674 2212 Ferdioandicos
689 2169 794 2226 novos,
817 2155 861 2213 uti
884 2171 936 2214 eos
952 2155 1023 2212 mibi
1038 2173 1157 2232 praeses
1180 2160 1402 2240 ordinariorum,
1425 2165 1516 2226 irater

163 2243 240 2303 illius
264 2243 411 2320 capitanei
442 2239 519 2299 dono
543 2237 719 2302 dedit....
766 2238 798 2301 Si
820 2240 903 2302 Deus
925 2239 1046 2303 cuilibet
1075 2247 1196 2308 animali
1220 2247 1301 2310 dedit
1323 2253 1516 2315 instmmenta

162 2334 239 2392 uitae
262 2327 500 2402 conseruandae,
531 2343 606 2402 quae
638 2325 833 2402 invidisset,
862 2331 887 2388 si
911 2329 1015 2390 eodem
1038 2334 1160 2394 consilio
1188 2343 1357 2398 astronomo
1379 2339 1516 2418 adiungit

162 2417 378 2495 mtrologiam'l
393 2459 400 2476 .
417 2459 426 2474 .
442 2458 475 2475 ..
519 2413 604 2474 Nitor
618 2431 664 2475 me
679 2414 838 2492 adjungere
860 2414 1001 2492 legationi
1025 2420 1167 2497 ordinum,
1191 2432 1225 2484 ut
1242 2429 1373 2503 ςιιιιιιιιο
1388 2427 1514 2504 Pragam

162 2509 342 2585 panoniam.
384 2502 457 2564 inde
479 2502 679 2580 Witehergam
701 2511 770 2564 sunt
793 2510 833 2565 00
857 2505 1010 2582 milliaria,
1039 2525 1117 2586 quae
1143 2528 1209 2572 meo
1239 2523 1337 2574 sumtu
1361 2515 1514 2580 conficiam

163 2606 195 2656 ut
215 2593 391 2675 'i'ycbonem
414 2590 540 2652 rideam.

262 2695 386 2752 Herna
395 2709 409 2748 r
418 2699 469 2762 to,
488 2691 535 2761 qui
553 2689 729 2748 nunciaverat
742 2691 846 2762 (mense
859 2692 1014 2765 Augusto),
1027 2693 1184 2765 Tychonem
1196 2713 1328 2780 quaerere
1340 2699 1369 2756 in
1381 2699 1514 2758 Bohemia

161 2787 249 2842 lucum
261 2779 443 2850 commodum,
461 2779 509 2835 ubi
522 2779 754 2836 obseruationibus
773 2780 943 2838 coelestibus·
950 2789 1036 2852 racel,
1055 2781 1154 2840 salario
1169 2787 1238 2842 3000
1249 2784 1344 2842 floren.
1362 2801 1514 2843 annuorum

161 2873 193 2930 ah
209 2873 376 2944 imperatore
394 2875 535 2938 receptum
552 2881 620 2937 esse,
638 2873 667 2922 et
683 2867 723 2924 sic
739 2867 821 2924 ιιιιιιιι
840 2869 980 2926 literarum
998 2869 1112 2927 iecerat:
1135 2871 1233 2937 ,talem
1252 2887 1303 2941 ego
1320 2873 1371 2930 tibi
1383 2873 1515 2931 conditio·

161 2977 220 3018 nem
239 2967 372 3031 optarem,
391 2963 420 3014 et
437 2956 498 3025 quis
516 2956 599 3026 norit,
617 2955 683 3026 quid
701 2956 737 3011 sit
754 2955 782 3010 in
800 2956 900 3012 latis?l
920 2957 1063 3028 respoudit
1080 2957 1215 3029 liepierus
1233 2953 1334 3016 mense¹
1346 2960 1514 3030 Septembri:

160 3053 304 3132 Equidem
327 3053 452 3129 optarim
474 3057 503 3110 te
524 3049 650 3109 satorum
672 3047 789 3108 iliorum
805 3047 963 3123 dominum,
987 3057 1038 3111 aut
1060 3059 1137 3112 certe
1161 3053 1346 3129 interpretem
1370 3061 1399 3114 et
1421 3055 1515 3115 inter-

160 3145 299 3203 nuncium
331 3157 377 3200 me
408 3140 483 3198 inter
509 3146 539 3197 et
567 3137 618 3196 lati
649 3135 806 3196 dominnm.
853 3136 1039 3198 Moderatum
1062 3145 1092 3198 et
1114 3137 1350 3217 philosophicum
1381 3143 1410 3200 ιιι
1432 3144 1514 3201 acci-

160 3229 266 3309 piendo
289 3230 420 3290 animum
444 3223 679 3302 deprehenderet,
703 3226 836 3301 quisquis
859 3243 947 3302 quum
963 3228 1211 3303 speciosissimam
1226 3244 1358 3288 exercere
1381 3227 1514 3289 liberali-

160 3325 250 3380 tate·
277 3317 397 3393 satagit.
441 3313 541 3372 Prima
567 3312 639 3371 mihi
666 3329 752 3385 cura,
785 3321 817 3371 ιιι
839 3321 981 3389 quantum
1013 3313 1075 3374 iicri
1104 3321 1203 3392 potest
1225 3332 1298 3375 uxor
1321 3333 1389 3377 mea
1412 3325 1512 3379 teneat

161 3423 236 3483 quae
267 3405 360 3464 hahet
389 3401 478 3479 idque
506 3401 712 3478 patrimonium
739 3399 778 3459 ad
808 3417 976 3462 communes
1013 3401 1122 3464 liberos
1156 3405 1343 3465 transmittat.
1397 3403 1513 3465 Etenim

159 3493 378 3572 speculationes
395 3490 528 3548 ¹interitu
557 3487 686 3548 familiae
717 3485 856 3548 redimere
888 3507 983 3566 neque
1006 3491 1035 3548 ιιι
1057 3489 1246 3567 philosophie
1274 3491 1429 3552 honestum
1458 3503 1512 3570 eat,

160 3599 255 3660 neque
279 3583 361 3657 pium
385 3580 414 3636 in
436 3576 586 3653 reiigione.
622 3574 694 3634 iodr
717 3583 863 3653 peteretur
885 3593 978 3637 coena
998 3576 1147 3654 platonica
1164 3579 1340 3656 habitusque
1355 3581 1405 3656 qui
1421 3583 1512 3640 mari·
1585 3577 1597 3604 ⁸

160 3677 221 3730 tum
244 3667 339 3729 decet
384 3665 460 3725 Nam
483 3666 512 3722 in
534 3663 581 3722 his
605 3661 718 3723 duobus
747 3663 893 3740 capitibus
924 3667 1057 3725 consistit
1085 3665 1248 3726 studiorum
1276 3667 1406 3727 libertas.
1452 3667 1513 3745 Qui

159 3765 226 3834 eget
255 3757 363 3828 servit,
395 3760 427 3812 at
456 3755 506 3811 vir
533 3751 689 3829 quisquam
719 3758 824 3828 sponte
853 3753 945 3812 servit
973 3768 1112 3828 unquam.
1168 3752 1256 3830 Quod
1283 3757 1453 3815 nativitates
1483 3762 1514 3816 et
1591 3811 1599 3824 ,

159 3845 338 3906 Celenderis
360 3839 506 3900 interdum
528 3840 634 3910 scribo,
659 3855 694 3898 ea
716 3855 762 3898 nre
778 3837 893 3900 Christe
911 3837 1116 3900 molestissima
1138 3841 1210 3900 milri
1233 3843 1360 3902 servitus
1383 3851 1436 3916 est,
1459 3841 1511 3902 sed

157 3935 342 4004 necessaria,
373 3945 411 3988 ne
432 3927 545 3988 seilicet
571 3925 610 3985 ad
632 3926 722 3986 breve
745 3931 859 4002 tempus
882 3926 970 4000 iiber,
997 3935 1066 4003 post
1088 3931 1200 4006 turpius
1223 3931 1366 3990 serviam.'
1404 3929 1510 4004 ltaque

156 4029 190 4080 ut
213 4019 354 4080 salarium
377 4033 520 4086 annuum,
545 4022 577 4074 ut
599 4011 716 4073 titulum
740 4022 769 4072 et
791 4012 888 4072 locum
911 4013 1078 4090 delendam,
1104 4017 1362 4078 obsecundandum
1387 4024 1431 4076 est
1453 4018 1512 4074 im·

156 4111 270 4185 peritae
293 4105 466 4166 curiositati.
511 4101 661 4178 Quidquid
683 4099 755 4160 mihi
777 4110 951 4179 superesset,
974 4103 1163 4178 jurejurando
1185 4107 1338 4178 sancirem,
1361 4105 1391 4161 in
1413 4102 1512 4162 studia

156 4193 365 4272 philosophiae
388 4195 596 4267 impensurum.
641 4187 779 4248 Lectores
803 4188 924 4265 aierem,
954 4198 986 4248 ut
1009 4193 1102 4250 oeulis
1121 4191 1184 4268 jum
1208 4191 1445 4264 hebescentibus,
1478 4195 1511 4250 ut

155 4291 186 4342 et
209 4285 334 4360 tempori
358 4287 534 4358 parceretur.
572 4276 702 4336 Noncios
725 4276 882 4336 hincinde
905 4278 1050 4338 mitterem
1064 4296 1116 4356 pro
1139 4281 1230 4354 libris,
1253 4295 1306 4356 pro
1323 4275 1509 4355 coqsulendis

156 4369 268 4446 doctir3
292 4373 488 4430 instrumenta
509 4364 698 4437 machinarer,
722 4365 977 4425 observationibus
1000 4365 1075 4426 aiios
1090 4366 1269 4441 adhiberem,
1290 4367 1316 4424 si
1335 4366 1431 4424 minus
1454 4381 1510 4441 ego

155 4459 329 4532 miticerem,
354 4458 398 4517 sic
421 4463 451 4514 et
472 4451 739 4528 computationibus
763 4450 854 4528 aliqui
871 4451 1093 4517 destinarentur.
1129 4454 1205 4515 Naro
1227 4451 1362 4531 legendo,
1386 4467 1511 4530 eompu-

155 4548 243 4609 undo
267 4547 431 4626 plurimum
453 4539 570 4601 eiiundo
593 4541 755 4618 spirituum,
779 4538 959 4616 speculando
981 4559 1093 4618 parum.

256 4634 320 4698 Sed
344 4633 423 4694 baec
444 4645 515 4690 sane
539 4630 567 4686 in
590 4634 736 4704 potestate
758 4631 885 4704 supremi
908 4630 1034 4689 istorum
1057 4628 1167 4689 domini
1189 4629 1245 4686 sita
1268 4634 1353 4703 suut,
1382 4629 1433 4705 qui
1456 4629 1511 4690 etsi

153 4739 210 4784 aon
231 4743 281 4786 me
305 4720 424 4783 attollit
445 4718 547 4791 ιιιιιιι,
570 4715 641 4776 iecit
662 4713 692 4773 id
714 4715 817 4792 procui
840 4715 930 4777 dubio
952 4719 983 4776 in
1004 4734 1102 4776 meum
1125 4713 1326 4790 commodum,
1354 4731 1391 4777 ne
1413 4717 1512 4796 inepte

150 4829 195 4876 me
214 4831 271 4894 pro
295 4809 500 4884 antesignano
522 4803 623 4881 aliquo
644 4801 792 4863 literarum
814 4804 889 4866 ierne
910 4805 1055 4882 incipiam.

196 4905 475 4971 munorum·
1268 4861 1304 4962 10
