3612 5538
302 393 368 468 888
569 375 573 383 ’
806 401 870 462 vna
886 401 1001 461 soum
1018 399 1139 476 neuen.
1205 351 1213 365 ⁶
1257 407 1262 418 ’

303 581 405 654 Holpii,
423 581 441 639 i.
460 582 498 654 e.)
532 578 701 642 Molitcri
730 580 832 643 eadem
863 581 970 644 occulti
993 582 1054 643 cdii
1076 597 1180 658 eausa,
1212 581 1264 644 aod
1287 583 1455 659 praetextus
1473 579 1548 656 jorio
1570 581 1644 639 erat:

304 665 372 725 olim
396 670 484 738 (1886.
506 671 560 726 Cir.
578 689 607 742 p.
627 673 687 741 6781
712 671 805 746 ipsum
821 679 911 748 atquo
926 668 1182 732 Wielandicm
1204 669 1399 747 prodideram,
1422 685 1477 745 ego
1494 683 1563 728 vero
1579 667 1646 743 ipsis

305 771 383 813 eram
405 752 540 830 supplex,
564 765 596 816 ot
620 765 649 818 88
670 758 993 836 Ziegelhensero.
1039 757 1225 817 Kiillinno
1247 773 1369 818 menon
1385 754 1495 829 odoret,
1518 751 1570 814 sed
1593 769 1645 828 ego

304 842 400 918 ipsum
422 843 530 918 potius.
569 843 667 906 Semel
691 848 766 911 enim
788 849 860 908 inito
882 863 996 906 meeum
1020 847 1157 919 amicitia,
1180 853 1323 922 perpetuo
1346 861 1458 904 mecum
1483 839 1646 916 contendit3

302 946 357 1006 ego
381 926 499 1007 quidem
523 932 579 1006 ipsi
595 948 744 1010 nunquam
761 933 932 995 malefacere
947 934 1057 1008 studui,
1081 932 1133 992 sed
1148 932 1265 993 oderam
1281 933 1372 1009 ipsius
1388 931 1647 992 conversationem.

302 1016 400 1078 Oanos
419 1017 503 1092 justo
525 1017 593 1094 init,
619 1023 688 1096 quia
712 1021 809 1098 quoad
832 1023 969 1086 allectum
990 1021 1057 1097 pluo
1073 1037 1161 1097 quam
1185 1025 1327 1081 amatoria
1349 1021 1418 1093 luit,
1442 1017 1540 1094 quoad
1563 1033 1649 1093 opera

301 1122 384 1182 pora,
408 1103 488 1163 nullo
513 1111 711 1169 contaminata
732 1109 856 1186 flagitio.
887 1109 953 1170 Non
976 1109 1036 1168 alia
1059 1125 1123 1168 cum
1146 1107 1207 1168 8118
1223 1110 1382 1168 acrioraut
1405 1107 1567 1166 diuturnior
1580 1119 1650 1162 con·

303 1195 404 1252 tentio.
451 1191 771 1257 Braunbsnmium
804 1215 840 1257 ex
862 1199 957 1258 amico
986 1195 1059 1255 mihi
1087 1195 1214 1255 reddidit
1235 1197 1379 1256 insensum
1405 1196 1559 1271 ipsumque
1582 1190 1650 1250 mihi

302 1282 411 1356 pariter
433 1296 499 1340 mea
521 1299 633 1342 morum
657 1293 687 1344 88
707 1283 828 1345 ludendi
850 1284 983 1360 lascivia,
1006 1301 1042 1343 ex
1058 1300 1116 1359 quo
1140 1289 1204 1343 orta
1225 1283 1280 1343 luit
1295 1285 1439 1359 utrimque
1454 1281 1564 1356 injusta
1586 1295 1650 1355 per·

302 1369 479 1441 musanell),
503 1386 561 1444 qua
584 1389 643 1454 unu
664 1390 695 1432 ro
718 1373 971 1434 vehementissime
987 1370 1125 1434 offendor.
1163 1369 1406 1430 Hulderieum
1429 1385 1517 1428 arne
1539 1365 1651 1426 abalie-

304 1458 387 1515 navit
409 1456 532 1532 primum
557 1475 614 1518 noir
638 1467 755 1520 cereata
777 1460 850 1520 lidos
873 1467 902 1522 88
924 1476 991 1520 mea
1012 1459 1159 1519 temeritas
1183 1461 1210 1517 in
1235 1456 1446 1536 exprobrando.
1477 1457 1652 1528 (Reatimtam

302 1561 363 1600 cum
387 1545 439 1602 hoc
461 1563 571 1617 quoque
596 1547 742 1606 amicitiam
764 1556 882 1606 testatur
907 1549 1034 1617 ,Elegiat
1060 1563 1144 1619 supra
1166 1565 1194 1618 p.
1214 1549 1265 1605 130
1287 1549 1449 1618 proposita.)
1494 1542 1652 1603 Seilleri

303 1628 402 1689 odium
425 1637 529 1706 sponte
546 1635 672 1709 suscepi,
696 1635 766 1708 quia
788 1633 911 1693 oderant
932 1635 1029 1708 iprum
1051 1637 1082 1691 et
1103 1631 1207 1708 reliqui
1238 1633 1391 1709 ipsumque
1414 1630 1549 1690 lacessivi
1574 1629 1654 1690 nulla

302 1725 481 1793 provocatus
511 1717 629 1794 injurio.
685 1717 923 1799 Orthclphos
953 1737 999 1780 me
1029 1717 1132 1779 oderat
1161 1727 1193 1778 ut
1224 1736 1278 1796 ego
1304 1718 1473 1792 K'o'lllpum,
1504 1735 1569 1778 cum
1599 1731 1651 1794 ego

302 1807 398 1882 ipsum
430 1813 531 1864 contra
563 1823 707 1884 amaram,
737 1808 789 1868 sed
819 1805 972 1885 multiplex
1001 1807 1075 1866 baec
1102 1806 1158 1865 luit
1189 1809 1348 1867 contentio.
1392 1805 1468 1866 Nam
1500 1813 1530 1865 et
1561 1807 1652 1882 ipsius

303 1892 474 1954 aemulabar
498 1891 684 1968 industriam,
716 1901 746 1955 ei
764 1895 909 1972 judicium
933 1893 1007 1972 p'euo
1030 1893 1211 1967 invidebam,
1242 1901 1271 1954 et
1299 1893 1523 1954 exardeseeham
1554 1901 1653 1952 eontm

305 1980 385 2039 illins
409 1979 614 2042 maledicentia
638 1990 667 2042 88
689 1985 905 2059 suspieaeitato.
929 2015 970 2028 -
995 1979 1156 2042 Universos
1186 1997 1275 2058 saepe
1298 1985 1328 2039 in
1352 1999 1399 2042 mo
1421 1983 1566 2040 concitavi
1592 1995 1653 2040 mea

304 2066 400 2144 eulpa3
412 2066 610 2146 ’Adelbergae
626 2069 799 2147 proditione,
821 2069 1017 2148 Mulpronnae
1033 2067 1201 2129 defensione
1218 2067 1359 2143 Graeteri,
1375 2067 1529 2145 Tuhingao
1545 2067 1653 2128 silentii

305 2154 434 2216 violenta
457 2159 622 2233 rogatione3
658 2157 878 2218 Lentlirrum
909 2161 1009 2234 inopta
1032 2158 1202 2235 scriptione,
1234 2155 1587 2233 spangenbergium
1610 2163 1653 2214 to·

303 2245 428 2304 monario
451 2247 647 2316 correctione,
672 2263 737 2306 eom
761 2249 786 2305 is
809 2251 982 2323 praeceptor
1004 2253 1090 2305 88888.
1137 2244 1322 2304 Gleboruo
1345 2243 1420 2304 laisa
1442 2251 1584 2320 suscepta
1604 2260 1654 2302 su·

302 2332 434 2408 spinione
463 2349 509 2391 me
533 2340 565 2391 ut
586 2333 708 2394 rivalem
732 2333 852 2408 oderat,
885 2351 952 2393 cum
975 2339 1062 2393 antea
1091 2333 1221 2409 impense
1248 2343 1374 2407 amarat,
1405 2329 1472 2392 indo
1503 2346 1653 2390 8888888888

303 2436 369 2480 mea
393 2421 451 2478 oris
473 2418 637 2497 petulantia
660 2428 689 2480 88
712 2421 791 2480 811888
813 2423 984 2494 morositas,
1017 2419 1094 2480 unde
1116 2422 1234 2496 saepius
1257 2421 1286 2477 in
1315 2435 1362 2478 mo
1384 2421 1482 2493 inuit,
1512 2416 1654 2496 colophon

302 2508 457 2566 intentans.
503 2505 785 2568 Robotoelrium
807 2509 971 2571 stimulavit
992 2509 1050 2567 moi
1072 2507 1136 2568 laus
1152 2509 1270 2584 ingenii,
1295 2505 1360 2566 dein
1384 2505 1508 2580 levitas,
1532 2509 1604 2582 quis
1625 2507 1653 2564 in

303 2611 399 2654 meum
423 2602 572 2680 parentem
595 2596 702 2671 probra
725 2596 865 2674 conjecit3
894 2595 952 2658 hoc
975 2612 1030 2670 ego
1053 2593 1166 2664 ultuma
1188 2596 1217 2652 in
1240 2595 1392 2670 nepotiani,
1407 2593 1519 2670 ¹plagae
1543 2594 1653 2669 accepi.

303 2679 495 2740 Huoelioo
518 2685 606 2742 etiam
630 2685 702 2744 meis
726 2686 840 2744 obstitit
866 2685 1068 2758 incrementis3
1100 2685 1127 2740 in
1151 2682 1205 2741 boo
1228 2681 1310 2740 nulla
1332 2699 1398 2742 mes
1420 2688 1515 2742 exstat
1539 2682 1653 2758 injuria.

304 2771 377 2828 Cum
402 2768 583 2829 Daubero
611 2769 667 2830 luit
698 2771 814 2832 occulta
836 2772 971 2832 simultas
995 2779 1024 2830 et
1046 2769 1222 2842 aemulatio,
1246 2770 1390 2846 utrimque
1412 2786 1487 2847 pene
1510 2767 1654 2845 aequalia,

304 2859 476 2933 propensior
499 2865 596 2917 tamen
620 2860 683 2936 ipse
707 2858 745 2920 ad
768 2859 913 2936 injuriam.
954 2843 1171 2918 ‘Lorhardns
1200 2871 1314 2917 meeum
1336 2874 1394 2920 noo
1417 2857 1653 2928 communicavit,

183 3005 186 3010 ,
302 2942 474 3004 aemulabar
501 2947 595 3024 ipsum
628 2963 697 3023 ego,
731 2947 783 3008 sed
812 2946 869 3008 lroc
891 2962 945 3006 nee
966 2945 1016 3005 ille
1039 2947 1125 3006 scivit
1146 2961 1200 3004 uec
1229 2947 1384 3022 quisquam
1414 2945 1505 3020 alins;
1538 2943 1654 3004 modom

304 3032 373 3106 quia
396 3031 550 3092 Danheros
573 3033 644 3092 mibi
668 3034 912 3112 postponebetnr,
936 3049 1025 3108 qoem
1046 3035 1109 3112 ipae
1132 3031 1284 3112 praetulit,
1316 3051 1363 3094 mo
1386 3031 1483 3093 odisse
1506 3035 1606 3108 eoepit
1627 3039 1655 3090 et

303 3119 403 3178 nocuit
424 3117 504 3193 mihi,
529 3124 689 3181 eratenim
712 3125 852 3200 superior.
883 3121 992 3180 Postea
1013 3139 1079 3181 mea
1101 3121 1291 3197 protervitate
1313 3119 1392 3198 apud
1408 3126 1552 3198 cognatos
1569 3117 1654 3179 Meh-

305 3207 454 3282 ringensea
477 3205 603 3266 subinde
627 3212 655 3268 in
679 3209 934 3287 reprehensionem
956 3209 1071 3268 incurri.
1259 3219 1262 3226 ’

241 3365 243 3370 ¹
411 3293 493 3368 Quae
517 3293 642 3372 deniquo
665 3297 810 3374 Kepleros
834 3297 869 3358 de
893 3294 1193 3372 ministeriisque,
1217 3303 1328 3356 rectore
1350 3295 1496 3372 gymnasii
1520 3303 1551 3355 et
1575 3293 1654 3355 ordi-

303 3397 371 3438 nurn
399 3385 554 3441 secretario
578 3382 726 3463 Speidelio
759 3385 859 3458 relert,
889 3386 1027 3460 leguntur
1054 3399 1143 3462 supra
1171 3401 1198 3460 p.
1223 3389 1286 3443 684
1309 3389 1339 3442 88
1362 3388 1434 3442 681.
1479 3381 1537 3442 His
1568 3381 1655 3442 linem

303 3467 374 3526 lacit
396 3466 547 3528 ‘relationis
571 3469 606 3532 de
630 3475 770 3533 inimicis:
797 3470 927 3548 ,Ultimo
951 3471 1089 3532 Orellium
1113 3470 1215 3547 religio
1238 3489 1257 3531 a
1278 3487 1325 3529 me
1348 3468 1466 3544 dividit,
1491 3468 1545 3530 sed
1569 3469 1655 3530 fldem

302 3555 390 3635 fregit
412 3558 515 3632 eriam,
538 3555 605 3618 hine
628 3562 685 3639 ipsi
707 3562 825 3622 irascor.
871 3561 958 3620 Faxit
981 3559 1071 3631 Dens,
1095 3565 1127 3616 ut
1150 3561 1204 3618 1888
1227 3561 1265 3618 888
1287 3557 1416 3616 ultimus.

406 3642 511 3720 ltaque
535 3662 640 3708 censae
664 3650 769 3726 partim
792 3651 821 3706 in
844 3666 899 3720 me,
923 3647 1082 3724 partimin
1105 3645 1229 3705 lortona.
1274 3644 1308 3703 lo
1324 3662 1369 3704 me
1394 3647 1445 3717 ira,
1467 3639 1658 3705 intolerantia

303 3729 508 3806 taediosorum,
533 3743 669 3811 proterva
692 3735 817 3797 verarndi
839 3733 931 3794 libido
947 3743 980 3794 ut
994 3741 1023 3794 88
1042 3732 1171 3809 iocundi,
1196 3731 1322 3809 denique
1335 3732 1485 3792 censoriae
1501 3750 1658 3810 praesum·

306 3821 410 3893 tiones,
433 3838 498 3880 orum
522 3827 667 3882 neminem
691 3841 749 3883 ncn
772 3821 992 3902 reprehendam.
1037 3820 1071 3878 ln
1094 3820 1212 3880 lortuna
1233 3820 1289 3880 hoc
1311 3827 1365 3895 eat,
1389 3827 1421 3878 ut
1444 3821 1541 3899 ipsum
1567 3821 1659 3880 corni·

302 3913 379 3966 tetur
403 3907 523 3967 invidia.
569 3909 652 3970 Illius
676 3927 766 3971 eausa
789 3919 834 3970 est
856 3909 1030 3986 quadratum
1052 3905 1191 3968 Mercurii
1214 3915 1243 3968 et
1264 3907 1378 3980 Martis,
1403 3905 1488 3967 Luna
1509 3910 1541 3966 in
1565 3909 1658 3968 trian-

301 3995 371 4168 gulo
394 3994 507 4070 Martio,
531 3994 582 4058 Sol
606 3999 635 4054 iu
658 3999 756 4060 sextili
779 3999 907 4073 Saturni,
931 3996 1019 4073 hujus
1042 4013 1133 4056 consa
1155 4003 1199 4056 est
1222 3995 1274 4058 Sol
1296 4003 1325 4057 et
1347 3994 1510 4057 Mercurius
1532 3999 1563 4056 in
1589 3995 1658 4056 Vll.

315 4101 357 4144 sc.
381 4082 492 4160 domo).
1530 4115 1533 4122 .

873 4233 1079 4254 ...ha——

621 4403 761 4475 Kepleri
783 4407 959 4465 literarum
982 4404 1098 4469 studia
1120 4405 1156 4460 88
1177 4397 1352 4502 (88888888οἱ

409 4525 556 4603 Keplerus
571 4545 590 4584 a
605 4528 775 4603 parentibus
790 4527 914 4605 primqm
930 4527 958 4584 in
975 4523 1209 4600 Leobergeosem
1226 4521 1327 4582 ludum
1343 4521 1519 4594 literarium,
1544 4529 1608 4580 tum
1631 4521 1658 4576 in

305 4613 445 4688 majorem
470 4611 601 4688 ejusdem
625 4615 705 4674 urbia
726 4613 859 4673 scholam
882 4614 988 4672 missus
1012 4618 1065 4685 est,
1088 4611 1139 4670 ubi
1163 4619 1192 4672 88
1214 4611 1322 4670 latinae
1344 4609 1465 4686 linguae
1487 4607 1660 4668 rudimentis

305 4707 333 4758 et
356 4699 421 4758 aliis
444 4717 562 4776 quoqne
585 4703 735 4761 institutus
762 4707 807 4760 est
836 4699 943 4772 literis,
978 4706 1119 4774 quantum
1149 4699 1207 4758 illia
1239 4699 1419 4775 temporibus
1441 4700 1470 4755 io
1494 4695 1658 4756 Wiirttem·

305 4786 422 4862 herpiae
445 4787 553 4847 scholis
578 4787 682 4848 doctae
705 4794 781 4847 sunt.
827 4786 979 4847 Tredeeim
1003 4804 1145 4846 annorum
1167 4803 1248 4864 puer,
1272 4788 1323 4864 qui
1346 4787 1425 4846 hona
1447 4792 1525 4846 88888
1549 4783 1657 4854 indole,

303 4875 427 4953 primurn
450 4877 478 4932 in
503 4873 686 4952 Adelbergae
715 4875 901 4937 seminarium
929 4873 1073 4934 inferioris
1102 4872 1211 4934 ordinis
1239 4876 1283 4951 (io
1306 4890 1365 4951 quo
1393 4871 1598 4934 adolescentes
1620 4867 1659 4934 ad
