3612 5538
189 307 192 314 ¹
265 349 331 422 968
779 351 844 410 vita
859 349 976 408 loannis
992 349 1112 422 Kepleri.

267 533 417 614 „Fortuna
438 530 507 608 plus
530 549 619 607 quam
642 529 769 594 madalis
793 531 926 594 inducias
953 548 1011 591 nou
1040 531 1192 592 concessit.
1237 529 1317 592 Nihil
1348 529 1465 606 quidem
1495 527 1622 606 periculi

265 622 411 700 corporis,
435 619 508 676 nihil
532 621 612 680 vitae
635 638 765 681 meorum
789 623 936 696 imminet,
960 629 989 680 et
1012 636 1090 678 vana
1111 619 1185 678 haec
1207 619 1309 679 nubila
1331 617 1466 695 dispoliet
1488 617 1619 678 clarism-

265 727 331 770 mus
355 709 487 768 veritatis
516 707 625 769 radius.
670 709 710 769 At
732 711 807 785 perit
837 709 922 768 nobie
952 706 1052 768 recula
1079 715 1178 766 nostra
1207 706 1356 781 lunditns;
1386 706 1509 766 necdum
1539 707 1617 766 enim

263 798 339 857 finiri
361 803 460 872 potest
482 791 665 870 processus.“
705 794 861 856 Nonnullis
884 797 968 856 annis
990 804 1058 872 post
1081 797 1196 870 (1623)
1218 793 1255 854 dc
1278 793 1392 854 edenda
1414 811 1468 852 sua
1492 793 1620 868 „Astro-

265 886 364 944 nomia
380 882 507 942 Lunari“
533 882 607 943 haec
630 881 680 944 dat
695 884 898 960 Berneggero:
921 883 1006 942 Anne
1022 884 1169 960 egregium
1191 883 1319 954 lacinus,
1343 880 1509 959 cyclopicos
1530 880 1619 957 hujus

268 973 408 1048 temporis
431 987 527 1030 mores
547 973 624 1029 vivis
648 970 794 1030 coloribus
818 971 991 1048 depingere,
1015 969 1066 1030 sad
1091 971 1235 1029 cautionis
1258 987 1347 1030 causa
1371 971 1453 1028 terris
1475 985 1541 1028 cum
1564 968 1617 1028 tali

264 1061 425 1140 scriptione
446 1057 586 1118 excedere
609 1059 697 1133 inque
713 1058 826 1118 Lunam
849 1056 1010 1120 secedere?
1041 1057 1227 1133 Quamquam
1243 1055 1313 1132 quid
1330 1058 1512 1134 tergiversari
1525 1054 1619 1131 jura·

267 1146 337 1206 hit?
368 1145 491 1204 Missam
515 1145 604 1220 igitur
627 1147 746 1222 penitus
768 1147 911 1206 iaciamus
933 1147 1026 1223 picem
1043 1145 1120 1206 hene
1135 1144 1284 1222 politicam
1307 1162 1420 1222 nosque
1444 1145 1621 1228 inamoenis

266 1233 472 1312 philosophiae
497 1235 597 1294 viretis
620 1231 707 1312 plane
731 1233 963 1310 contineamus.“

370 1319 440 1380 Jam
463 1326 551 1380 antee
574 1320 720 1397 Keplerus
744 1322 961 1398 Berneggerum
991 1321 1110 1397 saepius
1140 1337 1192 1397 per
1213 1319 1313 1380 literas
1344 1319 1458 1378 adierat
1480 1319 1619 1379 Austris-

266 1425 367 1469 cornm
389 1407 540 1468 Nobilium
563 1410 696 1482 nomine,
721 1411 771 1485 qui
794 1409 862 1468 tiliis
886 1409 1072 1485 argentorati
1096 1408 1255 1484 hospitium
1279 1408 1469 1482 quaerebant.
1514 1405 1618 1466 Eidem

267 1513 345 1557 anno
371 1501 455 1556 tout
477 1495 611 1555 Lincium
634 1513 752 1556 reverso
776 1513 841 1556 cum
864 1497 959 1556 simile
984 1496 1123 1571 quiddam
1146 1495 1314 1554 mandatum
1338 1504 1429 1566 esset,
1460 1511 1519 1554 uon
1542 1494 1619 1554 alie·

266 1601 335 1644 unm
351 1601 414 1644 csse
431 1581 556 1656 videtur,
580 1583 734 1659 epistolam
750 1584 935 1660 Barneggero
950 1586 1097 1660 scriptam,
1121 1584 1205 1658 cnjus
1226 1584 1322 1641 critns'
1337 1582 1396 1642 vol.
1413 1583 1480 1642 VII.
1497 1600 1526 1658 p.
1547 1589 1619 1644 141.

267 1671 376 1732 allatus
406 1679 465 1744 est,
497 1671 555 1729 lroc
583 1671 650 1730 loco
680 1670 797 1732 addere.
844 1673 923 1732 Data
952 1680 997 1730 cst
1019 1671 1113 1730 Linoii
1136 1671 1163 1728 d.
1191 1677 1241 1730 29.
1265 1669 1365 1729 Martii
1387 1678 1417 1728 et
1439 1671 1618 1746 Berneggeri

270 1758 428 1836 respondet
449 1759 542 1818 literis
566 1757 593 1817 d.
620 1764 668 1818 14.
692 1759 853 1820 Februario
878 1759 963 1832 datis,
988 1759 1096 1834 quibus
1119 1758 1167 1818 hic
1190 1756 1345 1818 nonnullos
1369 1755 1405 1816 de
1421 1757 1506 1816 iruna
1529 1756 1619 1818 libros

266 1847 366 1920 affert,
399 1861 473 1922 quos
503 1844 649 1922 Keplerus
680 1845 717 1906 ad
748 1848 966 1910 Astronomiam
996 1847 1141 1906 Lunarem
1172 1843 1439 1922 edendampossit
1469 1845 1619 1905 adhibere.

267 1934 390 2011 Scripsit
418 1941 516 1994 antem
543 1933 630 1993 haec:
665 1931 746 2008 Quas
778 1934 815 1992 ad
839 1953 885 1995 me
915 1933 1022 1994 dedisti
1051 1934 1151 1994 literas
1182 1932 1396 1992 Miitschelinus
1425 1932 1541 1998 demum
1565 1937 1618 1992 28.

270 2021 370 2080 Martii
394 2018 530 2080 reddidit.
568 2019 759 2098 Opportunus
782 2019 940 2082 admodum
963 2023 1018 2080 init
1032 2015 1104 2097 'ejus
1126 2019 1281 2081 adventus.
1318 2019 1393 2080 Nam
1422 2019 1524 2081 cadem
1547 2020 1621 2080 hora

269 2111 374 2169 certior
397 2125 463 2167 sum
485 2105 625 2182 redditus,
649 2108 834 2168 tabellarium
859 2110 1096 2186 Eierdingensem
1124 2107 1162 2168 ad
1188 2125 1240 2167 vos
1263 2109 1380 2166 iturum.
1427 2105 1500 2166 Cum
1531 2109 1621 2182 igitur

267 2195 315 2254 Ill.
339 2203 368 2255 et
391 2193 466 2256 Gen.
491 2195 529 2255 D.
553 2196 591 2254 D.
615 2196 754 2254 Erasmus
777 2199 883 2272 senior,
906 2197 939 2258 L.
963 2197 996 2260 B.
1019 2215 1038 2257 a
1060 2196 1236 2272 Starenberg
1258 2197 1290 2254 in
1305 2193 1443 2268 Riedeclr,
1465 2192 1621 2271 Wildperg

268 2289 298 2348 et
317 2282 508 2356 Lobenstein,
532 2282 697 2342 Comitatus
713 2281 944 2360 Schaunburgici
968 2293 998 2346 et
1020 2286 1095 2343 arcis
1116 2283 1292 2358 Eserdingae
1308 2283 1461 2355 Dominus,
1485 2286 1514 2341 in
1535 2299 1622 2343 mau-

269 2371 345 2432 datis
370 2369 440 2430 mihi
464 2369 585 2444 dederit,
609 2365 664 2429 G‘l'
688 2369 734 2430 8²⁶
758 2373 876 2442 nomine
899 2372 936 2431 ad
961 2379 988 2432 te
1012 2379 1044 2431 ut
1058 2371 1222 2444 scriberem,
1245 2369 1434 2430 Mtitschelini
1456 2371 1622 2446 praesentis

271 2457 307 2518 dc
330 2463 359 2518 te
382 2459 510 2516 narratio
533 2458 629 2517 lucem
651 2459 732 2518 mim.
746 2457 899 2535 praetulit,
931 2459 1002 2536 qnid
1025 2459 1079 2518 abs
1102 2465 1131 2518 tc
1154 2477 1207 2534 spe
1229 2475 1286 2518 non
1317 2460 1397 2518 irrite
1426 2461 1485 2535 peti
1509 2467 1621 2536 posset.

269 2545 346 2606 Sunt
367 2544 411 2604 illi
440 2561 526 2622 quem
550 2545 611 2603 dixi
634 2545 743 2606 Baroui
773 2545 826 2606 lilii
850 2546 923 2620 duo,
954 2545 1025 2607 doh.
1048 2545 1213 2606 Richardns
1244 2553 1273 2606 et
1297 2545 1441 2622 Georgius
1465 2545 1621 2617 Henricus,

269 2631 319 2694 ille
339 2638 387 2706 16,
410 2633 465 2692 iste
484 2637 522 2693 15
538 2649 690 2718 annornm,
713 2633 818 2694 florida
833 2641 954 2710 uterque
971 2631 1179 2707 adolescentia,
1196 2633 1411 2692 luxuriantibus
1427 2635 1621 2702 incrementis,

269 2720 369 2780 indole
391 2737 550 2797 generosa,
573 2721 690 2798 ingenio
713 2723 776 2782 miti
800 2728 830 2782 et
852 2722 1014 2796 tractabili,
1039 2721 1167 2780 moribus
1192 2723 1379 2796 incorruptis,
1412 2723 1518 2797 utqui
1542 2719 1622 2780 domi

268 2811 299 2866 in
321 2815 480 2885 conspectu
497 2815 650 2885 parentum
666 2809 958 2890 prudentissimorum
983 2819 1011 2870 et
1033 2811 1063 2867 in
1078 2809 1282 2886 praesentibus
1304 2811 1438 2868 iortnnaa
1461 2811 1621 2868 saevientis

269 2894 427 2956 insultibus
449 2897 587 2972 pietatem
613 2897 696 2954 unice
719 2897 877 2956 colentium
894 2895 1064 2956 educentur.
1095 2894 1268 2972 Magistrum
1284 2896 1393 2956 trahent
1419 2899 1510 2956 virum
1533 2896 1622 2956 seda·
1726 2945 1728 2952 ,

269 2989 344 3057 tum,
377 2991 492 3042 tuarum
524 2984 629 3042 artium
660 2983 802 3044 cultorem
832 2991 861 3044 et
888 2991 1063 3044 sectatorem
1090 3001 1149 3044 non
1181 2983 1339 3056 infelicem,
1372 2986 1423 3059 qni
1454 2983 1564 3043 dudum
1593 2985 1623 3041 in

270 3073 410 3130 comitatu
434 3069 663 3130 Tochernemelii
693 3071 817 3144 Barouis
849 3069 977 3132 Galliam
1008 3071 1090 3132 vidit.
1136 3070 1200 3130 Hos
1223 3079 1319 3147 puter,
1349 3072 1496 3146 proiectus
1521 3088 1622 3136 eorum

269 3157 485 3238 cupidissimus,
510 3156 620 3218 diutius
643 3158 779 3233 equidem
803 3177 890 3234 qnam
914 3161 977 3236 ipse
1003 3159 1100 3230 vellet,
1124 3176 1176 3234 spa
1200 3165 1298 3220 tumen
1322 3157 1469 3220 eluctandi
1491 3160 1623 3235 prius-ex

269 3247 428 3306 infortunio
451 3245 513 3322 jam
536 3243 689 3320 triennali,
714 3247 791 3306 domi
816 3249 974 3320 continuit3
1005 3245 1058 3310 sed
1082 3263 1146 3306 cum
1171 3245 1283 3306 videret
1305 3253 1433 3306 aetatem
1457 3248 1527 3323 ipsis
1551 3245 1622 3318 labi,

262 3331 387 3394 tandem
415 3332 454 3392 ad
482 3349 536 3392 uos
560 3332 734 3393 emittendos
757 3337 874 3409 statuit,
906 3344 940 3394 ut
970 3335 1078 3410 ingenii
1108 3351 1278 3408 morumque
1308 3333 1449 3393 culturam
1483 3333 1623 3410 majorem

268 3419 349 3500 apud
379 3427 495 3480 exteros
523 3423 656 3497 interque
690 3421 882 3497 frequentiam
914 3419 1048 3498 aliquam
1074 3421 1237 3481 nobilitatis
1268 3415 1460 3482 Germanicae
1496 3423 1622 3497 capiant.

271 3508 346 3568 (ium
368 3515 467 3568 autem
490 3515 520 3568 et
541 3508 580 3568 ab
602 3506 669 3568 aliis
692 3517 722 3568 et
744 3527 762 3568 a
785 3527 840 3583 me,
864 3511 914 3586 qui
939 3509 1128 3586 quotidianus
1144 3511 1236 3585 ipsius
1253 3525 1318 3569 sum
1333 3508 1456 3586 hospes,
1481 3517 1547 3570 tuas
1562 3511 1624 3568 nir-

272 3605 354 3657 tutes
376 3612 396 3654 a
418 3595 510 3656 multo
534 3603 664 3673 tempore
687 3596 819 3658 audisset
840 3596 1017 3674 praedicari,
1046 3605 1174 3673 tuaeque
1196 3597 1367 3657 eruditionis
1390 3597 1572 3672 affectusque
1594 3599 1625 3653 in

269 3686 415 3764 patriam,
447 3685 476 3740 in
506 3685 660 3760 pietatem,
691 3686 721 3742 in
750 3685 849 3745 studia
880 3686 1005 3746 honesta
1035 3687 1262 3761 experimentum
1287 3703 1321 3744 err
1346 3687 1542 3744 monumentis
1565 3687 1625 3743 tuis

268 3772 408 3832 litorariis
431 3771 626 3849 percepisset,
657 3773 819 3848 rogandum
843 3780 871 3834 te
894 3772 951 3835 hoc
974 3789 1039 3832 meo
1062 3771 1141 3849 stylo
1164 3774 1293 3844 censuit,
1317 3775 1358 3830 uti
1382 3771 1449 3830 tiliis
1473 3774 1535 3832 suis
1558 3789 1625 3832 eum

269 3861 410 3936 magistro
434 3857 573 3918 Fischero
596 3865 626 3918 et
648 3875 707 3918 unc
730 3862 862 3922 ministro
894 3861 1048 3938 probitatis
1080 3859 1249 3935 exploratae
1272 3860 1484 3920 habitationem
1513 3863 1542 3918 iu
1566 3863 1625 3919 tuis

271 3947 406 4018 aedibus,
431 3963 449 4006 a
472 3946 579 4020 quibus
603 3963 719 4006 omnem
743 3951 835 4008 arceri
858 3947 1009 4008 levitatem
1033 3955 1261 4017 consentaneum
1284 3955 1346 4020 est,
1371 3949 1540 4022 victumque
1563 3948 1625 4007 iru-

269 4035 375 4112 galem,
398 4032 547 4093 nobilibus
576 4032 716 4096 studiosis
740 4038 962 4098 convenientem
989 4027 1033 4118 (in
1056 4052 1116 4111 quo
1139 4034 1364 4108 commensales,
1396 4035 1447 4110 qui
1474 4033 1624 4096 literarum

270 4141 360 4184 causa
381 4127 551 4198 praesentes
575 4129 668 4196 erunt,
691 4139 748 4182 non
772 4132 909 4184 recusant
930 4121 982 4184 sed
1005 4125 1161 4199 expetunt)
1185 4122 1364 4200 suppedites.
1403 4123 1450 4182 rib
1472 4125 1538 4200 ipso
1555 4140 1624 4188 uero

273 4209 425 4272 Generoso
449 4216 570 4288 perante
593 4210 717 4286 pretium
738 4211 852 4287 justum
875 4221 905 4271 et
927 4213 1085 4284 usitatum,
1108 4227 1163 4271 nec
1185 4213 1263 4270 enim
1285 4213 1314 4270 in
1338 4212 1484 4288 praesenti
1508 4211 1625 4270 iortnna

267 4299 430 4375 iactantius
459 4293 572 4373 aliquid
595 4295 681 4371 dicit,
712 4303 835 4378 tempori
864 4305 961 4359 tamen
986 4305 1015 4358 et
1037 4300 1115 4358 bona
1137 4297 1194 4358 tide
1219 4297 1444 4360 numerandum·
1461 4304 1622 4374 exspectes.

272 4385 459 4462 Quamquam
483 4401 552 4444 vero
575 4400 635 4443 non
659 4383 787 4460 dubitat,
818 4393 847 4448 te
869 4393 1021 4464 spectatae
1046 4387 1160 4446 virtutis
1191 4388 1284 4446 virum
1307 4386 1394 4448 facile
1416 4399 1625 4446 consensurum

270 4473 506 4548 laetaturumque
530 4470 566 4532 de
589 4471 712 4532 matoria
734 4473 789 4531 tibi
812 4473 914 4534 oblate
936 4475 1010 4534 bene
1034 4473 1070 4536 da
1093 4475 1188 4552 putria
1218 4473 1361 4545 merendi,
1392 4471 1461 4532 dum
1485 4476 1515 4532 in
1539 4490 1625 4534 exor-

270 4559 374 4620 nandis
398 4558 463 4636 ejus
478 4559 655 4636 praecipuae
670 4559 833 4620 nobilitatis
852 4562 1014 4637 juvenibus
1030 4578 1149 4638 operam
1165 4563 1302 4637 erogaris,
1326 4559 1423 4620 voluit
1437 4569 1533 4622 tamen
1550 4561 1625 4620 hauc

272 4647 435 4708 voluntatis
458 4663 531 4706 suae
554 4645 798 4722 significationem
822 4665 874 4726 per
896 4665 942 4707 me
965 4651 1122 4726 praemitti,
1146 4657 1176 4710 ct
1199 4655 1232 4706 nt
1253 4647 1321 4708 tiliis
1342 4651 1423 4722 suis,
1447 4655 1514 4728 post
1535 4665 1623 4708 unum

271 4751 400 4796 mensem
431 4735 614 4810 sequuturis,
645 4743 780 4813 paratum
799 4737 841 4802 sit
871 4735 1049 4812 hospitium,
1082 4745 1112 4797 et
1133 4744 1166 4796 ut
1188 4734 1279 4796 literis
1310 4738 1466 4796 occasione
1494 4737 1625 4813 proxima

271 4823 419 4904 rescriptis
447 4828 531 4884 tuum
553 4822 643 4884 etiam
667 4839 841 4888 consensum
865 4839 954 4902 qnam
976 4825 1144 4890 maturrime
1173 4824 1289 4892 testeris
1314 4824 1491 4902 animosque
1518 4821 1644 4903 pareu-¹
