3516 5540
438 453 618 512 Summtrinm
634 449 772 510 Historiae
788 449 977 510 Asbenomiae
995 449 1088 508 menie
1106 449 1180 508 XVI.
1420 451 1483 530 633

123 642 254 722 epieycli,
278 649 312 703 et
336 647 491 702 transeunt
513 642 542 698 lu
565 639 776 714 consequentia
798 617 1048 709 restituuntnrqn'e
1071 634 1126 694 sub
1149 635 1214 694 lixis
1237 639 1321 699 annis
1344 641 1403 724 δὲ,
1424 647 1483 704 ml.
1559 665 1563 680 ι
1602 629 1609 642 “

123 737 198 792 nime
224 731 302 812 ¹⁸32·
351 731 427 790 Cum
449 747 526 788 anno
548 729 605 788 hoc
624 732 705 786 1607
731 725 845 785 Lanam
867 721 949 782 videt
964 737 1136 799 apogaeum,
1161 727 1276 797 quoties
1299 729 1329 785 in
1353 730 1483 792 Leonem

125 823 212 891 veuit,
236 837 318 880 anno
345 825 428 878 1608
447 833 617 894 spondeam,
642 813 758 890 quoties
780 814 809 869 in
826 809 984 884 Virginem,
1008 827 1065 867 non
1090 811 1243 870 dicendum
1268 825 1320 887 est,
1344 821 1483 881 transisse

127 909 238 968 Lunam
262 927 282 966 a
306 907 409 967 Leone
432 909 460 964 in
483 890 644 980 Virglnem.
673 898 823 960 Resolrat
846 896 1054 974 ephemerides,
1080 897 1190 957 ridebit
1205 917 1317 960 rursum
1337 906 1365 963 in
1385 907 1482 968 Leone

127 997 185 1056 lieri
208 1013 387 1073 spogaeam.
432 994 549 1053 Novum
572 992 723 1050 Praetorio
746 987 855 1048 dixisse
878 985 989 1060 videor,
1012 988 1164 1062 quianon
1187 991 1299 1048 invenlt
1323 993 1351 1050 in
1374 993 1483 1055 Prnte-

129 1087 201 1145 uicis
223 1083 344 1144 titulum
368 1081 405 1142 de
427 1090 507 1141 motu
531 1079 658 1158 apogaei
680 1077 791 1137 ianuae.

230 1185 275 1239 Ad
286 1203 316 1241 ιι.
333 1185 397 1238 Pra
405 1182 519 1238 etorin
528 1197 555 1236 s:
571 1177 759 1235 Astronomlac
771 1183 897 1230 auctores
908 1181 1048 1245 putarunt,
1061 1191 1185 1232 verorum
1197 1187 1317 1235 motuum
1331 1180 1483 1251 apprehen·

128 1273 230 1327 sionem
244 1271 305 1326 lieri
317 1287 372 1328 non
384 1285 466 1339 posse
478 1269 529 1324 nisi
542 1269 640 1324 eilictis
652 1267 747 1323 madiis
760 1265 879 1321 motibus
892 1265 933 1333 (hi
946 1264 1017 1318 enim
1030 1265 1181 1335 imaginarii
1194 1271 1280 1336 sunt);
1294 1269 1389 1324 mirum
1401 1267 1485 1337 igitur

130 1353 250 1420 ridetur,
275 1351 298 1405 si
317 1348 373 1404 reri
398 1357 487 1404 motus
509 1363 559 1419 per
577 1363 654 1403 veros
673 1349 780 1417 (ignote
803 1361 852 1415 per
875 1344 981 1413 ignota)
1004 1345 1104 1414 inquiri
1128 1345 1234 1401 debent.
1278 1345 1483 1421 Kepleruss

131 1437 238 1496 Mirum
263 1441 293 1494 et
314 1435 372 1494 hoc
395 1441 458 1494 arat
479 1434 517 1493 ab
539 1435 624 1492 initio
647 1439 677 1492 at
699 1431 786 1491 valde
810 1429 967 1490 absurdum
991 1429 1132 1490 Praetorii
1162 1431 1305 1491 similibus
1329 1433 1487 1493 oblocuto-¹

131 1527 227 1597 ribus,
259 1523 297 1583 sd
320 1525 474 1582 veritatem
504 1521 650 1598 perveniri
671 1537 730 1578 non
753 1535 841 1596 posse
863 1517 920 1578 nisi
940 1535 993 1596 per
1015 1516 1215 1592 mendacium,
1245 1519 1282 1578 ad
1306 1539 1364 1580 rem
1389 1525 1484 1597 ipsam

131 1631 183 1689 per
203 1611 426 1688 imaginationis
447 1611 601 1669 somnium.
639 1607 739 1670 Minus
754 1608 858 1666 mlrnm
882 1613 935 1678 est,
959 1607 1120 1666 amotlbus
1143 1609 1376 1682 imaginariisad
1392 1625 1484 1685 prope

130 1716 227 1773 veros,
251 1717 270 1759 e
292 1713 383 1775 prope
405 1700 484 1756 rerls
508 1696 545 1756 ad
567 1697 746 1766 rarissimos,
771 1714 788 1753 ιι
809 1696 888 1754 notis
911 1692 949 1752 ad
971 1696 1118 1770 ignotiora
1139 1697 1233 1770 mugla
1249 1699 1401 1773 magisque
1416 1713 1486 1773 per·

129 1791 232 1847 veniri.
280 1786 348 1845 hlts
370 1788 446 1846 enim
470 1793 514 1845 est
536 1782 691 1844 methodus
714 1789 832 1842 nostrae
854 1783 959 1842 mentis
982 1779 1020 1841 ed
1043 1783 1254 1857 cognitionem,
1280 1783 1485 1845 alienatores

130 1876 165 1934 ad
190 1873 387 1935 ethelendam.
433 1872 465 1932 Si
487 1871 556 1933 talis
578 1879 725 1931 statuetur
746 1869 928 1948 hypothesis,
952 1886 987 1929 ex
1010 1887 1070 1945 qna
1091 1872 1148 1946 ipsi
1167 1877 1289 1931 naturae
1311 1875 1405 1949 possit
1428 1872 1485 1932 hoc

129 1963 232 2038 objici,
267 1965 385 2022 omnino
415 1959 598 2020 validissima
621 1959 719 2019 lutura
741 1967 786 2018 est
808 1959 951 2033 objectio,
980 1975 1105 2032 quacum
1134 1975 1190 2036 ego
1214 1975 1278 2019 sum
1300 1958 1430 2022 luctatus
1453 1962 1484 2019 in

130 2049 356 2111 Commentariis
379 2048 416 2109 de
438 2049 542 2108 Marte.
565 2045 709 2108 —Satis
733 2045 769 2107 de
792 2045 916 2121 ollJ‘eetis
939 2043 1090 2105 Praetorii.

232 2151 324 2220 Supra
342 2149 471 2214 diximus,
489 2148 659 2203 Praetorium
678 2144 775 2202 similia
793 2143 827 2200 de
846 2145 983 2212 Tychonis
1001 2145 1147 2215 hypothesi
1166 2145 1253 2200 lunari
1272 2145 1413 2203 Heruarto
1431 2153 1486 2203 tra·

127 2237 228 2293 didisse
241 2243 271 2291 et
282 2235 453 2291 Heruartnm
466 2253 483 2291 a
494 2235 614 2304 lieplero
627 2235 747 2304 petiisse,
764 2239 795 2288 nt
804 2232 937 2300 judicium
951 2247 1029 2287 sunm
1048 2232 1082 2287 de
1094 2233 1146 2288 hac
1158 2249 1189 2288 re
1201 2233 1251 2288 sibl
1265 2235 1485 2294 communicaret.-

126 2327 176 2382 Die
196 2327 221 2382 6.
240 2324 335 2380 Martii
356 2327 425 2381 scor
442 2325 601 2380 Herusrtus
625 2321 761 2392 prioribus
784 2321 872 2377 literis
890 2322 928 2389 (r.
950 2335 972 2378 s.
991 2336 1018 2390 p.
1038 2319 1103 2396 628)
1122 2319 1190 2375 haec
1214 2320 1304 2376 addit:
1330 2322 1384 2376 Die
1403 2337 1485 2391 quee-

129 2414 232 2468 stiones
252 2427 338 2481 super
355 2411 523 2480 hypothesin
541 2409 636 2465 Lunae
655 2409 793 2479 Tychonis
812 2409 930 2464 habich
949 2408 988 2462 nit
1008 2409 1081 2464 selba
1098 2409 1209 2478 mosirt3
1235 2423 1264 2463 es
1283 2409 1331 2464 hat
1348 2411 1401 2465 mir
1418 2410 1485 2467 aber

130 2499 176 2554 der
194 2503 288 2554 Antor
304 2499 411 2569 begerr,
430 2497 478 2552 dns
497 2497 542 2552 ich
560 2497 630 2554 solta
649 2497 701 2552 den
714 2497 821 2552 Numen
840 2495 1030 2564 suspendiren.
1060 2494 1134 2552 Weil
1153 2511 1183 2551 er
1200 2497 1265 2552 eber
1277 2499 1412 2552 nnnmehr
1424 2499 1486 2555 dem

129 2587 204 2640 idern
221 2588 330 2642 bennst
349 2587 448 2653 (literae
466 2585 570 2652 lieplsrl
587 2589 650 2637 haee
669 2589 803 2636 relerentes
823 2585 931 2654 desunt),
950 2583 1045 2639 schiah
1064 2585 1107 2640 ich
1126 2583 1184 2643 Ima
1202 2585 1237 2639 im
1250 2585 1410 2652 Vertranen¹
1430 2603 1486 2643 uas

128 2675 177 2728 mir
202 2671 366 2742 derouegen
390 2672 505 2728 ulterius
528 2671 656 2728 instando
682 2672 857 2738 znhommen‚
883 2671 936 2728 bitt
954 2672 1031 2740 aber,
1057 2672 1107 2727 der
1124 2654 1195 2726 Herr
1212 2670 1291 2726 uelle
1310 2673 1368 2727 sich
1387 2673 1486 2729 dassen

127 2761 293 2815 anderuerts
319 2760 360 2814 nit
384 2759 549 2814 rernehmen
572 2758 678 2828 lassen¹
704 2759 759 2814 rnd
784 2760 835 2816 mir
861 2758 936 2814 disse
954 2759 1057 2829 Beylsg
1081 2759 1181 2814 wieder
1204 2759 1367 2814 zukommen
1385 2759 1487 2817 lassen.

127 2847 346 2916 Remonnouem
367 2846 403 2902 ad
421 2846 588 2916 posteriores
607 2848 657 2901 hes
681 2846 897 2912 „dubitationes⁸
917 2846 1054 2915 Keplerus
1077 2861 1138 2900 cum
1158 2845 1290 2901 Praetorii
1310 2847 1398 2901 verbis
1417 2847 1485 2901 Her-

128 2942 210 2990 rrarto
227 2933 341 3001 remisit,
361 2933 409 3002 qni
428 2932 472 2986 die
490 2933 534 2988 10.
553 2933 613 2988 Oct.
636 2934 702 2990 1607
720 2932 878 3001 respondit:
904 2933 952 2988 des
971 2933 1046 2989 Hern
1065 2933 1258 3002 responsiones
1277 2933 1337 2988 suff
1352 2934 1486 2992 Praetorii

128 3021 208 3076 dubia
225 3027 255 3076 et
271 3021 431 3089 marginalia
454 3021 544 3076 haben
568 3021 620 3075 mir
644 3037 694 3094 gar
710 3027 776 3090 gnte
793 3019 962 3076 satirhction
987 3021 1084 3090 geben.
1120 3019 1205 3076 Wtre
1223 3019 1272 3076 dor
1288 3020 1373 3076 hithe
1390 3021 1485 3094 uerth,

127 3125 205 3166 seon
223 3107 274 3163 der
290 3107 385 3163 Inhalt
402 3105 531 3176 publicirt
548 3107 650 3178 werde..

233 3195 379 3266 Inscripsit
401 3211 515 3249 examen
538 3206 619 3250 snum
643 3193 757 3250 alterum
774 3193 948 3250 Praetorius:
974 3194 1166 3251 Duninnones
1189 3193 1323 3265 quaedem
1342 3195 1376 3252 de
1392 3197 1485 3270 Hypo·

128 3285 200 3341 thesi
218 3283 325 3340 Lnnari
342 3283 482 3354 Tychonis
500 3283 599 3339 Brahc.
1228 3325 1234 3342 .

231 3371 255 3425 1.
275 3369 394 3440 Tempus
413 3386 549 3440 apparens
568 3369 634 3426 dicit
652 3371 784 3440 (Braneus)
812 3369 891 3426 aliter
913 3371 942 3424 in
968 3369 1083 3440 aequale
1106 3371 1318 3428 convertendum
1341 3389 1392 3444 pro
1411 3381 1487 3432 motu

128 3461 213 3529 Solis,
237 3457 320 3514 aliter
341 3474 392 3528 pro
410 3465 487 3513 motu
504 3459 600 3513 Lunae
624 3457 795 3515 calculando.
831 3459 869 3514 Ut
885 3457 913 3512 ic
933 3458 1059 3527 exemplo
1084 3459 1118 3514 ab
1140 3459 1346 3530 ipsoaddncto
1373 3461 1487 3532 sequela

127 3555 236 3616 tempus
255 3561 306 3615 pro
324 3549 402 3600 motu
419 3545 514 3599 Lunae
534 3545 576 3599 Μ’
593 3544 646 3600 86”
664 3545 801 3613 posterius
820 3552 863 3600 est
882 3559 927 3614 eo,
953 3546 1027 3614 quod
1045 3562 1095 3615 pro
1115 3547 1178 3601 Sole
1197 3555 1343 3616 aequatum
1363 3556 1411 3607 est.
1449 3549 1487 3605 Et

130 3635 203 3702 dicit,
221 3633 317 3688 multis
336 3647 367 3688 se
384 3631 619 3687 obseruationibus
638 3633 677 3685 ita
695 3633 821 3688 edoctum
840 3649 908 3701 ease,
929 3639 960 3688 nt
977 3635 1017 3688 ita
1035 3641 1177 3690 statueret.
1192 3637 1244 3704 (l.)
1272 3637 1426 3693 Admodum
1439 3639 1486 3695 ab·

128 3722 242 3777 surdum
262 3721 315 3775 hoc
334 3735 395 3774 esse
413 3718 520 3773 ridetur
538 3719 598 3790 (2.),
624 3735 672 3774 cnr
690 3736 744 3774 non
763 3719 944 3774 astronomico
963 3719 1082 3776 remedio
1101 3723 1243 3778 anomsliis
1262 3725 1413 3780 succurrit?
1431 3727 1485 3796 (3.)

130 3811 184 3865 Cur
202 3809 256 3863 hoc
275 3815 330 3862 ιιιιιι
349 3805 546 3861 obsurdissimo
563 3808 673 3862 inuento
692 3808 749 3862 sire
768 3808 837 3864 coeli
856 3809 911 3862 sire
930 3807 1041 3864 aliunde
1060 3813 1135 3864 ortos
1148 3825 1252 3866 errores
1266 3824 1362 3868 sanare
1376 3813 1487 3870 studet?

129 3901 180 3966 (t.)
216 3897 311 3964 Adde,
338 3895 412 3965 qnod
429 3911 480 3965 per
497 3911 589 3950 rerum
614 3903 716 3951 motum
736 3895 807 3951 Solis
826 3911 860 3950 ex
884 3896 998 3950 dirersis
1021 3895 1122 3952 tabulis
1148 3897 1282 3966 ejusmodi
1308 3900 1486 3970 aequatioues

128 3985 267 4042 desumsit.
297 3985 384 4040 Nemo
399 3984 496 4052 opinor
507 3984 559 4037 hoc
571 3984 708 4054 probabit,
727 3983 778 4039 nisi
792 3983 838 4053 qni
856 3985 969 4052 nesciet,
992 3983 1058 4053 quid
1071 3984 1107 4040 sit
1120 3984 1223 4040 dierum
1237 3989 1362 4057 aequatio
1375 3994 1402 4043 et
1413 3989 1487 4043 unde

130 4081 215 4130 ortm
233 4073 344 4129 hebeat.
366 4074 415 4137 (b.)
1509 4059 1511 4070 ’

228 4160 264 4216 Π.
284 4161 417 4218 Centrum
443 4157 586 4214 mendici
609 4159 687 4229 ponit
711 4155 811 4212 mobile
834 4156 863 4212 in
881 4157 984 4214 ambitu
1010 4159 1124 4228 circelli,
1150 4177 1200 4233 per
1226 4167 1348 4219 centrum
1366 4163 1485 4220 nnlrersl

129 4257 206 4306 mute
223 4265 259 4304 ea
275 4248 347 4316 lege,
366 4253 398 4302 ut
414 4247 442 4300 in
461 4247 585 4301 omnibus
604 4248 674 4302 varis
693 4249 730 4305 o(
748 4253 777 4302 et
792 4258 828 4308 00
844 4245 911 4302 illud
929 4248 1083 4316 reperiatur
1101 4249 1129 4302 in
1142 4251 1165 4304 Α
1178 4256 1230 4315 (ng.
1244 4257 1288 4322 9.),
1307 4249 1370 4306 inde
1382 4252 1486 4306 morari

129 4335 363 4392 inmoeeedemis
382 4331 485 4404 duplici
511 4333 639 4390 distantia
656 4335 765 4404 Lnnse,
789 4351 839 4405 per
858 4335 1032 4405 eployellcam
1056 4338 1316 4406 prosthaphaercsin
1338 4345 1485 4410 correctas,

128 4441 216 4482 arero
233 4426 299 4481 loco
319 4422 403 4480 Solis.
440 4422 501 4477 Hoc
523 4421 658 4491 quomodo
677 4423 735 4480 lieri
754 4425 849 4493 possit,
869 4421 1048 4480 dubitandum
1067 4425 1243 4493 relinquitur,
1262 4441 1316 4496 qua
1333 4443 1360 4482 ιι.
1379 4425 1485 4482 ratione

127 4521 244 4571 centrum
269 4509 420 4568 mentrici
439 4511 468 4564 in
487 4508 600 4564 eundem
625 4512 707 4565 situm
731 4509 833 4566 circelli
851 4511 957 4566 restitui
976 4519 1082 4582 potest,
1107 4513 1131 4568 si
1149 4530 1203 4568 non
1222 4529 1345 4568 verorum
1364 4512 1493 4571 locornm'

11 4575 13 4662 i
125 4602 222 4674 duplex
242 4600 383 4659 distamis
402 4598 546 4654 sumetur?
565 4598 610 4667 (6.)
646 4598 773 4668 Exempli
792 4599 894 4669 gretia:
920 4605 1013 4668 potest
1032 4600 1078 4656 Sol
1097 4615 1160 4657 vero
1178 4608 1254 4655 motu
1273 4615 1334 4656 esse
1351 4600 1379 4655 in
1398 4601 1484 4674 1⁰V,

120 4692 211 4750 Lunae
230 4689 315 4748 locus
335 4705 390 4760 per
408 4685 569 4758 eplcylieam
586 4685 848 4754 prosthaphaeresin
867 4687 1026 4743 emendatus
1045 4692 1138 4757 potest
1156 4703 1216 4742 esse
1232 4687 1261 4741 in
1281 4687 1310 4742 1ο
1321 4689 1357 4745 st
1369 4690 1414 4757 ll.)
1432 4689 1485 4747 Hic
1588 4725 1592 4736 «

117 4799 177 4838 rere
195 4783 299 4839 Lunae
317 4779 402 4833 locus
419 4775 541 4830 noudum
560 4788 639 4828 verns
658 4781 709 4836 est,
728 4773 806 4828 deest
823 4790 849 4829 n.
869 4775 1052 4830 eccentritatis
1071 4773 1326 4844 prosthspheeresis
1345 4775 1393 4846 (8l3
1419 4776 1485 4834 item

116 4871 288 4928 desideratur
312 4866 367 4921 illa
391 4861 543 4932 particula,
567 4879 638 4933 qnae
655 4879 691 4918 ex
709 4863 853 4920 libratione
877 4865 962 4921 centri
986 4865 1066 4934 primi
1091 4863 1206 4933 epicycli
1230 4865 1257 4919 iu
1281 4867 1357 4936 parri
1383 4866 1485 4924 circelll

112 4959 244 5022 meno
270 4953 370 5020 evenit
389 4951 457 5026 (9.);
483 4950 550 5008 item
572 4951 786 5016 accommodatio
803 4952 857 5014 loci
874 4951 970 5018 Lunae
988 4951 1023 5014 ed
1040 4950 1195 5024 sednon,
1219 4959 1333 5025 propter
1355 4955 1486 5027 exignum

11 5053 13 5104 y
1218 5060 1221 5066 .
