3588 5540
270 407 336 484 nnn
780 413 1115 490 vrnronmueprert

270 589 387 654 cordiae
410 593 520 670 (sicubi
542 593 700 656 diversitas
722 592 778 675 est)
800 594 889 674 idque
911 598 941 658 in
964 613 1024 658 uno
1046 597 1170 660 articulo
1193 596 1230 660 de
1244 615 1370 677 persona
1383 598 1500 660 constr.
1537 598 1616 675 Soio,

271 681 350 758 quod
373 681 533 743 adversarii
557 687 647 744 vestrl
671 691 773 744 contra
795 688 982 762 peccaverint
1004 687 1033 745 in
1057 686 1242 762 charitatem,
1272 687 1324 747 aed
1345 687 1376 746 ld
1397 687 1471 747 nihii
1493 686 1530 747 ad
1553 703 1617 764 maq

270 771 333 828 selo
356 771 600 832 benefaciendum
622 773 767 846 hostibus,
791 773 933 834 amandos
957 774 1104 848 odientes,
1133 774 1163 834 id
1187 783 1232 835 est
1256 775 1464 836 examinandas
1487 778 1617 852 ipsorum

270 857 401 932 phrases,
424 862 556 936 seposito
582 859 646 936 jam
668 869 802 937 respectu
833 860 934 923 laesae
963 863 1002 922 ab
1032 864 1104 940 ipsis
1134 861 1294 923 charitatis.
1340 862 1372 922 st
1402 880 1456 922 vos
1486 863 1617 940 theologi

271 943 319 1006 hio
341 963 388 1006 me
411 964 469 1006 non
493 952 616 1024 potestis
639 949 746 1008 imitari
769 947 893 1024 laicum,
917 950 967 1010 hic
986 967 1043 1027 ego
1066 957 1195 1011 vestrum
1218 951 1345 1011 osticium
1367 951 1459 1028 rigide
1482 967 1540 1010 non
1563 967 1618 1010 ex·-

203 1043 207 1052 '
271 1035 388 1105 cutiam,
413 1043 443 1094 et
465 1037 490 1094 si
513 1035 584 1112 quid
608 1054 737 1112 unquam
760 1039 874 1097 curiose
897 1037 966 1112 dixi,
989 1045 1110 1116 paratus
1132 1054 1196 1098 snm
1218 1037 1336 1098 tandem
1350 1048 1419 1116 post
1440 1039 1547 1098 iactam
1559 1037 1619 1098 ad·

270 1123 461 1182 monitionem
484 1127 617 1184 omittere
639 1125 816 1201 silentioque
840 1126 1006 1187 involvere:
1035 1135 1147 1185 tantum
1178 1143 1215 1186 ne
1238 1134 1268 1186 et
1289 1126 1419 1202 theologi
1441 1143 1487 1186 me
1510 1125 1618 1186 laicum
1723 1171 1725 1177 .

271 1209 485 1286 impedientia
508 1211 655 1288 diligendo
680 1231 725 1286 ee,
749 1213 799 1288 qui
823 1220 855 1272 ut
878 1214 942 1290 ejus
956 1223 1125 1275 antecessor
1140 1222 1233 1274 totum
1248 1221 1363 1274 costum
1379 1214 1511 1286 laeserat,
1536 1215 1619 1290 ejus·

272 1314 329 1372 que
352 1297 509 1374 phrasibus
525 1299 694 1376 Scripturas
716 1317 774 1359 non
797 1299 939 1374 adversis,
963 1303 1132 1378 antiquitati
1155 1319 1225 1362 vero
1241 1303 1437 1362 conformibus
1460 1301 1618 1376 imitandis,

272 1383 361 1462 idque
383 1401 442 1444 nou
464 1391 534 1462 qula
556 1389 619 1464 ipsa
641 1387 699 1446 illie
722 1390 821 1460 utitur,
844 1388 896 1448 sed
920 1391 991 1466 quia
1012 1391 1172 1466 antiquitas
1195 1389 1253 1449 iilis
1275 1395 1320 1452 eat
1341 1405 1404 1453 usa.

272 1469 275 1488 '
376 1473 545 1534 Formuiam
561 1475 743 1536 Concordiae
766 1493 817 1534 cur
840 1485 969 1538 vestram
991 1477 1039 1537 vel
1054 1485 1135 1537 tuam
1150 1477 1369 1554 appellaverim,
1393 1492 1479 1554 spero
1494 1479 1621 1536 eireum·

273 1560 420 1621 stantibus
450 1563 547 1622 verbis
575 1565 647 1622 satis
678 1563 739 1623 lora
767 1563 961 1624 deciaratum:
992 1565 1115 1626 obsecro
1144 1582 1181 1625 ne
1211 1564 1268 1625 hoc
1295 1565 1366 1624 mihi
1395 1581 1448 1642 pro
1470 1579 1619 1624 sarcasmo

272 1649 439 1724 imputetur,
463 1650 542 1726 quod
565 1661 644 1712 certe
665 1668 724 1710 nou
746 1651 810 1712 init.
854 1653 1004 1713 Interdum
1027 1651 1124 1714 studio
1149 1653 1314 1725 brevitatis,
1337 1660 1469 1712 currente
1492 1651 1618 1726 calamo,

271 1734 418 1812 loquimur
440 1739 536 1797 minus
558 1741 676 1800 usitate.
723 1739 799 1800 iimo
821 1739 979 1800 libmm·iu
994 1749 1145 1818 quantum,
1169 1740 1248 1817 qnod
1263 1741 1375 1815 scnhie,
1398 1739 1620 1826 tundamentum

272 1823 407 1884 coelestis
431 1827 563 1886 veritatis
586 1844 621 1886 ex
645 1829 797 1905 seripturis
818 1831 929 1888 sanctia
950 1827 1208 1888 fundamentaliter
1230 1835 1348 1900 tractat,
1371 1836 1402 1888 et
1423 1830 1453 1886 iu
1476 1833 1618 1905 quantum

272 1911 344 1971 mihi
375 1929 434 1972 nou
465 1914 564 1974 obstat
590 1931 644 1992 pro
672 1915 810 1975 iratribus
840 1920 1011 1992 agnosoenti
1038 1917 1120 1990 iilos,
1154 1917 1204 1991 qui
1234 1918 1263 1974 in
1286 1915 1408 1975 articulo
1437 1915 1620 1992 depersoner

272 1997 381 2059 Christi
404 2017 469 2060 eum
493 2003 670 2078 antiquitate
692 2003 775 2080 ioqui
797 2004 930 2078 mainnt3
959 2022 1015 2065 neo
1036 2021 1083 2066 me
1106 2002 1229 2080 pudebit
1250 2004 1484 2081 subscriptionis,
1514 2005 1539 2062 si
1562 2018 1619 2062 voa

271 2103 374 2148 vocem
397 2091 483 2148 istam
505 2093 716 2168 inquantum
743 2107 801 2150 uon
831 2093 989 2169 reiiceretis
1013 2110 1031 2151 a
1053 2091 1267 2168 subscriptione
1295 2099 1433 2168 tanquam
1464 2089 1621 2150 subdolam

272 2182 302 2236 et
325 2175 496 2236 illusoriam.
543 2177 628 2238 Certe
656 2178 713 2238 hao
735 2177 852 2239 cantela
881 2179 1110 2241 dissolverentur
1140 2178 1347 2256 compendiose
1370 2180 1468 2239 omnia
1489 2195 1557 2238 mea
1579 2177 1620 2239 tio

272 2261 371 2326 dubia.
416 2264 547 2342 imputat
569 2266 639 2326 mihi
655 2265 690 2325 li.
706 2265 885 2343 Dign.‘l¹ua,
910 2267 989 2344 quod
1012 2267 1050 2328 ad
1073 2266 1152 2326 illam
1176 2285 1241 2326 eum
1264 2266 1415 2328 stomacho
1437 2269 1620 2344 scripserim:

271 2367 360 2428 aegro
388 2369 459 2413 sane
490 2355 592 2430 scripsi
623 2355 736 2427 animo,
769 2361 800 2414 at
829 2371 888 2414 nou
919 2355 985 2416 ideo
1008 2353 1220 2427 stomachanti,
1252 2355 1414 2416 differentia
1436 2361 1491 2417 est.
1536 2353 1621 2429 Rogo

272 2445 370 2498 autem
394 2439 430 2502 R.
454 2439 491 2500 D.
516 2440 550 2500 Τ.
574 2441 645 2501 mihi
669 2444 812 2517 ignoscat,
837 2443 917 2519 quod
939 2459 998 2502 uon
1021 2445 1063 2504 ita
1085 2459 1149 2502 sum
1172 2442 1340 2503 moderatus
1362 2442 1468 2516 verba,
1493 2448 1525 2501 ut
1546 2442 1622 2502 iaci-

271 2525 329 2586 lius
359 2534 438 2587 esset
466 2530 541 2588 inter
569 2527 643 2588 iliud
671 2537 700 2590 at
727 2529 784 2590 hoe
813 2530 1001 2608 distinguere.
1046 2531 1161 2592 lixcuso
1184 2547 1231 2591 mo
1254 2531 1342 2590 etiam
1371 2529 1544 2602 solenniter,
1575 2545 1623 2590 me

273 2611 421 2688 theologis
450 2631 509 2674 non
540 2617 715 2693 exprobrare
734 2619 941 2694 juventutem,
967 2637 1033 2680 eum
1055 2618 1264 2696 protessionem
1287 2619 1414 2678 iaciuntr
1446 2633 1503 2677 noa
1533 2613 1563 2675 id
1586 2633 1622 2676 eo

272 2705 416 2778 pertinet,
447 2711 478 2763 at
500 2712 532 2763 ut
555 2706 629 2765 ratio
652 2713 766 2766 constet
789 2723 873 2768 meae
900 2707 1109 2780 recusationis,
1141 2713 1170 2765 et
1198 2715 1230 2766 ut
1253 2706 1287 2765 ii.
1310 2705 1400 2782 Dign.
1422 2703 1505 2764 Tuae
1529 2705 1623 2766 obiter

273 2789 440 2865 injiceretur
464 2789 538 2852 haec
560 2792 764 2869 consideratio,
788 2811 857 2854 num
879 2794 953 2856 torte
975 2795 1031 2855 hoc
1054 2793 1092 2854 ad
1115 2809 1175 2853 rem
1197 2794 1295 2868 iaciat,
1320 2793 1398 2870 quod
1418 2791 1543 2869 juvenes
1560 2795 1623 2853 sina

273 2876 327 2936 tali
350 2878 477 2940 cantelar
487 2880 684 2944 subscribunt.

377 2963 408 3024 Si
441 2965 520 3026 dolet
551 2970 721 3028 vaticinium
753 2969 913 3030 infaustum
943 2968 979 3029 de
1005 2969 1138 3030 eeclesiis
1170 2966 1345 3029 Germaniae
1373 2967 1496 3045 legenti,
1528 2967 1624 3029 doluit

273 3057 351 3112 certe
374 3052 497 3112 etmihi
520 3056 672 3115 scribenti:
703 3055 755 3116 sed
782 3057 928 3118 acerbitas
951 3059 1087 3133 utrinque
1109 3057 1286 3131 litigantium
1315 3063 1398 3116 tanta
1422 3062 1480 3129 est,
1509 3063 1542 3114 ut
1565 3073 1624 3115 non

275 3142 371 3214 possit
398 3157 457 3200 non
486 3159 550 3202 essa
578 3142 644 3203 loco
675 3144 745 3204 mali
774 3146 889 3204 ominis.
936 3144 973 3204 Et
995 3147 1061 3220 quis
1093 3146 1290 3204 tristissimum
1322 3143 1403 3202 illum
1433 3151 1571 3203 eventum
1593 3147 1623 3202 in

273 3225 384 3288 ditione
406 3228 609 3306 Neohurgensi
639 3229 713 3291 adeo
737 3234 845 3308 iniquis
868 3231 961 3292 oculis
985 3233 1128 3304 intuetur,
1160 3239 1193 3290 ut
1214 3249 1272 3290 non
1297 3230 1409 3305 videat,
1438 3233 1527 3290 etiam
1550 3229 1622 3291 aiibi

274 3330 339 3374 essa
362 3313 496 3376 homines
526 3334 583 3376 non
614 3321 710 3379 minus
740 3337 829 3396 quam
851 3321 881 3378 in
904 3319 1017 3381 familia
1039 3319 1191 3392 Palatina,
1222 3327 1252 3380 et
1272 3318 1428 3396 plurimum
1451 3318 1623 3379 naturaliter

272 3401 310 3460 ab
333 3418 392 3461 uno
415 3402 533 3464 homine
555 3405 697 3481 pendere,
721 3414 750 3466 et
773 3407 869 3468 Deum
892 3407 1017 3468 eundem
1040 3425 1105 3467 esse
1128 3409 1157 3465 in
1181 3405 1340 3468 Germania
1362 3408 1568 3467 conniventem
1592 3415 1623 3467 at

271 3491 486 3564 permittentem
510 3499 542 3551 ut
566 3492 636 3568 vult,
661 3497 711 3570 qui
734 3494 797 3566 luit,
821 3497 953 3555 connixit
974 3503 1004 3555 ei
1025 3497 1157 3571 pennisit
1185 3497 1213 3553 in
1238 3495 1416 3554 Palatinam.
1461 3493 1523 3554 Neo
1545 3492 1622 3554 adeo

271 3575 349 3636 male
372 3595 437 3636 sum
460 3581 615 3653 ominatur,
639 3581 691 3642 sed
714 3583 743 3640 ni
766 3582 867 3658 lalior,
899 3584 1008 3643 bonurn
1038 3589 1190 3654 eventum,
1219 3585 1270 3659 qni
1295 3583 1349 3642 Dei
1374 3588 1521 3654 mosset,
1552 3581 1621 3642 inde

271 3663 448 3740 sperandum
470 3665 544 3726 dixi:
569 3675 603 3728 ut
624 3676 739 3729 cessent
760 3669 836 3730 lites.
883 3670 917 3730 ln
940 3669 1040 3748 styria
1066 3677 1143 3731 nerto
1166 3686 1251 3729 omne
1274 3669 1344 3729 mali
1366 3670 1481 3728 initium
1505 3677 1551 3728 eat
1572 3685 1624 3728 or-

276 3759 337 3812 tum
360 3770 396 3812 ex
419 3770 464 3825 eo,
487 3753 566 3831 qnod
590 3755 745 3817 Fischerus
767 3765 797 3818 et
820 3757 940 3834 Kelling
962 3759 1117 3834 exquisitis
1140 3758 1332 3818 acerbitatum
1355 3755 1465 3816 aculeis
1487 3759 1534 3816 usi
1555 3763 1625 3816 sant

272 3840 300 3897 in
324 3847 479 3917 suggestu3
504 3851 533 3902 et
555 3842 711 3904 Fischerus
735 3845 911 3921 quaudoque
933 3844 1055 3929 pallium
1078 3861 1163 3905 suum
1179 3844 1215 3904 de
1231 3852 1371 3922 suggestu
1394 3844 1550 3920 protendit,
1573 3861 1624 3905 ro·

272 3932 371 4003 gitans
394 3945 482 4004 quam
506 3929 562 3991 hoo
584 3929 689 3991 deosne
711 3932 814 4006 inerit,
846 3935 871 3991 si
894 3932 1030 3992 mulieres
1053 3933 1108 3993 sub
1132 3949 1217 3992 suum
1238 3941 1342 4010 repant
1363 3931 1502 4009 pallium,
1534 3939 1631 4012 atquq

271 4015 358 4090 longe
383 4015 540 4078 absurdius
563 4019 723 4080 monachos
745 4022 825 4098 pingi
848 4022 904 4081 sub
927 4019 1018 4098 pallio
1041 4013 1163 4080 Mariae.
1199 4021 1246 4080 Ita
1261 4023 1350 4080 etiam
1373 4037 1450 4080 nunc
1472 4026 1544 4096 puto
1567 4037 1622 4092 me,

274 4105 324 4179 qui
347 4104 496 4180 conjector
518 4106 608 4166 audio
632 4119 662 4166 et
684 4124 748 4167 asse
768 4109 893 4184 jubeor,
925 4107 1022 4168 oificio
1044 4109 1125 4184 iungi
1149 4109 1275 4184 optime,
1301 4110 1325 4167 si
1349 4106 1421 4168 talla
1443 4107 1522 4166 mala
1543 4109 1624 4168 vati·

272 4195 359 4264 einer,
382 4191 493 4252 talibus
515 4194 644 4254 moribus
667 4196 786 4268 oritura,
811 4213 888 4272 quae
911 4195 1073 4258 emendatis
1096 4197 1225 4255 moribus
1247 4198 1344 4255 caveri
1367 4203 1499 4273 possunt.
1537 4193 1625 4255 Hune

272 4296 369 4340 meum
393 4281 535 4357 optimum
559 4283 686 4342 animum
710 4285 735 4342 sl
758 4283 846 4344 lueris
869 4285 1000 4356 intuitus,
1024 4299 1195 4344 succensere
1218 4283 1288 4342 mihi
1312 4283 1427 4344 desines
1450 4283 1526 4342 maie
1549 4285 1626 4342 omi-

274 4369 366 4427 nanti.
413 4367 445 4428 Si
469 4367 579 4429 beilum
602 4371 631 4426 in
654 4368 759 4446 Belgio
782 4373 888 4447 potuit·
901 4373 968 4429 oriri
992 4373 1067 4430 inter
1089 4361 1220 4448 ejusdem
1236 4378 1334 4430 sectae
1356 4369 1490 4430 homines
1505 4373 1535 4428 in
1552 4370 1626 4430 duas

272 4454 395 4529 divisos,
419 4455 490 4532 quid
512 4473 571 4516 non
594 4459 700 4534 poterit
722 4457 793 4517 olim
815 4458 877 4518 lieri
900 4460 975 4519 inter
997 4457 1180 4518 Lutherauos
1202 4467 1232 4518 et
1254 4457 1448 4532 Calvinlstas,
1479 4459 1520 4530 si,
1545 4457 1625 4534 qued

273 4559 351 4603 nunc
372 4542 523 4618 aliquibus
545 4551 647 4604 nutare
670 4544 794 4620 videtur,
812 4547 932 4626 Jiomus
948 4545 1113 4619 Austrinos,
1137 4545 1263 4622 Papatui
1286 4547 1499 4622 impensissime
1515 4543 1626 4619 dedita,

272 4633 396 4707 sceptris
418 4629 558 4691 excidat?
595 4631 713 4692 lnterim
736 4641 831 4693 tecum
855 4649 911 4710 ego
935 4632 1081 4694 Christum
1104 4642 1285 4694 servatorem
1307 4635 1461 4710 precabor,
1485 4639 1518 4692 ut
1540 4632 1625 4693 enhi-

274 4715 343 4776 heat
365 4717 465 4777 hostes
488 4721 620 4779 veritatis
642 4735 722 4794 suae,
748 4721 884 4781 cohibeat
907 4728 936 4779 et
951 4738 997 4781 me
1014 4724 1118 4798 ipsum,
1142 4722 1167 4780 ai
1190 4724 1219 4781 in
1235 4723 1386 4781 veritatem
1410 4721 1474 4798 ejus
1495 4737 1625 4798 peccem,

273 4820 331 4863 uon
355 4811 468 4864 tantum
498 4823 535 4866 ne
558 4805 708 4884 publicum
730 4807 796 4868 dam
819 4805 1005 4881 scandalum,
1035 4808 1088 4868 sed
1117 4811 1206 4870 etiam
1236 4827 1273 4869 ue
1300 4808 1372 4869 mihi
1400 4809 1456 4886 ipsi
1485 4825 1624 4883 noceamq

275 4891 413 4953 oohihaat
435 4899 465 4952 et
485 4891 591 4970 aslum,
615 4895 666 4974 qui
688 4912 747 4957 non
770 4902 816 4958 est
837 4893 998 4957 secuudum
1020 4899 1172 4958 seientiam
1196 4898 1225 4956 iu
1240 4895 1310 4960 dicti
1324 4895 1455 4960 Fischeri
1469 4895 1626 4972 similibus,
