3624 5554
803 427 881 484 roeo.
921 360 924 368 Ι
1458 429 1523 503 075

151 597 192 660 li.
216 603 419 678 gravioribus
453 605 580 681 negotiis
604 605 642 666 ab
665 605 721 666 hac
742 604 821 665 iaciii
854 617 924 663 eura
946 610 1088 663 semotam
1111 605 1220 682 instigo
1243 621 1374 681 rursum,
1408 609 1524 688 siplae

157 689 232 765 iusto
255 689 371 751 ridear
394 707 461 751 esse
485 691 645 754 sollicitus:
669 696 707 752 sit
730 695 772 754 ita
795 709 875 766 sane,
900 689 1028 751 dumede
1052 699 1082 750 et
1103 690 1201 767 hujus·
1215 693 1358 770 epistolae
1381 711 1471 758 eausa
1493 707 1523 759 et

160 779 246 836 totius
277 796 369 839 meae
391 779 545 856 petitionis
567 783 642 840 ratic
665 783 708 841 ita
730 782 782 840 tihi
807 785 935 850 constet,
966 786 999 838 ut
1021 796 1086 838 eam
1108 780 1252 855 frequenti
1274 789 1379 856 postea
1403 789 1520 846 senatui
1625 838 1628 846 .

165 881 225 926 meo
249 868 376 927 nomine
399 867 537 927 exhibere
559 872 666 948 pessis.
704 867 830 940 Etenim,
854 875 887 925 ut
909 866 982 925 nihil
1006 867 1041 926 da
1057 867 1190 943 exemplo
1207 868 1302 927 dicam
1318 869 1360 930 M.
1377 869 1523 934 Samuelis

163 951 361 1029 llbermsuni,
396 955 447 1031 qui
477 957 594 1016 nomine
621 957 785 1016 Paroehiae
815 954 1047 1026 Wissachensis,
1082 971 1171 1031 quam
1201 955 1424 1019 administrabat
1458 961 1522 1036 ejus

165 1049 253 1118 pater,
278 1044 308 1100 in
333 1042 553 1119 possessionem
569 1048 655 1104 venit·
672 1044 759 1120 hujus
783 1042 920 1119 stipendii
943 1045 1006 1118 ipse
1030 1049 1059 1101 et
1075 1043 1210 1102 alumnus
1226 1043 1420 1104 Illustrissimi
1441 1051 1523 1123 prin-

167 1132 235 1206 cipis
260 1139 290 1190 et
311 1129 536 1212 jamlliiagister
551 1133 644 1208 (quod
667 1133 737 1190 milri
755 1133 916 1192 eommunis
936 1131 1011 1206 juris
1028 1129 1178 1188 obtinendi
1195 1149 1275 1206 spem
1294 1132 1388 1193 iacere
1405 1138 1521 1213 possit),

167 1219 190 1274 si
212 1217 261 1276 vel
283 1219 378 1294 ipsius
402 1217 582 1294 indigentiae
606 1221 748 1279 habeatur
763 1222 853 1277 ratio:
877 1234 935 1276 nen
959 1219 1077 1275 omnine
1095 1217 1230 1294 indignus
1256 1237 1291 1277 ea
1313 1223 1388 1296 stipe
1412 1229 1522 1284 cetrseri

166 1303 270 1364 debeo.
315 1303 392 1364 Nam
417 1308 471 1364 etsi
494 1323 541 1366 res
564 1307 713 1368 familiaris
736 1323 794 1365 nen
818 1308 914 1364 accisa
937 1313 982 1364 est
1005 1305 1089 1377 adeo,
1113 1315 1147 1363 ut
1168 1303 1240 1362 nihil
1264 1304 1333 1364 elim
1356 1312 1522 1384 patrimonii

167 1393 237 1450 mihi
254 1393 294 1450 sit
309 1393 540 1470 expectandum:
565 1405 662 1454 tamen
684 1395 727 1454 ita
748 1394 882 1453 turbatae
905 1399 935 1451 et
957 1387 1083 1451 aiilietae
1098 1401 1166 1450 sunt
1182 1409 1281 1452 omnes
1305 1394 1370 1469 ejus
1384 1399 1522 1474 rationes,

166 1487 197 1538 nt
219 1479 361 1556 quicquid
384 1478 453 1540 inde
476 1487 630 1557 preveniat
652 1471 741 1542 annui
762 1481 881 1554 reditus,
904 1478 934 1538 id
958 1496 1043 1538 omne
1067 1481 1095 1537 in
1119 1479 1183 1556 ejus
1206 1485 1412 1542 correctionem
1434 1488 1521 1543 resti-

167 1569 369 1642 tutionemque
399 1569 437 1624 sit
460 1569 698 1629 eorrrertendum.
745 1567 857 1644 Quodsi
880 1567 964 1626 Deus
987 1569 1130 1644 propitius
1152 1576 1272 1641 aarruat,
1298 1577 1329 1626 ut
1352 1570 1521 1646 aliquando,

169 1657 278 1730 quibus
301 1671 379 1713 nune
401 1651 583 1715 conflictatur
606 1657 705 1730 maiis,
737 1662 881 1732 emergat,
909 1671 971 1738 vnon
996 1653 1160 1714 dubitarem
1192 1655 1266 1714 ultre
1296 1656 1398 1717 cedere
1423 1660 1521 1733 alicui,

165 1744 270 1819 quiin
294 1743 397 1818 majori
422 1753 500 1802 esset
522 1743 630 1821 inopia.
677 1743 735 1818 Qui
759 1759 828 1803 varo
852 1757 928 1801 nune
952 1745 1090 1818 temporis
1117 1743 1188 1800 mihi
1212 1751 1279 1801 sunt
1306 1750 1520 1822 competitores,

165 1832 216 1906 qui
240 1847 325 1889 suam
346 1831 483 1906 petitioni
506 1831 701 1908 praetendunt
725 1833 864 1907 inopiam,
887 1829 954 1888 iilos
978 1839 1054 1889 certe
1077 1845 1135 1887 rien
1158 1847 1222 1889 reor
1238 1830 1379 1890 haetenus
1402 1845 1521 1893 susten-

165 1921 220 1976 tari
252 1919 317 1977 sine
348 1921 513 1980 necessario
545 1927 642 1979 sumtu
670 1922 812 1995 petuisse.
857 1915 928 1976 Sive
958 1917 1057 1992 itaque
1086 1915 1226 1977 beneflcio
1257 1919 1378 1978 alterius
1403 1923 1518 1980 vivant:

164 2003 299 2080 ejusdem
330 2013 399 2064 sant
428 2023 540 2066 meeum
562 2008 754 2079 eorrditionis,
781 2009 845 2064 sive
874 2007 1005 2081 propriis¹
1027 2013 1146 2063 uantur
1176 2007 1337 2066 sumtibus:
1363 2009 1425 2084 jam
1454 2019 1523 2068 sunt

165 2091 256 2168 longe
280 2110 326 2151 me
349 2092 486 2167 ditiores,
510 2097 574 2170 qui,
597 2098 622 2154 si
646 2095 723 2152 idem
746 2109 880 2170 possem,
905 2091 1002 2150 alieno
1025 2091 1129 2151 lubens
1152 2109 1288 2153 carerem.
1334 2094 1397 2156 Nec
1419 2099 1443 2154 si
1467 2097 1526 2176 iilis
1559 2099 1562 2107 '

166 2188 230 2239 utro
255 2179 328 2239 libet
351 2180 439 2240 modo
463 2183 561 2241 studia
583 2185 754 2242 continuare
778 2179 895 2239 diiiieile
920 2179 1048 2253 videtur,
1080 2187 1236 2256 prepterea
1258 2181 1343 2242 iacila
1366 2184 1436 2242 milri
1461 2187 1524 2258 erit,

163 2267 229 2326 solo
255 2267 450 2327 illustrissimi
466 2269 610 2347 Principis
633 2276 801 2330 contentum
825 2285 890 2327 esee
905 2266 1061 2344 stipendio·
1100 2267 1165 2326 Non
1185 2269 1248 2344 jam
1272 2268 1376 2345 dicam,
1400 2280 1525 2346 quotus-

165 2357 292 2431 quisque
316 2355 570 2431 stipendiariorum
599 2358 671 2416 nihil
698 2357 733 2416 de
756 2371 810 2416 sne
834 2363 997 2414 consamat.
1042 2355 1104 2413 Etsi
1129 2357 1231 2432 iugens
1262 2356 1318 2416 hec
1347 2367 1392 2416 est
1413 2359 1524 2420 iibera-

165 2442 273 2501 iiseimi
296 2441 442 2519 Principis
466 2445 655 2519 bassacium,
680 2447 731 2520 qui
754 2452 868 2502 sumtus
889 2445 1048 2501 immensos
1070 2444 1149 2516 iacit,
1173 2443 1242 2502 dum
1265 2451 1309 2503 tot
1324 2445 1526 2506 adolescentes

164 2533 296 2607 protegit
318 2530 444 2605 alitque,
473 2539 570 2591 tamen
601 2550 666 2592 eum
689 2532 777 2608 longe
800 2530 972 2606 majorhoc
995 2538 1126 2607 tempere
1149 2533 1276 2589 messit
1307 2541 1435 2608 egestas,
1466 2552 1525 2593 non

165 2633 272 2677 vereor
294 2617 495 2678 mendicorum
517 2621 709 2696 pertinacium
725 2635 814 2693 mere,
838 2615 919 2694 qued
934 2633 979 2677 res
995 2627 1048 2690 est,
1073 2616 1177 2677 dicere.
1217 2616 1343 2676 Omnino
1357 2621 1421 2679 seni
1436 2629 1525 2696 qnot-

163 2706 252 2764 annis
275 2705 379 2764 iicreni
408 2705 503 2766 solent
532 2709 645 2784 erogari
678 2706 802 2782 singulis
826 2721 841 2765 a
864 2704 936 2763 iisco
962 2706 1117 2781 principis;
1150 2721 1215 2763 eam
1238 2713 1334 2765 autem
1358 2712 1524 2782 pecuniam,

164 2802 278 2868 quanta
303 2801 414 2869 quanta
438 2803 491 2868 est,
515 2794 628 2871 liquide
648 2795 747 2870 jurare
764 2795 875 2865 ausim,
901 2792 949 2852 vei
971 2791 1051 2856 solos
1074 2800 1188 2850 sutores
1211 2792 1262 2868 (sit
1277 2793 1372 2851 honos
1390 2796 1524 2873 auribus)

163 2889 294 2940 sartores
317 2886 596 2956 veteramentarios,
628 2883 804 2957 letrieesque
832 2881 888 2940 sibi
918 2880 1052 2938 revoluto
1076 2895 1154 2938 anno
1177 2880 1351 2956 deposcere,
1379 2882 1434 2937 nisi
1458 2883 1524 2957 quis

164 2971 298 3044 apprime
322 2967 362 3026 ad
385 2973 514 3042 rationes
537 2973 666 3030 intentus
688 2971 734 3029 sit.
782 2971 822 3026 At
844 2967 921 3027 unde
944 2970 1035 3026 restis
1058 2965 1159 3042 aliqua
1180 2984 1276 3041 nova,
1306 2966 1353 3024 vel
1376 2967 1526 3027 honestior

165 3055 368 3131 quotidiana?
393 3053 478 3117 Unde
501 3057 576 3131 iibri,
602 3056 734 3116 studioso
757 3054 965 3132 philosophiae
985 3054 1165 3113 necessarii?
1198 3051 1282 3114 Unde
1305 3063 1417 3112 sumtus
1440 3073 1525 3114 asse-

165 3144 292 3219 quendis
316 3143 506 3204 honoribus?
543 3141 628 3204 Unde
651 3144 779 3220 reliqua,
812 3161 888 3218 quae
911 3141 1083 3217 quotidiana
1106 3141 1219 3217 flagitat
1242 3143 1414 3214 necessitas,
1447 3159 1523 3218 quae

162 3233 274 3290 nemini
299 3233 343 3290 ita
366 3239 437 3292 nota
460 3249 525 3292 esse
547 3239 672 3308 possunt
695 3249 730 3290 ae
753 3233 794 3304 ei,
824 3232 874 3307 qui
895 3228 952 3288 hoe
973 3237 1105 3304 tempore
1133 3228 1237 3287 studiis
1267 3244 1385 3304 operam
1408 3230 1523 3289 navat?

164 3317 279 3394 Quodsi
303 3335 341 3376 ea
362 3320 423 3378 iere
448 3318 611 3396 legatorum
634 3321 763 3378 omnium
787 3335 870 3377 mens
893 3325 937 3376 est
960 3323 989 3376 et
1011 3318 1149 3388 intentio,
1174 3323 1206 3372 nt
1228 3312 1309 3374 hisce
1332 3319 1393 3374 suis
1416 3321 1522 3376 sumti-

163 3405 218 3466 hss
241 3405 378 3465 homines
402 3406 493 3480 aiant,
516 3425 574 3465 non
598 3409 696 3482 quiin
720 3404 815 3464 malos
838 3421 908 3464 usus
931 3421 982 3463 ees
1006 3409 1185 3474 convertant,
1207 3401 1259 3460 sed
1275 3400 1386 3476 gloriae
1403 3405 1521 3466 divinae

163 3493 319 3554 commoda
342 3504 550 3570 promoveant:
581 3511 667 3569 spero
695 3491 846 3570 equidem,
875 3492 957 3551 Deus
979 3489 1066 3550 modo
1088 3490 1231 3565 propitius
1258 3499 1382 3565 annuat,
1414 3494 1438 3549 si
1462 3509 1521 3569 quo

163 3581 250 3642 modo
273 3583 372 3639 minus
404 3582 522 3658 indigus
552 3581 618 3641 aliis
648 3582 730 3640 suero
759 3595 925 3657 possessor,
957 3577 987 3636 id
1009 3593 1055 3635 me
1084 3577 1200 3652 egregie
1228 3576 1354 3652 posthae
1377 3579 1521 3640 industria

163 3685 228 3730 mea
250 3677 529 3745 compensaturum,
563 3684 767 3744 necunquam
791 3665 909 3743 quidem
938 3681 1037 3724 eorum
1061 3663 1246 3723 decoctorum
1269 3681 1350 3725 more
1374 3666 1521 3743 dilapida-

165 3764 270 3816 tnruna.
317 3751 355 3814 ld
377 3756 457 3831 qued
481 3773 517 3816 ex
539 3773 669 3816 meorum
695 3765 917 3832 praeceptorum
947 3753 1114 3809 testimonio
1137 3751 1237 3809 malim
1260 3754 1322 3827 ipse
1346 3770 1519 3830 cognoscas,

162 3861 249 3921 qaam
273 3845 431 3921 promissis
454 3845 527 3902 meis
548 3851 657 3903 temera
680 3842 766 3902 fldem
789 3841 937 3900 adhibeas.
968 3835 1051 3896 Haec
1074 3855 1129 3912 ego
1151 3839 1302 3912 hactenus,
1326 3841 1398 3900 nihii
1415 3851 1520 3918 postu-

158 3932 230 4008 lans,
254 3931 332 3990 nihii
354 3932 431 4006 juris
454 3931 525 3990 mihi
548 3948 697 4006 arrogans,
721 3927 773 3988 sed
798 3928 895 3987 omnia
917 3933 985 3984 tuae
1001 3924 1042 3984 hi.
1059 3925 1295 4003 collegarumque
1319 3928 1383 4003 eius
1398 3929 1521 4004 amplis-

154 4023 307 4094 simorum,
333 4017 571 4079 doctissimorum
588 4021 715 4076 virerum
730 4017 849 4074 arbitrio
864 4013 1023 4088 subjiciens
1039 4030 1149 4089 eosque
1170 4031 1259 4089 quam
1275 4031 1394 4091 possum
1410 4014 1519 4074 hurnii-

151 4109 220 4172 lime
242 4123 386 4188 precans,
411 4108 526 4183 scripsi.
572 4107 654 4165 Deus
671 4103 711 4163 M.
735 4111 815 4162 tuam
837 4099 1013 4159 incolumem
1036 4117 1166 4177 eousque
1190 4110 1351 4176 conservet,
1376 4111 1408 4162 nt
1430 4101 1518 4162 intei-

146 4198 240 4278 ligere
264 4195 384 4276 possit,
417 4211 474 4254 nec
501 4197 616 4270 ingrate
639 4206 723 4251 suam
747 4205 880 4273 operam,
909 4191 1128 4250 necimmerito
1152 4188 1209 4249 hoc
1232 4189 1365 4249 beneficii
1388 4190 1517 4250 iocatum
1625 4255 1629 4264 .

147 4305 225 4351 esse.
277 4283 371 4346 Vale.

626 4363 864 4443 Magnificentiaa
887 4363 970 4425 ¹luae

699 4449 965 4512 obedientissimus
987 4451 1120 4514 Joannes
1135 4451 1291 4531 Kepierus,
1314 4451 1519 4529 philosophiae

986 4540 1145 4615 studiosus,
1168 4541 1361 4600 illustrissimi
1377 4539 1520 4616 Principis

985 4628 1201 4706 stipendiarias.

248 4775 367 4870 Senatus
390 4803 569 4868 'fabianensis
588 4801 611 4859 d.
630 4807 658 4856 t.
669 4801 732 4854 Nor.
753 4803 830 4858 1591.
849 4801 918 4852 adiit
935 4801 1067 4866 Wilanser,
1084 4801 1139 4851 ries
1157 4813 1229 4848 rarsa
1246 4806 1336 4866 petens
1354 4806 1383 4850 ut
1394 4801 1519 4868 Ksplerns

141 4909 187 4960 q„
206 4899 385 4972 „afflarat
407 4898 437 4944 tn
458 4898 588 4958 porterum
605 4892 656 4944 irat
673 4896 768 4958 posset,
788 4887 912 4958 ,diesad
928 4885 1096 4957 obgemelter
1106 4883 1209 4955 Kapler
1226 4883 1344 5032 (chmel
1360 4887 1475 4946 nerriieh
1492 4889 1521 4944 in
