3612 5538
594 405 637 466 De
654 405 748 468 ansis
765 412 796 468 et
812 403 965 470 meritur
981 406 1112 482 Keplem·
1463 403 1529 478 969

179 587 324 650 interdum
345 586 400 650 Sol
420 586 481 650 illie
501 591 664 650 contrariu
686 597 822 663 omnent,
846 587 926 666 qood
949 587 1063 648 nenbt
1081 589 1114 648 io
1136 587 1288 650 renuere
1308 587 1389 650 Solis
1410 596 1440 650 et
1462 605 1530 650 uum
1559 581 1561 586 ’

179 692 215 736 eo
238 677 365 750 virtutis,
389 693 477 753 qnam
498 676 791 753 intelligentiae
813 684 851 738 at
881 674 1160 738 similitudinis
1182 693 1299 738 eausa
1321 676 1406 737 dieo
1430 692 1530 755 mag·
1659 727 1662 734 .

179 765 347 838 eetieam,
372 765 481 824 debui
505 762 715 826 seelestam
738 761 876 826 disere.
907 764 963 824 lile
979 765 1055 824 enlm
1078 766 1173 825 virtus
1196 768 1225 824 le
1245 761 1530 848 omnibuslpiauetis

59 882 63 891 <
179 868 295 928 semper
313 852 461 930 protestat
480 851 596 926 eodem,
617 869 769 928 nunquam
791 854 820 910 is
841 853 1050 913 eonuuirrro.“

283 938 371 999 Anna
389 944 472 1000 1605
495 939 674 1005 Haerere.
686 939 762 1000 baso
777 939 897 1000 dederat
911 939 1056 1016 Keplerot
1079 936 1132 998 leb
1154 937 1278 1014 bododn,
1302 939 1371 1000 dass
1389 939 1441 1000 der
1455 939 1532 1002 [leti

179 1024 368 1104 Hypotbeees
385 1026 538 1104 (inperaiei
555 1025 735 1105 ¹approbiert.
765 1027 813 1086 Da
832 1027 916 1087 nolit
937 1027 983 1086 ioh
1006 1025 1085 1086 wohl
1107 1041 1177 1101 geru
1201 1025 1248 1086 die
1271 1030 1399 1088 mileses
1415 1031 1530 1103 nissen,

180 1112 272 1172 dareb
296 1113 495 1174 weiebe‘man
519 1115 619 1174 eolohs
642 1129 688 1174 ero
709 1116 755 1174 nit
777 1131 830 1192 par
852 1115 1072 1187 demonstrireo,
1092 1112 1202 1190 jodoeb
1224 1115 1414 1192 probabiliter
1437 1115 1532 1175 deds-
1605 1182 1608 1189 ,

180 1203 258 1260 eireu
280 1201 406 1262 moebte.
452 1203 515 1262 Das
536 1202 619 1262 wollt
642 1202 687 1261 ielr
710 1219 743 1262 so
766 1219 836 1279 gero
858 1203 956 1276 lesen,
986 1201 1031 1261 als
1054 1202 1101 1261 eiu
1123 1200 1201 1260 Saob
1224 1209 1308 1262 enter
1330 1203 1382 1263 der
1402 1202 1531 1264 Soonetn

181 1287 341 1349 Vialleiebt
361 1287 434 1348 niro
458 1289 509 1349 der
530 1289 606 1348 Here
628 1307 663 1348 ex
686 1297 767 1350 motu
791 1290 896 1350 Mariis
927 1288 1002 1350 aueb
1022 1289 1079 1348 ein
1108 1286 1319 1349 admielenlnm
1341 1288 1379 1350 ed
1402 1292 1534 1370 probeo·

34 1467 39 1476 ¹
149 1369 251 1435 ‘dum
273 1381 385 1436 metum
408 1376 517 1438 Terrae
543 1375 691 1454 gerunden
720 1377 826 1438 baben.
871 1377 922 1436 leh
945 1377 1040 1450 boiis,
1071 1375 1122 1436 der
1144 1373 1219 1435 llere
1247 1378 1343 1439 werde
1374 1380 1402 1436 in
1433 1378 1532 1439 diesen

176 1463 365 1542 'wiobtigsten
388 1464 525 1524 Puubten
546 1464 654 1525 eiumai
677 1463 852 1526 exclamiren
876 1461 998 1542 εὕρηκα,
1022 1457 1146 1542 εὑρηκαῐ
1177 1463 1340 1542 ,ΚιρΙοτιιε
1362 1466 1531 1545 respondite

180 1550 281 1627 Mage.
305 1551 372 1610 Tua
394 1551 533 1613 deleraari
555 1551 686 1626 videbar,
716 1571 763 1612 me
785 1555 816 1612 ia
839 1555 984 1612 sententie
1011 1567 1190 1629 permanere.
1237 1552 1299 1628 ligo
1323 1552 1401 1614 baud
1423 1571 1533 1631 grave·

180 1639 231 1696 tim
254 1638 393 1716 depromo
415 1657 483 1699 mea
504 1648 675 1716 argumente
701 1640 749 1699 rel
778 1648 879 1700 eontra
901 1640 1030 1713 boetem,
1063 1646 1177 1699 tantum
1208 1640 1293 1700 abest
1320 1649 1353 1700 ut
1381 1641 1532 1702 blanditiis
1587 1702 1592 1712 ,

179 1742 253 1804 epos
274 1726 414 1804 babeam,
439 1744 535 1803 neque
556 1743 665 1804 sequor
686 1726 810 1786 multum
831 1727 916 1800 illos,
948 1728 1054 1803 quibus
1076 1728 1106 1784 io
1138 1742 1188 1786 ors
1216 1735 1261 1786 est
1285 1728 1355 1808 „odi
1378 1729 1532 1806 profanum

181 1813 290 1890 vulqus
311 1822 342 1875 st
362 1809 481 1888 areeffl,
505 1817 576 1891 quin
598 1816 697 1892 potius
719 1813 870 1874 slttoueus
886 1823 915 1875 et
929 1817 1111 1892 impertrmes
1133 1816 1417 1893 intempestivusque
1439 1816 1534 1878 adsim

181 1903 335 1977 perpetim.
378 1901 425 1960 Tu
448 1901 523 1962 leste
544 1903 672 1976 miraris,
700 1902 762 1962 fleri
784 1919 872 1979 posse
894 1909 929 1961 ut
950 1902 1130 1979 cepemieus
1158 1901 1271 1961 bomird
1298 1901 1483 1966 eonsidereto
1504 1911 1535 1966 et

180 1988 294 2048 modios
326 1990 479 2064 ingeniose
509 1990 657 2066 probetur.
703 1990 767 2066 Ego
796 2005 866 2050 veru
889 1989 953 2066 ajo,
984 1988 1057 2048 nihil
1088 2003 1153 2050 sese
1183 2007 1234 2066 per
1261 2007 1364 2052 omues
1385 1993 1533 2068 solertias,

182 2075 260 2152 qued
282 2093 330 2136 ms
353 2076 494 2154 inpediet
515 2077 573 2136 boo
593 2078 776 2150 sentientem,
799 2076 872 2136 nibil
894 2076 975 2153 quod
997 2075 1045 2137 rel
1067 2076 1217 2138 levissime
1239 2095 1285 2138 me
1301 2080 1475 2140 absterreret
1496 2080 1535 2140 ab

181 2163 238 2224 bae
261 2169 365 2241 eperia
385 2162 549 2226 sententiae
571 2181 655 2224 meae
669 2165 859 2242 protensione,
883 2169 999 2242 praeter
1019 2167 1136 2224 uoioam
1150 2169 1356 2229 auotottaten
1373 2165 1537 2240 Saoterum,

182 2269 200 2310 e
222 2250 400 2326 quibusdam
422 2251 499 2312 male
521 2251 674 2312 deunana
698 2283 740 2296 -
763 2249 892 2312 Utuntur
912 2251 1046 2311 hemines
1068 2254 1172 2329 spiritu
1195 2253 1253 2313 Dei
1273 2256 1408 2331 inspirati
1430 2254 1537 2332 linguis

181 2338 304 2400 ubilibet
317 2341 501 2416 garstensis,
524 2355 583 2399 uon
598 2337 764 2415 linguarum
779 2339 831 2399 sed
853 2341 1027 2400 sententiam
1045 2340 1277 2400 eatnmunieandi
1292 2357 1397 2417 eausa,
1415 2347 1538 2402 aluntur

180 2425 219 2485 ed
242 2425 319 2487 idem
342 2429 485 2486 intentum
508 2427 598 2487 stiam
621 2427 810 2504 eooeeptibns
833 2426 983 2488 bominem
1004 2426 1041 2487 de
1062 2428 1149 2488 rebus
1177 2429 1371 2492 naturalibus.
1415 2428 1537 2489 Stultis-
1638 2471 1642 2483 .

181 2515 288 2574 simum
309 2530 415 2591 nempe
437 2521 483 2575 eet
508 2516 705 2591 postulatum,
738 2523 771 2574 ut
798 2513 905 2576 duent
926 2513 1009 2574 Deus
1036 2531 1092 2574 nor
1120 2513 1285 2589 indueris,
1315 2517 1451 2593 planetes
1478 2531 1538 2579 nos

181 2605 261 2662 stare
285 2608 337 2662 eat
359 2601 549 2676 retrueedera,
569 2605 597 2662 sl
620 2619 688 2663 rere
710 2609 791 2662 stent
812 2611 864 2662 aut
886 2603 1081 2664 retroosdaut.
1124 2601 1201 2661 Nam
1222 2606 1279 2662 etsi
1302 2604 1430 2663 interires
1453 2615 1536 2681 puto,

171 2695 215 2748 'ut
236 2688 364 2749 mundus
379 2691 532 2751 ueritatem
548 2692 642 2766 magis
656 2693 809 2766 magisque
824 2697 966 2766 equesen
988 2689 1166 2766 tandemque
1181 2693 1374 2751 somn-uniter
1395 2696 1538 2753 elationes

181 2775 367 2852 plastarum
391 2780 419 2834 in
443 2777 551 2837 Terrae
573 2783 684 2836 motum
707 2777 847 2849 meimet,
871 2791 1019 2853 nusquam
1043 2786 1140 2837 umen
1162 2776 1225 2838 lieri
1248 2777 1333 2838 aliter
1355 2787 1443 2855 poste
1465 2783 1536 2854 soie,

181 2865 254 2939 quin
275 2864 324 2924 bis
346 2866 419 2941 ipsis
441 2871 557 2924 utemur
579 2866 714 2938 sonibus,
737 2863 872 2941 planetae
887 2871 974 2938 stare,
998 2863 1188 2924 retroeedere.
1219 2863 1378 2942 Propterea
1388 2871 1539 2942 sapienter

180 2951 291 3012 famum
314 2953 352 3012 ab
376 2951 503 3013 eooleeia
524 2952 658 3012 Romanu
680 2957 766 3030 puto,
797 2950 877 3028 quod
900 2967 966 3012 oum
989 2951 1178 3028 aetiologiam
1204 2951 1390 3029 judiciariam
1413 2953 1538 3016 damna·

181 3041 267 3114 serit,
289 3039 372 3100 illem
394 3046 491 3100 umen
513 3039 668 3116 Goperniei
690 3038 909 3116 philosophiam
932 3041 960 3098 iu
982 3039 1081 3100 medlo
1102 3055 1275 3116 suspensam
1298 3040 1427 3117 reliquit.
1588 3103 1592 3115 ,

286 3125 357 3188 dam
379 3127 525 3204 Kepieuus
555 3129 684 3188 rationes
712 3127 796 3187 alent
821 3125 976 3206 pirysieae,
1008 3129 1220 3188 astronenioas
1248 3135 1277 3188 et
1306 3127 1537 3206 philosophicas,

181 3214 289 3290 quibem
311 3215 387 3274 ratio
402 3217 604 3291 Copemioaua
618 3213 735 3274 delendi
758 3216 851 3292 possit
873 3223 903 3274 et
924 3215 971 3274 bis
993 3214 1079 3275 duem
1102 3215 1186 3276 lesit:
1211 3215 1333 3292 ,Hebes
1356 3213 1457 3292 Magn.
1476 3216 1536 3290 Vir,

182 3317 260 3377 quae
283 3304 312 3360 iu
335 3304 502 3379 praeseutia
525 3302 562 3362 de
586 3301 642 3362 hee
664 3303 837 3378 quaestione
858 3301 931 3361 mibi
952 3300 1117 3362 insiderent
1134 3305 1196 3376 (eir.
1221 3307 1275 3362 eol.
1293 3307 1328 3362 ll.
1352 3323 1379 3378 p.
1403 3307 1537 3376 87-92J3

182 3389 292 3464 quibem
315 3389 390 3450 bene
412 3387 581 3466 ponderatis
603 3392 629 3449 si
653 3388 723 3466 quid
746 3389 872 3468 emplius
894 3396 985 3450 restat
1007 3387 1102 3462 dubii,
1126 3389 1156 3448 ld
1176 3407 1224 3452 me
1246 3398 1348 3464 aeusi,
1378 3394 1404 3450 si
1426 3407 1537 3469 propo·

181 3484 277 3548 eamr,
300 3475 339 3536 ed
351 3478 504 3554 ¹negotium
519 3477 702 3537 inmundam
718 3474 911 3540 aeturstlus.“
943 3476 1114 3538 Hennaeas
1129 3493 1200 3538 rere
1215 3476 1272 3540 hoe
1284 3485 1398 3539 tautum
1414 3495 1538 3557 respou-

183 3561 242 3623 dit:
267 3563 313 3624 De
335 3570 418 3625 motu
441 3563 548 3624 Terrae
570 3564 630 3624 will
652 3564 700 3624 ieh
722 3567 776 3624 mit
797 3563 1148 3642 neeessa'iieiegenbeit
1168 3581 1254 3624 wana
1276 3566 1325 3626 iob
1341 3567 1429 3646 Weyl
1451 3568 1538 3644 belse,

183 3653 284 3710 sreitsr
306 3651 468 3712 sebreiben.
512 3651 599 3712 Hane
624 3654 827 3728 ,nonnionem
849 3649 1032 3728 proximam“
1055 3659 1085 3712 et
1113 3653 1205 3712 otiuro
1232 3654 1379 3714 scribendi
1408 3671 1467 3714 oen
1491 3659 1538 3714 in-

186 3739 271 3797 venit
292 3737 463 3800 Heremias
492 3755 585 3816 usqae
614 3739 652 3799 ad
683 3755 792 3802 anuum
818 3743 916 3814 160⁷,
943 3757 1007 3816 quo
1030 3739 1224 3816 Cuperuieum
1247 3744 1392 3820 corrigere
1415 3749 1538 3804 eenatm

186 3833 240 3899 tsi,
264 3832 409 3904 utsupra
430 3826 564 3888 diximus.

293 3912 371 3972 lium
384 3912 554 3974 nennius
570 3911 691 3990 Kepleri
714 3913 843 3974 animum
865 3912 903 3973 ad
925 3912 1014 3975 iidem
1029 3913 1204 3976 eatbolioam
1227 3915 1387 3994 peiseere
1402 3916 1538 3992 veluerit,

185 4017 221 4060 ex
245 4001 392 4076 epimelis,
424 4019 502 4078 quae
529 4019 604 4078 pene
632 4018 734 4061 omnes
756 4003 921 4078 posteritati
944 4001 1069 4063 traditae
1097 4010 1180 4077 snt,
1209 4005 1356 4080 eonjieere
1377 4020 1436 4065 uss
1458 4003 1537 4066 lioetr

184 4087 280 4148 Immo
302 4103 374 4149 sera
396 4089 544 4166 Keplaeue
563 4091 628 4166 lpse
651 4091 838 4165 quaestiones
866 4087 903 4149 de
926 4089 1013 4150 rebus
1041 4089 1133 4150 saone
1156 4093 1186 4150 in
1208 4091 1336 4154 medium
1364 4091 1486 4170 protulit
1508 4100 1538 4152 et

185 4175 233 4235 bie
256 4191 375 4252 quoque
402 4177 490 4237 animi
518 4177 566 4236 sui
591 4178 787 4238 sineeritatem
814 4182 845 4236 et
873 4166 1071 4253 integntatem
1100 4178 1237 4242 ostendii.
1282 4178 1379 4255 Quum
1408 4181 1485 4241 enlm
1506 4182 1537 4238 ie

185 4261 303 4342 styriae
324 4265 477 4341 provintia
499 4263 667 4324 lutberane
689 4263 761 4324 ddes
783 4265 885 4324 vexari
916 4271 1022 4340 eoepta
1041 4273 1074 4325 et
1096 4264 1241 4343 Keplerus
1267 4268 1297 4324 in
1316 4283 1357 4326 eo
1380 4275 1474 4342 esset,
1506 4275 1539 4326 ut

186 4349 321 4412 entium
344 4350 520 4427 relinqueret
541 4357 571 4412 et
592 4349 653 4412 alio
668 4350 851 4427 denigraret,
876 4351 1119 4413 baeo‘Herwarto
1140 4356 1267 4415 ueneat.
1304 4352 1410 4430 (instit,
1434 4355 1537 4430 inquit,

186 4445 319 4500 aime
341 4455 387 4499 ses
410 4438 609 4511 rehabeant,
641 4455 759 4499 manere
788 4455 821 4498 se
841 4455 901 4499 non
924 4455 1022 4516 posse.
1069 4439 1295 4501 Beeitsobwertii
1317 4439 1416 4501 eutem
1437 4441 1538 4501 ialele·

186 4528 263 4586 aissa
283 4526 454 4604 uoqjeetera
482 4533 542 4600 est,
574 4524 657 4584 illum
679 4525 832 4588 Herwatto
856 4535 888 4586 ut
910 4526 986 4588 elam
1015 4525 1055 4587 ad
1084 4526 1172 4589 iidem
1199 4525 1373 4586 bethelleem
1402 4531 1539 4591 transiret

186 4611 357 4676 adnneuti
386 4615 478 4674 verbe
506 4613 572 4688 illa,
603 4629 680 4688 quae
706 4631 775 4690 pag.
800 4620 859 4674 ⁷01
885 4611 1084 4690 exhibuimus,
1115 4612 1310 4691 respondisse.
1353 4611 1421 4676 Boe
1447 4631 1537 4677 uuum

188 4711 299 4762 eertum
322 4710 353 4762 et
373 4703 542 4762 menenio
565 4699 765 4761 uonfirnretnn
787 4709 841 4776 est,
863 4701 1039 4778 Kepleruse,
1068 4718 1133 4762 eum
1156 4700 1326 4761 flemene
1347 4710 1483 4778 peretum
1504 4720 1536 4766 se

188 4787 297 4850 dem
318 4805 387 4850 eum
409 4792 438 4848 io
462 4789 666 4866 comparandis
687 4791 886 4850 instrumentis
903 4791 1106 4850 astenomiets
1128 4795 1158 4848 ei
1178 4789 1209 4846 in
1223 4787 1403 4852 metuenda
1417 4792 1538 4870 speoala

187 4879 385 4942 utrouorniea
405 4875 557 4956 adjuvare,
579 4877 745 4956 marine,
769 4893 836 4938 uam
855 4879 897 4938 eit
919 4877 1129 4962 ,habitationis
1150 4871 1308 4939 terant.
1353 4875 1413 4941 sed
1437 4887 1537 4944 intes
