3588 5540
834 387 912 448 rore.
1478 391 1544 466 bob

193 571 228 633 ln
250 571 366 633 nominc
388 569 455 648 Dal,
478 573 566 650 agita,
588 571 718 633 fruimini
739 569 879 645 moribus,
903 573 1030 646 statutis,
1053 573 1194 652 exemplis
1216 575 1347 653 antiquis
1369 573 1545 656 praedeees-

193 675 306 736 sorum,
329 659 403 720 nibil
426 663 456 720 iu
478 678 525 722 me
547 661 633 736 nori,
663 659 743 740 quod
767 658 901 738 exemplo
924 661 1019 737 possit
1042 676 1106 721 esse
1129 660 1167 721 ad
1189 671 1311 739 ceteros,
1335 665 1472 742 amicitep
1494 683 1546 726 ar·

194 755 256 810 cete
277 765 323 809 me
346 755 446 808 vestra
475 749 679 810 communione
707 757 826 827 propter
855 749 1066 824 ingenuitatem
1088 747 1165 809 banc
1186 769 1296 826 meam,
1328 751 1408 828 quod
1430 753 1460 810 in
1483 769 1545 814 uno

192 837 316 896 amiculo
339 835 376 896 de
399 839 647 914 omnipraesentia
670 839 764 896 carnis
788 833 896 896 Christi
920 838 1081 912 ceterisque
1104 837 1178 898 adeo
1200 839 1350 899 attributis
1364 837 1436 898 mibi
1460 847 1546 902 veta·

190 941 253 984 rum
275 932 392 1003 patrum
414 925 538 1002 phrases
561 925 891 1002 argumentationesqus
920 929 949 982 et
963 926 1134 1001 ‚scripturae
1164 924 1307 987 dictorum
1335 927 1545 1005 explicationes
1570 941 1572 946 ·

191 1013 284 1090 magis
306 1011 425 1089 probari
446 1012 598 1094 profiteor,
614 1011 719 1089 ‘quam
741 1017 856 1094 rostras
878 1013 908 1070 in
930 1008 1056 1071 formula
1078 1013 1266 1089 concordiam
1292 1014 1381 1075 tacite
1403 1031 1439 1075 ex
1461 1033 1546 1076 sacra

192 1099 402 1161 Communiona
425 1107 525 1162 notam
549 1099 742 1161 confessionis
766 1101 934 1159 vestraein
957 1098 1222 1177 particularisslmis
1245 1101 1326 1162 bisce
1341 1105 1455 1180 urgenti
1474 1099 1545 1164 mibi
1621 1095 1624 1100 ’

190 1195 379 1267 praeceptum
403 1187 525 1263 christi,
550 1187 651 1248 datum
673 1187 756 1248 laicis
788 1187 938 1260 omnibus:
974 1185 1050 1264 „hoc
1076 1187 1164 1249 iacite
1194 1191 1224 1247 in
1245 1205 1341 1250 meam
1365 1207 1545 1252 commemo-

189 1277 340 1361 rationem,
362 1270 539 1337 a'nnuuciate
561 1283 683 1337 mortem
703 1269 829 1348 meam“,
861 1275 1001 1352 opponite
1024 1290 1078 1334 ros
1101 1277 1544 1354 (innammmquodtactnnest)

145 1439 149 1444 Ι
188 1372 375 1442 praeceptum
399 1362 499 1424 datum
523 1365 661 1424 ministris
684 1373 714 1424 et
736 1361 987 1440 dispensatoribus
1010 1362 1216 1440 mysteriorum
1231 1361 1303 1423 Deir
1339 1363 1450 1441 ,nolite
1473 1365 1543 1430 date

190 1458 322 1512 randum
346 1452 500 1526 canibus“,
524 1455 580 1512 sim
603 1453 698 1527 vobis,
720 1449 794 1528 prolr
818 1448 917 1524 dolor,
948 1448 1117 1525 habeasque
1147 1465 1199 1526 pro
1222 1451 1367 1528 spirituali
1390 1469 1463 1514 cana
1484 1466 1544 1516 uon

190 1547 309 1618 propter
338 1540 431 1600 uilurn
461 1541 541 1600 vitae
568 1557 710 1612 naevum,
739 1537 792 1602 sed
815 1544 932 1615 propter
954 1536 1032 1596 hanc
1058 1539 1191 1612 unicam,
1224 1547 1257 1597 ut
1279 1555 1333 1600 ros
1356 1540 1431 1602 torto
1452 1543 1544 1602 inter-

189 1629 357 1707 precamini,
388 1629 602 1704 arrogantiam,
633 1635 666 1686 ut
689 1643 744 1703 ago
772 1625 918 1703 profiteor,
945 1625 1156 1700 ingenuitatem
1179 1642 1291 1702 meam,
1325 1627 1457 1705 quodie
1487 1628 1544 1691 boc

189 1717 275 1776 unico
306 1723 415 1794 puncto
445 1715 514 1775 nolo
545 1715 677 1792 lingnam
700 1732 718 1775 a
740 1730 807 1773 mea
836 1713 1019 1790 penitissima
1047 1719 1145 1774 menta
1175 1713 1329 1776 deflectere
1352 1715 1391 1775 ad
1414 1723 1543 1780 vestram

190 1802 331 1864 termulae
358 1801 551 1877 concordiae,
581 1801 722 1880 aliudque
751 1818 841 1878 quem
867 1802 948 1860 intus
977 1802 1073 1861 sentio
1103 1800 1173 1862 ioris
1199 1801 1328 1878 protiteri
1355 1803 1543 1868 obedientias

194 1908 282 1950 causa
304 1894 334 1949 in
357 1890 576 1968 Praeceptores,
600 1897 632 1950 ut
656 1907 710 1948 ros
725 1889 846 1966 putatis,
870 1895 903 1948 ut
918 1904 973 1965 ego
988 1902 1068 1962 voro,
1091 1887 1287 1950 simulationis
1309 1897 1339 1952 et
1351 1889 1543 1970 hypocriseos

192 1977 443 2056 cdcoacsaaprsoo
452 1978 539 2054 iuga;
555 1995 621 2038 cum
642 1979 734 2037 sciam
751 1979 956 2056 nlqpopopaco
969 1977 1078 2056 requiri
1101 1979 1131 2034 in
1146 1978 1234 2040 rebus
1250 1977 1328 2053 iidei,
1351 1995 1427 2056 quae
1441 1987 1543 2042 tamea

189 2083 275 2128 ame
303 2073 404 2145 posset
430 2067 575 2144 proticisci
605 2067 670 2126 aine
696 2063 837 2125 scandalo
866 2064 1005 2141 proximi,
1037 2069 1069 2124 ut
1100 2066 1146 2124 cui
1175 2082 1264 2142 super
1293 2065 1398 2127 iisdem
1428 2085 1543 2130 mecum

189 2157 303 2232 punctis
325 2153 418 2214 multo
441 2155 536 2213 minus
560 2156 684 2214 oriretur
706 2150 768 2212 ulla
790 2150 945 2228 dubitatio,
970 2167 1060 2228 quam
1081 2167 1173 2230 nuuc,
1196 2154 1247 2214 ubi
1270 2169 1317 2213 me
1339 2153 1421 2216 ridet
1445 2155 1545 2218 audb-

125 2269 128 2272 ·
190 2259 246 2320 que
269 2243 308 2302 ob
330 2241 565 2319 qualemcunque
588 2239 753 2301 dissensum
774 2255 872 2300 mcum
895 2236 1019 2302 excludi.
1415 2245 1419 2254 ·

293 2327 333 2389 At
355 2347 402 2389 me
424 2331 554 2388 vicissim
570 2328 704 2388 Christus
718 2343 871 2406 supremus
893 2333 995 2404 pastor
1016 2327 1178 2386 animarum
1201 2333 1365 2388 normarum
1387 2329 1544 2408 custodiat,

187 2429 224 2477 uc
245 2415 291 2476 lris
314 2417 399 2477 malis
434 2417 625 2477 exacerbatus
657 2433 693 2476 ex
716 2416 842 2477 adverso
865 2415 1027 2491 quidquam
1050 2415 1079 2472 in
1102 2430 1149 2475 me
1172 2413 1341 2490 admittam,
1368 2417 1449 2493 quod
1471 2435 1545 2480 con·

188 2505 339 2564 scientiam
361 2503 465 2565 laedat
486 2521 591 2578 meam,
615 2503 699 2581 cujus
722 2501 840 2580 quidem
861 2503 958 2579 gratia
979 2501 1076 2562 adhuc
1098 2519 1255 2580 persevero
1278 2504 1308 2562 in
1328 2505 1461 2582 caritate,
1484 2525 1545 2584 qua

188 2593 286 2652 omnia
302 2591 410 2652 Christi
437 2592 569 2652 mambra
593 2607 706 2668 rosque
727 2593 802 2651 inter
825 2597 923 2651 catara
945 2597 975 2652 et
990 2595 1059 2650 anta
1082 2607 1182 2651 omnes
1206 2599 1239 2651 ut
1261 2592 1430 2668 spirituales
1444 2599 1544 2672 patres
1612 2609 1613 2616 ¹

187 2681 218 2739 lu
240 2681 376 2740 omnibus
403 2679 554 2756 religionis
584 2679 731 2757 capitibus
759 2679 864 2738 ceteris
887 2675 931 2759 (ut
952 2675 1086 2738 homines
1108 2675 1219 2759 tamen)
1247 2678 1439 2758 complectere
1474 2698 1544 2760 per-

189 2784 293 2828 severo
316 2768 345 2826 in
369 2765 467 2828 studio
491 2769 624 2828 veritatis
647 2773 677 2826 et
699 2765 894 2826 detestatione
917 2775 1054 2840 errorum,
1077 2765 1164 2826 doleo
1187 2783 1223 2826 cr
1246 2769 1344 2828 mimo
1367 2768 1462 2834 ricem
1485 2769 1544 2828 Ar·

186 2857 387 2916 marianorum
410 2855 439 2914 in
463 2854 577 2932 Belgio,
601 2853 680 2932 quod
702 2852 1004 2930 ltaudequcrundam
1028 2855 1056 2911 iu
1081 2855 1189 2914 crimen
1211 2855 1386 2933 proditionis
1406 2859 1545 2933 pertracti
1663 2843 1669 2857 ⁸

186 2951 268 3019 sunt3
299 2941 444 3004 sollicitus
466 2961 532 3004 sum
555 2941 590 3003 de
615 2943 700 3020 ipsis,
723 2959 761 3002 ue
783 2939 914 3001 damnati
944 2943 973 2998 in
993 2937 1107 3021 synodo
1126 2942 1190 3019 jam
1214 2947 1338 3005 eobunte
1359 2943 1544 3021 nauusgmn

186 3031 340 3108 patiantur
371 3033 448 3091 circa
477 3033 646 3091 ueritatem*
662 3036 797 3107 respectu
819 3027 1016 3089 multitudinis
1038 3029 1198 3090 bominum.
1243 3029 1320 3091 llam
1342 3047 1395 3109 pro
1418 3035 1543 3094 veritate

186 3121 262 3197 ipsa,
287 3121 360 3179 citra
381 3121 563 3196 privatomm
586 3118 739 3186 bominum
762 3115 971 3178 collabentium
993 3124 1167 3194 respectum,
1191 3134 1250 3178 non
1273 3126 1317 3179 est
1341 3135 1426 3196 opus,
1449 3125 1482 3180 ut
1505 3119 1542 3183 ds

186 3206 373 3288 prouidentia
389 3207 446 3266 Dei
463 3206 613 3282 dubitem3
637 3205 717 3283 quod
739 3221 811 3266 vero
832 3205 910 3265 banc
932 3204 1131 3266 exclusionem
1156 3223 1251 3267 meam
1273 3207 1388 3278 attinet,
1413 3207 1469 3268 etsi
1484 3225 1543 3270 non

186 3311 290 3356 censeo
314 3293 511 3355 amoliendam
534 3312 586 3372 per
608 3293 821 3354 contessionem
844 3293 986 3367 maetam,
1016 3299 1196 3355 nontamen
1220 3299 1285 3355 eam
1308 3302 1464 3356 contemno
1486 3311 1541 3358 uec

185 3399 219 3444 aa
241 3381 351 3458 exulto,
375 3381 427 3443 sed
449 3382 547 3442 Deum
571 3398 632 3456 oro,
663 3388 696 3441 ut
717 3378 822 3459 spiritu
845 3397 899 3441 suo
922 3387 1025 3442 sancto
1047 3381 1117 3442 mibi
1141 3380 1235 3456 adsit,
1258 3399 1296 3466 ue
1319 3383 1389 3459 qaid
1412 3383 1483 3443 olim
1506 3401 1542 3447 es

185 3469 304 3547 dignum
327 3473 356 3528 in
378 3487 425 3532 me
449 3469 619 3544 admittam3
643 3469 686 3544 sic
709 3471 798 3529 etiam
821 3485 867 3529 me
891 3483 1037 3547 comparo,
1062 3475 1095 3530 ut
1118 3471 1146 3530 iu
1170 3470 1227 3531 boc
1249 3468 1382 3533 dissensu
1398 3487 1464 3532 meo
1478 3488 1539 3532 non

181 3557 271 3636 judex
294 3565 401 3632 vester,
426 3559 535 3635 qnippe
557 3555 652 3618 laicus
674 3557 748 3635 ipse,
770 3553 823 3616 sed
847 3559 1044 3618 conscientiae
1065 3560 1200 3636 privatae
1222 3558 1349 3620 mundae
1372 3566 1472 3620 custos
1493 3561 1542 3619 ln·
1652 3565 1656 3574 “

185 3649 296 3720 venias,
319 3653 350 3706 ct
371 3653 404 3706 nt
426 3647 646 3725 persecutiones
668 3644 749 3704 bona
771 3645 953 3704 conscientia
976 3644 1083 3720 ieram,
1114 3647 1140 3706 si
1161 3645 1236 3706 nibil
1262 3647 1365 3708 conus
1386 3649 1452 3708 e'srtt
1475 3663 1541 3709 cum

183 3733 293 3813 populo
317 3741 346 3794 et
369 3735 455 3810 quasi
478 3733 580 3813 populi
602 3730 701 3792 studio
724 3728 939 3792 defendendum
953 3735 1121 3812 suscipiam,
1144 3733 1305 3794 secundum
1321 3734 1541 3798 saluberrimam

184 3829 212 3882 et
236 3839 303 3882 vars
326 3819 521 3898 apostolicam
543 3820 773 3881 admonitionem
796 3819 1017 3899 archiepiscopi
1040 3819 1234 3899 Spalatiensis
1247 3823 1340 3884 Marci
1357 3822 1488 3884 Antonii
1502 3821 1539 3884 de

185 3909 318 3969 Dominis
345 3911 408 3981 (cir.
427 3911 481 3967 rol.
500 3911 522 3970 Ι.
541 3930 568 3983 p.
588 3911 668 3980 659);
700 3905 835 3968 consolor
857 3905 1015 3984 mequod
1037 3907 1119 3970 firmo
1143 3911 1233 3970 animi
1255 3910 1407 3989 proposito
1433 3909 1496 3986 jam
1519 3927 1539 3971 s

183 3995 282 4056 multis
304 3998 388 4056 annis
412 3995 580 4074 complexus
604 4011 669 4055 sum
692 4002 879 4074 praeceptum
901 3993 976 4054 illud
999 3989 1069 4056 dicti
1092 3997 1232 4076 Episcopi
1254 3997 1393 4072 alterum,
1417 4004 1451 4057 ut
1471 4014 1539 4058 ma·
1608 3992 1611 4002 '

183 4101 303 4146 neamus
333 4086 457 4164 primum
485 4085 515 4143 in
544 4085 653 4161 apertis
684 4082 769 4144 dictis
792 4081 823 4146 S.
847 4082 1024 4162 scripturae,
1053 4082 1159 4145 deinde
1181 4087 1206 4145 si
1229 4085 1386 4146 videantur
1407 4101 1538 4164 pugnare

183 4171 256 4246 locs,
280 4179 313 4232 ut
335 4169 396 4245 illa,
423 4171 531 4249 ,vado
555 4179 585 4232 ct
607 4172 761 4232 uobiscum
792 4167 888 4242 sum“,
918 4171 948 4230 in
979 4171 1219 4250 interpretatione
1241 4173 1295 4236 SS.
1317 4172 1455 4247 Petrum,
1487 4174 1539 4250 qul

185 4259 257 4320 baec
281 4259 501 4320 contentionum
524 4267 657 4337 tempora
678 4264 911 4331 antecesserunt,
933 4259 971 4316 -ln
993 4265 1135 4335 quantum
1157 4259 1210 4322 illa
1231 4276 1291 4322 uon
1312 4266 1411 4338 potest
1432 4262 1538 4322 erroris
1647 4317 1653 4326 ,

184 4349 303 4424 coargui
326 4347 365 4406 ab
388 4345 529 4424 analogia
550 4345 618 4407 tidcl
633 4353 664 4408 et
677 4345 835 4408 collatione
851 4345 1027 4425 Scripturas.
1040 4365 1043 4372 ·
1058 4348 1116 4408 Pro
1138 4346 1280 4410 ecclesiae
1303 4363 1373 4408 vero
1396 4345 1537 4410 trifariam

185 4433 298 4496 diuisae
321 4431 502 4494 adunatione
532 4435 596 4514 lpse
627 4451 692 4494 cunr
714 4431 827 4494 tamilla
849 4450 915 4494 mea
938 4433 1111 4511 quotidiana
1132 4443 1205 4496 vota
1233 4435 1309 4495 lucio
1333 4433 1536 4512 existimoque,

186 4539 241 4582 non
265 4523 384 4582 omnino
407 4523 539 4601 ineptum
562 4521 608 4581 iris
630 4521 819 4600 temporibus·
834 4519 976 4597 obtigisse
998 4521 1167 4600 chirurgum
1189 4521 1227 4582 ad
1248 4524 1308 4582 ista
1321 4521 1453 4582 sananda
1469 4523 1536 4583 vul·

185 4625 261 4684 nera,
283 4609 367 4670 illum
391 4625 478 4686 quern
500 4608 588 4669 modo
610 4607 817 4669 nominarlli.
833 4609 1004 4684 Antonium,
1027 4611 1084 4670 nial
1098 4608 1178 4687 quod
1200 4625 1269 4670 caro
1292 4607 1418 4686 putrida,
1442 4617 1535 4672 totum

186 4695 289 4758 ruinas
312 4696 461 4773 obsidens,
484 4697 564 4775 prius
586 4694 743 4758 recidenda
765 4701 810 4758 est
832 4695 931 4758 cultris
958 4695 1103 4776 generalis
1124 4695 1252 4773 alicujus
1273 4695 1345 4756 belli
1369 4695 1536 4776 Germanici

185 4801 270 4866 super
290 4783 449 4862 religione,
472 4783 552 4862 quod
573 4787 673 4846 nascio
695 4800 734 4844 an
756 4784 938 4847 incenderint
960 4783 1100 4860 Bobemi,
1127 4793 1158 4845 et
1179 4785 1248 4860 igne
1270 4782 1418 4845 exurenda
1439 4785 1535 4848 tribu·

184 4873 326 4938 bdonuru
349 4878 380 4934 st
400 4872 591 4935 afflictionum
614 4873 769 4938 roduam.
814 4871 893 4936 l'ieri
914 4889 987 4935 saus
1007 4877 1113 4952 potest,
1137 4869 1220 4954 quod
1239 4887 1299 4935 nou
1320 4873 1384 4936 voti
1404 4872 1458 4937 ssd
1478 4873 1535 4938 sd·
