3612 5538
578 413 845 490 amiantum
862 414 1150 480 mansionariae.
1453 413 1540 488 tc1t

188 608 235 653 ma
257 590 314 654 hac
334 593 400 657 rica
418 593 531 658 iactum
553 613 619 658 assa
641 593 784 679 minime),
816 600 889 660 haec
917 599 1136 680 metaphysieaa
1162 603 1301 664 scientiae
1323 619 1390 680 pars
1413 598 1539 678 denique

189 680 330 741 illustrior
353 691 382 743 et
404 683 578 762 locupletior
599 687 792 764 omnibusque
814 691 943 748 numeris
965 689 1128 750 absolutior
1149 693 1286 750 constitui
1308 691 1433 767 possit.“

292 770 351 830 Eas
374 789 448 848 quas
471 772 558 832 modo
586 774 738 834 retulimus
760 775 879 852 Kepleri
911 779 1064 854 opiniones
1092 793 1151 836 non
1177 775 1449 855 praetermittendas
1474 791 1539 837 essa

189 858 432 921 existimavimus.
477 859 534 935 Qui
558 862 634 921 enim
658 863 713 920 siri
735 880 803 924 sera
826 867 923 940 magni
948 867 1039 924 sitam
1063 865 1127 924 nult
1148 867 1348 938 conscribere,
1381 866 1408 924 ei
1431 879 1467 924 ne
1490 865 1538 921 in·

188 945 339 1008 firmitates
362 945 480 1025 quidem
503 955 592 1024 atque
615 965 725 1010 encres
748 952 814 1027 ejus
836 951 906 1012 licet
919 952 1038 1012 silentio
1053 954 1218 1030 praeterire,
1242 953 1354 1028 majora
1377 954 1454 1012 enim
1470 958 1539 1010 sunt

189 1033 252 1110 ejas
274 1035 387 1110 merita,
411 1052 498 1112 quam
521 1053 598 1112 quac
620 1035 736 1097 illarum
760 1044 1035 1101 commemoratione
1050 1039 1208 1100 cierentur.
1240 1040 1373 1099 Ceterum
1397 1039 1540 1102 admone·

189 1139 252 1180 mus
282 1122 405 1183 lectores
436 1123 630 1184 conclusionis
660 1126 757 1202 quarti
788 1126 853 1186 libri
883 1129 1009 1188 anobis
1038 1129 1160 1202 citatae,
1193 1128 1242 1188 ubi
1272 1129 1539 1204 experimenta

131 1230 135 1238 ¹
189 1216 302 1269 tautum
325 1227 357 1272 se
381 1212 422 1270 ait
444 1213 571 1287 prolerre
593 1229 689 1289 neque
712 1227 827 1289 cupere,
851 1223 884 1275 ut
906 1224 1046 1300 tanquam
1070 1233 1143 1290 opas
1165 1215 1252 1292 plana
1266 1215 1426 1292 pariactum
1450 1213 1540 1290 ,lima

188 1297 336 1358 liberrima
363 1299 485 1360 rationis
514 1302 657 1361 censura“
687 1303 897 1364 examinentur.
944 1301 1027 1379 Quas
1057 1305 1254 1379 experimenta
1284 1301 1444 1362 arctissime
1467 1317 1540 1361 con·

186 1384 290 1460 iuncta
312 1385 381 1445 sanc
403 1402 468 1446 cum
491 1389 602 1448 eunctis
624 1386 743 1464 Keplsri
764 1387 869 1449 stadiis
893 1392 922 1447 in
945 1389 1135 1466 astrologiam
1157 1389 1306 1467 impensis.
1343 1389 1440 1465 Quum
1463 1391 1540 1449 anim

189 1471 366 1534 nouaclum
388 1477 515 1535 muneris
537 1474 602 1551 ejtre
625 1482 711 1548 essct,
734 1493 799 1537 earn
822 1493 965 1550 exercere,
988 1479 1041 1538 sed
1065 1481 1153 1538 etiem
1174 1493 1279 1554 saepe,
1303 1486 1335 1536 ut
1357 1487 1409 1537 aut
1430 1495 1477 1536 res
1500 1475 1538 1538 ad

190 1561 281 1620 sitam
303 1564 484 1624 necessarias
511 1563 568 1622 albi
596 1571 779 1641 compararet
807 1572 859 1625 ant
886 1567 1045 1626 amisorum
1070 1565 1116 1624 ael
1145 1566 1291 1627 lautorum
1314 1563 1401 1624 alicui
1424 1571 1540 1648 patum

189 1649 310 1724 iaceret,
342 1647 380 1709 ad
403 1667 467 1710 eam
491 1650 648 1726 coningere
670 1660 837 1727 cogeretur,
868 1669 1001 1731 semper,
1032 1670 1090 1730 qtro
1118 1656 1212 1732 magis
1242 1651 1424 1713 tolerabilem
1454 1653 1538 1726 hant,

190 1751 278 1813 qnam
302 1738 394 1797 vitare
416 1753 475 1798 non
499 1744 607 1815 posset,
631 1741 853 1815 occupationem
876 1741 932 1800 sibi
956 1742 1071 1810 iaceret,
1097 1743 1124 1800 in
1140 1757 1176 1801 eo
1190 1739 1372 1813 elaborabat.
1396 1748 1427 1799 ut
1442 1748 1540 1800 astro-

189 1823 299 1900 logiam
321 1824 420 1886 multis
443 1826 588 1886 erroribus
610 1833 749 1904 purgaret
775 1835 805 1887 et
827 1828 1021 1888 rationalibus
1051 1829 1156 1888 tinibus
1184 1828 1430 1888 circumscriberet
1459 1835 1489 1888 et
1509 1830 1539 1886 in

190 1911 425 1990 philosophicam
448 1911 595 1990 quandam
617 1912 739 1974 formam
761 1913 914 1991 redigeret.
961 1916 1082 1977 Accedit
1104 1915 1184 1992 qnod
1206 1915 1304 1975 studia
1325 1915 1540 1994 philosophica,

190 2015 266 2076 quaa
289 1999 340 2060 iilo
365 2007 495 2078 tempore
518 2002 667 2078 rigebant,
690 2019 804 2080 semper
827 2004 904 2062 circa
927 2005 1070 2080 ejusmodi
1094 2003 1272 2065 subtilitates
1288 2005 1487 2076 versabantur,
1511 2009 1541 2063 et

190 2085 386 2163 quadrarum
408 2089 585 2149 naturalium
610 2091 733 2150 seleutia
756 2092 844 2150 stiam
875 2098 936 2150 tum
960 2090 1178 2169 quodammodo
1207 2093 1236 2150 in
1260 2091 1445 2151 incunabulis
1468 2097 1540 2154 arai.

190 2174 228 2234 lit
248 2175 477 2251 petridcationes
500 2176 616 2253 quidem
639 2184 701 2236 tum
724 2185 847 2238 naturae
869 2178 952 2239 lusus
966 2182 1126 2240 censebant
1140 2195 1214 2252 esse,
1237 2187 1291 2238 ant
1312 2194 1377 2238 cnm
1399 2177 1542 2256 partubus

189 2265 382 2324 monstruosis
405 2263 453 2324 rel
477 2267 558 2324 vitiis
581 2264 782 2342 corporalibus
804 2283 840 2326 ex
862 2270 963 2328 matris
986 2269 1126 2345 gravidae
1142 2268 1351 2343 imaginatione
1375 2267 1445 2326 ortis
1460 2281 1543 2326 eom·

189 2350 343 2426 parabant.
389 2352 444 2412 Vel
467 2352 601 2413 homines
622 2368 809 2429 nequaqnam
831 2354 904 2414 latui
926 2362 1115 2433 tempestates
1138 2363 1167 2417 et
1189 2354 1334 2432 proeellas
1356 2371 1375 2413 a
1395 2355 1490 2430 magis
1512 2359 1556 2413 et.

190 2437 360 2499 mulieribus
384 2439 523 2500 veneticis
545 2438 664 2500 conflari
688 2439 858 2516 credebant,
890 2459 986 2519 neque
1008 2443 1155 2519 chlerus
1178 2443 1241 2520 ipse
1264 2443 1388 2502 aliorum
1412 2442 1541 2501 auctori·

190 2529 244 2586 tati
266 2525 353 2586 iidem
377 2527 490 2588 habena
513 2525 637 2603 dubitat,
662 2529 731 2604 quin
754 2527 849 2606 lapilli
872 2531 901 2589 in
924 2529 1023 2591 hiatus
1045 2533 1188 2590 montium
1202 2535 1262 2589 'ant
1284 2529 1366 2589 lacus
1386 2535 1542 2590 montanos

189 2613 314 2689 conjecti
337 2617 366 2673 in
390 2617 427 2675 iis
446 2615 519 2674 locis
542 2623 732 2692 tempestates
755 2619 909 2678 concitent.
939 2618 1072 2694 vapores
1088 2625 1185 2678 antem
1209 2635 1244 2678 ex
1266 2624 1342 2677 terra
1365 2619 1491 2677 orientes
1510 2621 1540 2676 st

189 2701 316 2762 nebulae
339 2720 358 2762 a
380 2703 529 2762 montibus
551 2703 712 2780 pendentes
735 2710 764 2763 ct
786 2702 846 2764 alia
869 2705 1012 2781 ejusmodi
1032 2705 1121 2766 endor
1136 2703 1256 2782 quidam
1278 2711 1371 2764 tauns
1387 2705 1539 2764 existima·

190 2789 306 2852 bantur.
336 2790 484 2850 Beatiolas
499 2789 590 2850 intimi
612 2792 727 2868 generis
750 2793 779 2849 in
802 2790 879 2868 pella
893 2791 1018 2854 aliorum
1041 2791 1211 2853 animalium
1227 2793 1367 2869 degentes
1382 2798 1412 2852 et
1425 2790 1541 2868 planias

190 2878 363 2952 parasiticae
378 2877 578 2955 inexplicabili
594 2877 721 2954 quadam
738 2879 768 2937 vi
783 2880 944 2955 generabili
959 2889 1081 2941 naturae
1096 2880 1239 2957 putabant
1250 2881 1405 2956 procreari,
1421 2878 1541 2938 eadem-

190 2979 248 3038 qne
270 2966 383 3026 ratione
406 2975 601 3027 monstrorum
623 2969 799 3026 marinorum
829 2965 912 3027 velot
941 2968 1131 3029 balaenarum
1153 2975 1183 3028 ei
1204 2969 1381 3044 serpentium
1410 2967 1541 3027 marino·

191 3069 253 3110 ram
277 3055 420 3130 originem
443 3052 645 3131 explicandam
668 3071 742 3114 esse.
790 3052 846 3130 Qui
871 3054 1007 3129 (landant,
1030 3055 1156 3129 Portae,
1187 3053 1218 3116 J.
1242 3055 1275 3114 C.
1299 3053 1442 3131 Scaligcrl
1463 3051 1541 3114 alio-

190 3157 313 3218 mmqne
336 3159 425 3220 opera
448 3141 567 3218 legerit,
600 3143 627 3202 el
649 3157 707 3202 non
730 3141 896 3202 mirandum
922 3143 1085 3216 videbitur,
1116 3146 1141 3203 si
1162 3143 1323 3220 Rapienda,
1355 3145 1465 3218 qnippe
1489 3141 1540 3217 qui

190 3245 285 3307 nequa
308 3229 437 3302 haberet,
460 3229 538 3290 nude
561 3245 662 3290 aarum
683 3229 816 3303 disceret,
839 3247 935 3307 neqrre
958 3233 1029 3308 ipse.
1043 3247 1095 3290 ens
1117 3247 1163 3291 ree
1178 3231 1353 3308 perscrutari
1375 3236 1488 3308 posset,
1510 3234 1541 3288 at

189 3320 252 3394 ipse
275 3317 386 3376 talibus
416 3318 562 3377 amoribus
594 3317 754 3394 implicitus
782 3333 893 3395 eosque
921 3321 1100 3395 argumentis
1128 3317 1341 3397 philosophicis
1369 3315 1540 3380 confirmare

189 3411 313 3466 sonaim
335 3413 390 3466 est.
436 3404 467 3464 Si
489 3411 642 3482 praeterea
663 3407 855 3481 reputaveris,
879 3415 1059 3482 quantopere
1081 3407 1228 3486 Keplerus
1258 3407 1367 3482 ingenii
1390 3405 1468 3466 lumi
1491 3405 1540 3463 in·

137 3551 141 3562 ,
190 3492 310 3570 dulgere
332 3499 363 3552 et
386 3492 495 3568 ubique
518 3491 672 3568 analogias
694 3491 834 3568 indagare
857 3493 961 3552 solitus
984 3496 1031 3568 sit,
1054 3495 1127 3555 satis
1149 3494 1258 3555 dicium
1282 3491 1470 3554 videaturad
1486 3509 1539 3552 sx-

188 3579 354 3660 plicandam
377 3588 407 3640 et
428 3581 533 3656 partim
556 3579 751 3640 excusandam
773 3595 873 3641 aarum
896 3581 1066 3657 opinionum
1080 3584 1253 3655 novitatem,
1277 3597 1353 3658 qnae
1375 3581 1430 3640 sub
1452 3579 1540 3640 men

189 3670 286 3748 quarti
308 3675 338 3728 et
360 3668 444 3728 initio
468 3667 560 3743 quinti
584 3667 648 3726 libri
671 3667 897 3744 perscribuntur.

300 3756 435 3816 Ceterum
458 3769 635 3831 magnopere
659 3757 805 3829 erraverit,
829 3757 879 3831 qui
905 3755 1020 3830 credat,
1043 3753 1162 3816 easdem
1185 3771 1261 3832 quae
1285 3757 1313 3813 in
1338 3763 1442 3832 quarto
1464 3752 1540 3814 libro

188 3846 276 3904 etiam
307 3845 338 3902 in
360 3844 464 3904 ultimo
487 3842 665 3902 Harmoniae
696 3842 769 3903 libro
799 3844 988 3918 quaestiones
1002 3843 1168 3905 contineri.
1214 3843 1271 3904 ilic
1294 3846 1371 3902 enim
1393 3841 1539 3918 Kaplerus

187 3931 289 3991 mundi
310 3931 492 3990 harmoniam
514 3931 612 3990 animo
634 3945 689 3990 suo
712 3930 881 4003 observans,
905 3918 994 4005 quain
1017 3930 1085 3991 inde
1107 3949 1126 3991 a
1148 3930 1300 3990 Prodromi
1322 3933 1369 3990 sni
1390 3931 1540 4005 conserip-

188 4023 267 4080 tione
290 4035 349 4078 non
372 4020 525 4090 omiserat,
555 4016 606 4077 sed
630 4019 659 4076 in
682 4018 818 4078 omnibus
846 4020 983 4094 operibns
1013 4019 1216 4078 mucnomicis
1238 4018 1448 4095 posterioribus
1469 4025 1538 4076 tan·

187 4125 277 4185 qnam
299 4123 444 4166 summum
466 4104 627 4166 studiorum
650 4121 768 4165 sucrum
790 4104 877 4164 finem
893 4109 986 4181 primo
1001 4105 1067 4167 loco
1083 4115 1229 4182 posuerat,
1253 4107 1450 4164 astronomiae
1468 4120 1540 4162 nans

187 4194 373 4256 adminiculis
396 4195 599 4272 proportiones
621 4199 753 4252 motuum
775 4199 805 4253 et
827 4191 1031 4252 distantiarum
1046 4194 1238 4272 planetarum,
1263 4207 1338 4268 qnae
1353 4193 1539 4252 observatio·

186 4285 275 4342 nibus
298 4289 535 4360 computruerat,
551 4297 639 4342 ,ιιιιιιΙ
654 4281 814 4340 harmoniis
836 4281 1026 4342 musicalibus
1049 4280 1244 4359 comparando
1268 4279 1407 4355 eoumqui
1430 4276 1538 4338 studet.

188 4369 282 4447 Quem
306 4368 453 4430 adclinem
477 4385 654 4445 quamquam
677 4385 715 4429 ne
737 4367 793 4428 hac
816 4367 933 4444 quidem
959 4371 1009 4428 ria
1035 4371 1170 4446 persenit
1192 4369 1298 4444 (neque
1321 4367 1398 4425 euim
1421 4364 1452 4424 id
1475 4381 1540 4424 om·

187 4462 256 4518 nino
279 4455 378 4534 perlici
401 4472 489 4534 posse
511 4453 647 4536 videtur),
670 4467 767 4516 tamen
790 4461 893 4515 mirum
911 4455 978 4516 tulit
991 4457 1103 4518 laboris
1117 4455 1293 4533 praemium
1314 4468 1383 4513 nam
1398 4469 1451 4529 per
1467 4452 1541 4514 hacc

188 4543 287 4607 stedia
307 4543 501 4604 immortalem
524 4559 606 4602 snam
630 4545 745 4604 tertiam
767 4542 863 4619 legem
881 4546 1002 4618 invenit,
1026 4561 1103 4622 quae
1118 4543 1321 4620 proportiones
1335 4539 1402 4600 illas
1424 4539 1540 4618 simpli-

189 4635 304 4694 cissime
319 4634 455 4710 exprimit
477 4639 506 4692 at
521 4631 666 4691 uescenti
690 4631 727 4692 de
750 4631 946 4700 gravitatione
969 4631 1117 4693 doctrinae
1139 4629 1225 4705 quasi
1247 4625 1467 4687 tundamentum
1482 4645 1540 4704 pu·

189 4721 280 4782 tanda
301 4729 357 4782 cet.
389 4719 498 4795 Rejicit
520 4721 549 4776 in
573 4718 624 4777 illo
639 4717 715 4777 libro
738 4717 884 4794 Keplarus
906 4723 1081 4779 sententiam
1104 4718 1142 4776 ab
1158 4719 1222 4791 ipsc
1236 4717 1427 4791 propositam,
1451 4731 1540 4789 quam

189 4809 238 4870 din
260 4825 363 4868 reram
385 4809 617 4878 existimaverat,
649 4804 687 4864 ad
711 4821 833 4881 corpeus
856 4805 1004 4881 regularia
1023 4813 1104 4864 ratas
1126 4800 1293 4862 reserandas
1315 4817 1380 4864 esse
1401 4801 1539 4880 planeta·

188 4913 252 4960 rum
274 4896 396 4971 orbitas,
420 4881 572 4958 numeram
594 4899 693 4954 autam
716 4909 817 4964 eornm
833 4895 983 4954 etiamtunc
1007 4909 1041 4952 ax
1063 4887 1121 4949 iilis
1143 4895 1244 4950 censet
1257 4888 1394 4967 pandera
1431 4891 1541 4954 Οοιιιη
