3624 5554
279 409 346 482 ιιι
791 407 1125 481 vraronmnepres.

383 589 418 648 ln
439 588 497 650 bac
518 587 718 668 disputatione
747 607 866 652 ιιιιιιιιο
898 590 973 652 Ιιιιι
1003 607 1144 652 concmea
1170 591 1329 650 axiomata.
1374 586 1517 660 Ριὶιιιιιιιι,
1547 581 1635 662 guod¹

281 679 415 739 Christus
438 681 598 738 etiamnum
620 679 708 740 hodic
737 677 803 755 lege
826 687 949 740 naturae
971 680 1002 737 in
1025 695 1085 738 uno
1109 685 1187 739 certo
1210 686 1239 738 et
1261 675 1382 736 delinito
1411 675 1476 734 loco
1504 674 1627 746 habitet,

282 777 315 826 ιιι
337 766 431 843 ajunt,
453 765 594 827 localiter.
623 767 728 844 ltaque
744 769 854 843 ubique
869 775 914 829 est
936 783 995 827 non
1017 765 1160 840 localiter,
1183 766 1231 827 vel
1247 766 1333 826 abeat
1347 764 1480 823 localiter
1493 779 1512 821 a
1525 763 1629 822 ceteris

281 855 356 915 locis
379 855 524 913 omnibus.
579 855 707 929 Deinde,
736 855 816 932 quod
849 854 968 915 modurn
999 857 1262 931 omnipraesentiae
1292 854 1438 927 acceperit
1466 847 1518 927 pel
1539 851 1628 908 nnio-

279 959 346 1002 nem
368 941 545 1002 Naturarum
567 952 597 1002 et
619 945 911 1004 communicationem
934 941 1120 1002 idiomatum:
1144 943 1257 1002 scilicet
1278 956 1336 1000 non
1360 949 1406 998 est
1426 937 1502 998 alius
1523 935 1629 996 modus

279 1031 521 1106 omnipraesentis
543 1033 648 1106 carnia,
672 1049 760 1108 quam
783 1041 828 1091 ιιι
851 1033 1092 1108 omnipraesentis
1115 1031 1207 1091 verbi.
1252 1029 1342 1088 Hisce
1363 1029 1468 1102 positis
1490 1029 1629 1085 universa

280 1118 440 1192 disputatio
469 1117 631 1178 revolvitur
660 1119 699 1180 ad
728 1120 848 1179 modom
879 1120 1141 1196 omnipraesentiae
1171 1117 1299 1177 divinae.
1344 1115 1400 1174 Illa
1428 1131 1486 1173 non
1517 1121 1562 1173 eet
1591 1129 1627 1171 er

279 1205 472 1282 Philosophia
494 1205 630 1283 petenda,
653 1206 705 1267 sed
728 1225 764 1266 ex
778 1207 868 1267 Sacra
884 1206 1042 1284 Scriptura.
1081 1205 1223 1281 Quamvis
1237 1205 1361 1265 libenter
1375 1202 1497 1262 admitto
1509 1204 1627 1260 tertiam

279 1292 356 1352 hauc
377 1293 554 1371 hypothesin
577 1293 826 1371 philosophicam,
858 1295 937 1372 quod
959 1295 1042 1354 Deus
1064 1297 1107 1354 sic
1129 1297 1220 1353 sitin
1247 1291 1396 1364 omnibus,
1425 1297 1458 1349 ut
1480 1289 1566 1348 simul
1588 1289 1628 1346 sit

280 1393 365 1440 extre
385 1384 494 1442 omnia.
539 1381 606 1442 Hoc
628 1399 686 1441 uon
710 1391 754 1442 est
776 1399 873 1442 crasse
895 1381 1127 1457 intelligendum,
1151 1383 1237 1459 qnasi
1258 1389 1352 1440 totum
1366 1378 1505 1438 mnndum
1527 1376 1628 1436 multis

280 1469 413 1546 partibus
436 1471 581 1529 essentisc
603 1487 675 1529 auae
697 1470 774 1529 mole
796 1470 908 1548 repleat
930 1479 960 1529 et
979 1468 1079 1528 multia
1100 1471 1233 1546 partibus
1247 1467 1382 1540 inundet,
1407 1466 1459 1525 sed
1473 1467 1524 1538 sic,
1548 1463 1627 1540 quod

281 1557 409 1632 quodam
430 1567 565 1633 respectu
587 1559 626 1617 sit
648 1560 676 1615 in
700 1559 844 1632 omnibus,
869 1558 996 1635 quodam
1019 1573 1089 1616 vero
1111 1566 1244 1635 respectu
1268 1565 1350 1616 extra
1372 1557 1479 1613 omnia.
1522 1552 1628 1628 ltaque

281 1643 391 1704 Sacrae
413 1644 579 1722 scripturae
601 1645 661 1705 iere
683 1653 842 1722 perpetuus
864 1663 929 1705 moe
945 1653 997 1719 eet,
1021 1653 1054 1702 ιιι
1076 1646 1117 1705 ibi
1139 1652 1322 1722 praesentem
1342 1643 1436 1702 Deum
1458 1641 1553 1714 dicat,
1576 1639 1628 1698 uhi

282 1738 418 1808 operatur
439 1740 469 1792 ct
490 1736 685 1810 praesentiam
707 1751 760 1810 pro
782 1736 951 1810 operatione
973 1739 1078 1793 sumat.
1123 1733 1238 1792 Deinde
1261 1733 1363 1791 tribuit
1384 1730 1449 1789 Deo
1472 1729 1627 1789 coelestem

282 1822 446 1896 regionem,
476 1818 556 1896 qnod
580 1829 703 1880 testatur
726 1837 886 1882 consensus
908 1821 1049 1881 locomm.
1089 1820 1229 1896 ,Coelum
1250 1820 1363 1879 coelum
1378 1817 1498 1891 domini,
1520 1823 1625 1876 terram

281 1917 379 1974 autem
395 1907 475 1968 dedit
489 1907 555 1966 liliis
569 1905 748 1968 hominum.“
790 1910 898 1989 „Pater
916 1916 1016 1968 noster
1031 1910 1082 1984 qai
1098 1926 1129 1968 es
1144 1910 1175 1967 in
1189 1908 1319 1980 Goelis“,
1342 1913 1372 1966 et
1386 1905 1519 1964 Christus
1540 1920 1627 1963 orans

281 1997 311 2054 in
326 1994 448 2055 (ioelum
463 1997 605 2072 suspexit.
634 1995 780 2073 Imprimis
797 2004 826 2060 3.
842 1997 914 2074 Reg.
931 2002 967 2056 8:
988 1994 1039 2072 ,st
1062 1999 1210 2056 oraverint
1224 1998 1253 2053 in
1268 1994 1334 2055 loco
1350 1995 1416 2068 isto,
1439 2001 1471 2052 ιιι
1487 1991 1627 2052 exaudies

280 2085 308 2140 in
332 2084 397 2142 loco
421 2083 584 2143 habitaculi
599 2087 642 2142 tui
657 2087 688 2142 in
703 2082 824 2156 coelis“,
846 2101 913 2144 cum
928 2092 1027 2144 tamen
1046 2092 1135 2144 antea
1149 2085 1303 2160 negaverit
1317 2082 1408 2141 ullum
1431 2081 1528 2140 locum
1544 2079 1627 2138 sulli-

278 2173 402 2232 cientem
426 2189 490 2232 esse
513 2171 655 2248 capiendo
672 2172 747 2234 Deo.
786 2171 820 2232 ld
834 2171 980 2248 Theologi
996 2171 1081 2245 ajnnt
1101 2171 1162 2231 lieri
1178 2171 1226 2231 vel
1241 2170 1279 2230 ed
1295 2167 1516 2245 significandam
1532 2167 1627 2242 maje-

279 2266 385 2319 statem
400 2259 467 2333 Dei,
491 2259 719 2336 quamiigurate
733 2259 847 2320 coelum
868 2271 897 2319 et
912 2259 1095 2320 altitudinem
1117 2259 1216 2318 dicant
1228 2258 1261 2318 S.
1277 2259 1419 2318 Litterae:
1443 2257 1491 2316 vel
1514 2257 1584 2331 quia
1598 2257 1627 2312 in

278 2345 368 2406 coelis
391 2347 530 2405 illustrior
545 2347 602 2406 Dei
617 2349 758 2422 operatio.
790 2347 889 2408 Tertio
912 2349 955 2406 sic
968 2349 1057 2406 etiam
1079 2347 1209 2423 loquitur
1230 2345 1289 2406 lere
1305 2345 1472 2406 Johannes:
1497 2343 1627 2402 Verbum

280 2441 353 2493 caro
370 2434 479 2494 iactum
503 2444 547 2494 ιιι
570 2442 599 2494 ιι
622 2434 769 2494 habitavit
788 2437 818 2492 in
837 2435 933 2507 nobis,
957 2435 985 2492 in
1002 2451 1060 2511 quo
1076 2433 1140 2494 solo
1156 2440 1238 2494 textu
1253 2432 1401 2494 stabilitur
1421 2432 1525 2490 localis
1540 2448 1628 2508 prae·

278 2523 382 2582 sentia.
419 2522 538 2590 Scilicet
560 2530 593 2581 ut
615 2524 737 2583 verbum
760 2539 829 2584 caro
851 2523 961 2582 lactum
984 2530 1037 2596 est,
1061 2522 1141 2599 quod
1163 2521 1266 2595 videri,
1289 2521 1404 2598 palpari
1425 2528 1555 2596 poterut,
1586 2520 1629 2576 eic

278 2609 404 2669 illocalis
435 2608 536 2669 localis
565 2609 660 2672 lactus
682 2617 728 2670 ιιι
754 2611 784 2668 in
813 2627 902 2670 cerne
931 2609 1031 2670 locali.
1075 2609 1135 2670 Sed
1157 2612 1187 2668 in
1209 2613 1303 2686 primo
1326 2616 1356 2668 et
1382 2606 1511 2667 secundo
1541 2603 1627 2664 modo

213 2761 218 2776 ¹
277 2697 360 2757 nulla
382 2696 479 2756 adhuc
501 2697 622 2756 insertur
645 2699 789 2757 essentiae
804 2697 862 2756 Dei
885 2699 1141 2774 omnipraesentia.
1186 2696 1313 2772 Quarto:
1337 2698 1362 2754 ai
1385 2703 1483 2754 autem
1506 2710 1630 2770 quaeras

279 2805 315 2844 an
340 2785 423 2844 ullibi
446 2788 475 2842 in
491 2784 522 2844 S.
541 2785 659 2844 Litteris
682 2784 850 2846 stabiliatur
872 2787 1017 2856 essentiae
1040 2787 1220 2863 praesentia,
1243 2786 1426 2844 inveniemus
1459 2789 1486 2845 3.
1510 2781 1583 2858 ch.
1600 2787 1628 2841 8.

279 2875 379 2948 negari
401 2874 503 2949 primo,
527 2873 625 2933 Deum
647 2873 780 2932 habitare
805 2872 960 2949 intemplo
976 2871 1237 2951 Jerosolymitano,
1260 2871 1365 2931 deinde
1381 2875 1410 2929 in
1430 2873 1521 2943 terris,
1545 2870 1629 2930 tertio

279 2959 310 3018 id
332 2977 389 3019 non
413 2959 449 3020 de
473 2963 644 3037 operatione
673 2959 722 3021 vel
744 2962 841 3036 gratia
863 2969 960 3022 sonat.
1005 2959 1081 3020 Nam
1104 2979 1141 3022 ea
1162 2961 1273 3036 ubique
1298 2967 1357 3031 eet,
1387 2966 1475 3018 sonat
1501 2973 1570 3034 ergo
1594 2955 1630 3016 de

280 3047 424 3122 Essentia,
449 3048 501 3108 sed
523 3066 620 3125 neque
643 3047 678 3109 de
702 3047 791 3108 locali
812 3051 980 3124 praesentia
1001 3055 1088 3108 sonat
1110 3049 1255 3108 distincte.
1285 3047 1359 3106 Gnm
1375 3063 1444 3122 crgo
1459 3044 1549 3123 paulo
1564 3051 1632 3121 post

280 3143 411 3212 negetur,
434 3135 566 3198 habitare
583 3137 679 3197 Deum
702 3137 731 3192 in
748 3134 838 3194 coelis
854 3135 1010 3209 coelorum,
1035 3136 1084 3195 vel
1106 3137 1135 3192 in
1159 3143 1221 3194 toto
1243 3134 1363 3208 mundo,
1387 3153 1423 3194 ex
1445 3133 1503 3193 hoc
1516 3131 1633 3192 ridetur

279 3239 338 3282 non
360 3225 459 3300 inopte
475 3223 589 3284 ostendi
611 3241 698 3300 posse
721 3222 885 3299 multopere
907 3225 1025 3282 axioma
1046 3223 1119 3282 illud
1141 3221 1386 3300 philosophicum,
1410 3221 1507 3281 Deum
1519 3221 1631 3280 ratione

282 3313 425 3372 essentiae
448 3310 552 3371 nullibi
575 3311 708 3371 habitare
731 3313 760 3368 in
782 3310 902 3371 mundo.
946 3311 1021 3370 Nam
1046 3329 1105 3370 nou
1128 3319 1242 3370 tantum
1264 3307 1363 3369 nullus
1388 3309 1494 3368 modus
1519 3317 1634 3384 praeter

277 3407 470 3458 enumeratos·
479 3407 645 3459 recensetur
658 3401 690 3458 in
704 3397 862 3475 Scriptura,
886 3396 937 3458 sed
953 3401 1043 3458 etiam
1058 3399 1105 3458 hic
1121 3405 1217 3458 textus
1233 3405 1332 3475 aperte
1347 3414 1462 3471 omnes,
1487 3399 1538 3472 qui
1559 3413 1632 3456 con-

280 3485 349 3562 fingi
366 3496 493 3562 possent,
516 3487 618 3563 rejicit.
648 3487 753 3562 Itaque
769 3488 793 3544 si
810 3487 1023 3562 omnipotentia
1046 3495 1076 3547 et
1090 3487 1229 3562 maJ'estea
1245 3485 1327 3545 verbi
1352 3486 1566 3544 communicata
1588 3490 1632 3542 ιιι

282 3575 371 3647 carni,
395 3581 428 3632 ut
450 3582 526 3633 certe
546 3583 604 3649 est,
627 3573 741 3633 nullom
763 3575 853 3650 igitur
874 3573 1033 3633 absurdum
1056 3577 1188 3652 sequitur
1211 3577 1239 3632 in
1260 3575 1536 3649 omnipraesentiam
1552 3572 1631 3632 carni

284 3661 397 3734 datam,
428 3678 503 3738 quae
526 3661 568 3719 nil
591 3661 757 3735 alindest,
788 3679 877 3737 quam
900 3663 1042 3738 operatio.
1088 3661 1201 3722 Sedena
1230 3664 1318 3737 igitur
1341 3660 1474 3720 Christus
1496 3662 1526 3717 in
1549 3659 1632 3720 coelo

282 3747 414 3810 localiter
443 3757 578 3826 operatur
607 3751 706 3809 omnia
736 3753 765 3806 in
790 3750 924 3808 omnihus
953 3747 1086 3810 localiter
1108 3751 1228 3821 absens,
1259 3747 1400 3824 quamdiu
1422 3748 1504 3808 Deus
1527 3746 1632 3808 sedens

283 3837 386 3897 nullibi
405 3845 542 3914 operatur
556 3834 658 3896 codem
668 3835 755 3896 modo
767 3836 907 3919 lpcaliter.
917 3879 941 3895 ..
961 3840 1047 3908 (Haec
1067 3847 1217 3909 sequuntur
1236 3853 1325 3908 pauca
1339 3837 1418 3892 nimia
1431 3835 1552 3904 (ιιιιίιι.)

386 3935 447 3991 Vol.
466 3936 542 3992 XXI.
567 3935 634 3988 Mas.
653 3926 768 3990 Pullrov.
793 3941 885 3991 exstat
907 3935 1014 4004 longior
1036 3941 1171 3990 tractatus
1196 3935 1308 4003 Kepleri
1327 3935 1395 4002 (non
1414 3935 1449 3989 ad
1474 3935 1556 3990 finem
1573 3949 1633 4003 per·

283 4025 395 4093 ductus)
415 4025 462 4093 qui
480 4024 523 4080 his
540 4023 648 4092 incipit:
672 4018 775 4079 Mense
797 4019 905 4078 Martio
934 4023 1004 4080 anni
1028 4026 1078 4079 99.
1103 4036 1139 4078 ex
1162 4018 1289 4078 lectione
1311 4017 1517 4094 Navigationis
1540 4017 1633 4080 Bata·

283 4112 366 4170 vicae
390 4107 480 4167 incidi
503 4110 532 4167 in
556 4107 831 4183 contemplationem
864 4106 1146 4167 declinationis
1173 4107 1372 4182 magnetis,
1404 4106 1455 4164 ubi
1486 4123 1551 4165 cum
1584 4105 1633 4164 diu

282 4197 465 4273 multumque
489 4195 635 4272 fatigarer,
657 4203 811 4271 pertaesus
827 4193 933 4254 calculi
948 4204 977 4256 et
992 4196 1152 4272 imperitior
1166 4193 1256 4271 paulo
1271 4191 1351 4252 illius
1366 4210 1500 4270 praxeos,
1525 4193 1633 4270 Aprilis

284 4288 367 4345 initio
390 4283 502 4357 incidit,
526 4301 584 4342 non
608 4284 662 4342 abs
684 4298 716 4342 re
738 4283 807 4355 iore,
831 4285 856 4341 si
881 4299 974 4343 canon
999 4282 1178 4356 conderetur,
1203 4298 1263 4357 qua
1284 4299 1345 4341 una
1359 4298 1448 4358 opere
1462 4283 1492 4339 in
1515 4283 1634 4342 unirer-

285 4392 349 4433 snm
372 4372 431 4432 iere
455 4387 582 4432 canones
603 4373 720 4430 sinuum
744 4379 773 4430 et
794 4370 930 4430 foecundi
954 4374 1184 4448 antiquaruntur,
1207 4371 1326 4446 ingenia
1347 4369 1459 4429 nobilia
1481 4368 1520 4428 ad
1542 4371 1634 4429 trian-

284 4462 418 4538 gulorum
447 4457 722 4536 contemplationem
744 4465 774 4516 et
796 4461 1000 4519 tractationem
1031 4457 1216 4519 allicerentur
1243 4463 1354 4518 remoto
1384 4460 1511 4516 maximo
1534 4457 1633 4516 labore

286 4548 538 4625 multiplicationis
562 4561 591 4606 et
614 4545 779 4608 divisionis.
824 4545 911 4605 Initio
937 4553 965 4608 7.
990 4547 1060 4626 Apr.
1084 4547 1228 4606 rationem
1250 4547 1304 4602 inii
1326 4543 1535 4624 magnitudinis
1557 4545 1633 4604 libri.

287 4646 397 4702 Calculo
416 4647 550 4703 subducto
569 4647 706 4717 prodeunt
722 4643 841 4714 Keplero
859 4645 911 4700 100
923 4643 993 4714 libri,
1012 4643 1110 4715 singuli
1127 4645 1180 4700 810
1192 4643 1327 4714 foliorum,
1347 4659 1431 4714 quare
1450 4651 1554 4700 mutato
1572 4659 1634 4698 con·

287 4732 347 4787 silio
365 4741 429 4801 post
445 4736 520 4788 varie
542 4735 692 4790 tentamina
713 4731 821 4789 reducit
844 4745 975 4787 canonem
993 4732 1029 4790 ad
1047 4745 1131 4788 unum
1155 4731 1282 4786 volumen
1301 4731 1354 4788 810
1372 4729 1507 4787 loliorum.
1543 4729 1635 4785 Rediit

286 4819 321 4876 ad
338 4819 411 4874 idem
428 4837 558 4879 conamen
578 4825 604 4880 d.
617 4825 659 4883 20.
672 4821 792 4894 Augusti
810 4821 874 4877 anni
893 4821 969 4892 1001,
988 4835 1077 4892 neque
1094 4833 1158 4875 vere
1176 4818 1250 4875 ultra
1266 4817 1345 4874 initia
1361 4819 1493 4890 pervenit,
1512 4833 1569 4873 rem
1587 4817 1634 4872 im·

285 4905 435 4986 perfetione
452 4908 617 4980 relinquens.
654 4909 797 4986 specimen
814 4911 911 4969 horum
929 4913 1075 4967 conatuum
1092 4905 1265 4967 exhibuimus
1283 4911 1366 4979 supra
1382 4923 1446 4980 pag.
1463 4906 1517 4964 226
1528 4921 1563 4964 ιι.
