3516 5540
232 403 297 475 628
536 401 725 466 ,ammonam
742 401 881 462 Historiae
900 401 1092 461 Asaoaomiae
1109 402 1204 460 000010
1221 402 1293 460 XVI.

233 585 319 658 turio,
342 601 403 662 qna
424 585 455 644 in
477 603 508 646 re
531 584 628 646 adhuc
642 585 789 648 haeream.
825 585 942 648 Dicam.
981 582 1106 661 Quando
1120 583 1270 646 wamelis
1291 581 1394 644 Lanae
1417 589 1463 644 est
1478 578 1515 643 00
1535 588 1590 645 aut

239 672 332 746 180⁰,
357 681 426 733 tanc
441 672 630 734 nihilominus
652 682 837 752 potestesse
860 674 998 750 aequatio
1021 673 1137 750 aliqua,
1166 681 1226 732 tam
1245 669 1383 732 addenda
1405 689 1494 748 qaam
1516 672 1591 731 aab·

234 759 387 834 trahenda,
410 761 523 822 scilicet
546 769 631 835 tuae,
660 761 779 839 quando
802 761 888 822 Lana
910 761 997 821 simul
1020 769 1065 822 eet
1087 781 1106 822 a
1128 759 1198 822 Sole
1223 759 1269 819 vel
1292 759 1356 835 ejas
1380 763 1517 836 opposito
1542 776 1590 818 re·

232 855 314 908 mota
337 847 411 909 400.
457 848 514 909 Η10
538 867 593 927 ego
607 852 722 926 putavi,
747 849 894 910 circellum
918 848 1101 909 lihratoriam
1122 848 1178 907 hos
1200 846 1286 907 ludos
1308 849 1415 920 iacere,
1439 849 1510 924 quia
1525 845 1591 922 ejus

232 938 389 1012 aequatio,
419 936 553 1014 Tychoai
576 939 702 997 variatio
726 935 821 1010 dicta,
850 939 880 995 in
904 937 959 997 hac
981 954 1001 995 a
1022 936 1092 998 Sole
1115 936 1257 996 distantia
1279 941 1325 994 est
1346 935 1490 1008 maxima,
1530 931 1590 993 Sed

231 1025 387 1084 manifeste
409 1041 474 1084 sam
497 1023 646 1102 deceptus.
692 1024 767 1086 Nam
797 1025 1021 1084 ohservationes
1050 1025 1286 1084 constantissime
1314 1029 1477 1096 testantur,
1508 1019 1589 1098 quod

231 1109 306 1172 haec
328 1115 467 1189 aequatio
491 1115 716 1173 intermenstrua
739 1111 818 1190 apud
842 1111 1021 1172 anomaliam
1045 1108 1079 1171 0⁰
1102 1111 1150 1172 vel
1177 1107 1254 1172 1800
1282 1109 1426 1170 interdum
1449 1126 1590 1170 accama-

232 1197 307 1258 letur
330 1217 396 1260 cam
420 1202 593 1276 variatione,
617 1199 761 1266 interdum
785 1202 823 1260 ab
848 1217 883 1260 ea
905 1200 1063 1274 auferatur,
1086 1208 1116 1260 et
1138 1201 1163 1258 01
1180 1199 1337 1258 memoriae
1359 1197 1517 1268 fidendum,
1542 1200 1590 1255 ia-

232 1285 347 1346 tardam
370 1305 406 1348 aa
429 1290 580 1364 utriusque
602 1289 782 1366 impletione
805 1289 970 1364 composita
993 1289 1131 1364 aequatio
1155 1295 1200 1346 est
1224 1288 1288 1357 45‘,
1314 1285 1459 1346 interdum
1483 1284 1522 1345 2⁰
1550 1288 1590 1357 i‘,

233 1389 293 1434 aon
317 1375 466 1448 obstante,
498 1374 578 1451 qaod
600 1375 749 1436 anomalia
771 1378 810 1434 sit
832 1373 868 1436 0⁰
890 1373 938 1435 vel
966 1372 1042 1433 180⁰
1063 1382 1092 1434 et
1115 1377 1251 1450 utrinque
1281 1371 1423 1433 distantia
1446 1371 1548 1432 Lanae
1571 1391 1590 1432 a

232 1460 311 1537 Sole,
335 1463 383 1522 vel
406 1471 474 1524 aute
498 1462 546 1521 vel
568 1473 636 1540 post
659 1481 715 1538 00,
740 1459 806 1523 45⁰.
850 1461 917 1522 Hoc
939 1461 1035 1522 oolam
1058 1463 1147 1538 igitur
1176 1465 1305 1522 rationes
1336 1459 1477 1538 physicae
1500 1477 1519 1520 a
1542 1475 1589 1518 me

233 1551 419 1625 excogitatae
441 1566 503 1614 noa
522 1551 642 1624 saciant,
666 1559 699 1610 at
721 1551 926 1626 aequationem
949 1552 978 1608 in
1002 1548 1150 1610 anomalia
1175 1545 1210 1609 00
1233 1547 1377 1610 va1180⁰
1400 1547 1508 1608 iaciant
1530 1545 1589 1606 ali-

231 1654 321 1712 quam
344 1647 459 1714 praeter
481 1639 686 1699 variationem.
732 1638 816 1697 Aliae
843 1647 940 1697 cetera
967 1639 1084 1713 egregie
1111 1635 1244 1696 concilio.
1290 1635 1388 1696 Primo
1412 1651 1465 1712 pro
1490 1635 1591 1695 varla-

232 1727 312 1784 tioae
335 1725 409 1798 dico,
433 1727 529 1786 inesse
553 1728 582 1784 in
597 1727 684 1798 linea,
708 1743 784 1802 quaa
807 1742 858 1801 per
881 1723 980 1784 Solem
1003 1732 1032 1784 et
1047 1724 1167 1784 Terram
1186 1723 1310 1798 ducitur,
1335 1725 1395 1782 vim
1418 1721 1593 1784 intendendi

232 1821 346 1871 motura
374 1812 476 1873 Lanae
503 1813 645 1886 mediam,
680 1831 756 1891 quac
781 1815 826 1872 vis
855 1813 995 1873 accrescit
1018 1809 1120 1870 Lunae
1143 1830 1162 1870 a
1185 1811 1364 1889 quadratura
1393 1813 1523 1870 venienti
1551 1810 1590 1870 ad

234 1897 385 1959 modulam
414 1908 527 1974 rectas,
560 1919 597 1961 ex
624 1917 745 1978 corpore
769 1900 871 1960 Lanae
901 1902 930 1958 ia
958 1899 1066 1960 lineam
1097 1898 1296 1958 diametralem
1319 1895 1397 1958 Solis
1428 1905 1458 1957 at
1480 1898 1591 1957 Terrae

234 1985 381 2047 damianae
396 1986 673 2064 perpendiculariter
684 2001 727 2054 (o).
766 1987 880 2047 Deinde
897 2003 949 2064 pro
964 1986 1137 2047 alteratione
1152 1988 1375 2047 ecceutricitatis
1399 1983 1498 2066 0100),
1522 2003 1591 2045 cum

235 2074 394 2134 distantiae
416 2075 518 2136 Lunae
541 2094 560 2135 a
582 2075 652 2136 Sole
682 2075 851 2134 rectilineae
881 2077 957 2134 circa
980 2077 1104 2134 ecceutri
1135 2072 1335 2149 longitudines
1358 2073 1469 2133 medias
1493 2075 1591 2133 incre·

234 2171 334 2222 menta
356 2165 510 2240 potissima
532 2171 664 2236 sumant,
691 2171 762 2221 tuac
784 2159 903 2238 quando
925 2161 1039 2221 mediae
1067 2160 1266 2237 longitudines
1295 2168 1363 2220 auat
1389 2163 1419 2220 in
1442 2161 1479 2234 []
1495 2157 1539 2240 Θ
1563 2168 1620 2220 et·

231 2249 349 2326 apsides
373 2252 402 2308 in
425 2251 505 2310 linea
524 2250 561 2326 Θ
579 2247 619 2331 ὃ,
643 2253 822 2310 incrementa
844 2249 917 2310 haec
931 2258 1000 2308 suat
1015 2249 1136 2324 majora,
1159 2248 1246 2308 Lana
1267 2249 1379 2308 sortiter
1397 2266 1499 2308 versas
1515 2249 1591 2308 Ter·

167 2391 171 2404 ,
233 2354 295 2396 ram
320 2336 368 2397 vel
391 2355 409 2397 a
431 2338 522 2396 Terra
544 2344 680 2397 movetur
707 2341 735 2396 in
759 2345 839 2396 recta
861 2336 939 2396 linea
969 2345 998 2397 et
1019 2338 1062 2396 sic
1090 2353 1225 2413 apogaea
1248 2353 1266 2396 a
1288 2339 1427 2414 perigaea
1450 2336 1593 2396 distantia

234 2424 330 2484 diliert
360 2425 499 2500 multum3
531 2426 631 2502 itaqua
662 2427 801 2501 aequatio
829 2439 937 2501 magna
967 2427 995 2482 in
1027 2422 1288 2500 quadraturie**).
1333 2423 1443 2483 Contra
1465 2426 1490 2482 ai
1513 2424 1594 2483 linea

236 2511 373 2589 apsidam
397 2520 441 2572 eat
463 2520 544 2572 recta
566 2512 603 2572 ad
626 2512 732 2573 lineam
752 2513 790 2588 Θ
807 2509 848 2592 ὅ,
879 2513 921 2572 010
944 2522 977 2570 00
1003 2511 1200 2587 longitudines
1227 2510 1342 2572 mediae
1366 2513 1429 2570 -eint
1457 2511 1486 2568 in
1514 2510 1595 2572 linea

239 2601 277 2677 Θ
295 2597 332 2681 ὅ,
356 2608 426 2659 0000
448 2599 578 2660 tardiora
600 2609 668 2660 auat
690 2602 869 2659 incrementa
892 2607 921 2659 et
936 2598 1121 2659 decrementa
1141 2605 1284 2658 rectarum
1299 2597 1401 2658 Lunae
1425 2605 1455 2658 et
1468 2597 1592 2660 Terrae:

238 2705 329 2764 quare
353 2696 382 2746 et
405 2705 499 2764 parva
520 2689 659 2765 aequatio
676 2686 819 2776 synodica
833 2695 863 2748 et
877 2703 935 2746 noa
951 2689 993 2746 ita
1007 2703 1146 2763 magnam
1170 2685 1323 2746 discrimen
1347 2696 1491 2746 rectarum
1505 2681 1549 2766 Q)
1567 2688 1593 2768 ὅ

235 2779 265 2834 10
289 2774 424 2850 Um).
468 2774 561 2835 Plane
583 2774 702 2851 quidem
726 2775 871 2836 conharia
892 2780 961 2833 suut
983 2777 1040 2834 isla
1062 2773 1179 2836 circello
1201 2772 1372 2851 Tychonico
1400 2773 1438 2833 00
1461 2773 1594 2848 Terram,

235 2880 294 2939 qao
318 2863 358 2934 lit,
384 2871 416 2921 ut
438 2862 524 2922 Luna
546 2878 681 2939 apogaea
703 2863 733 2920 in
756 2876 792 2930 0(
812 2869 842 2922 et
859 2883 895 2932 00
912 2878 971 2921 non
994 2861 1046 2922 hat
1060 2868 1120 2921 tam
1140 2861 1211 2934 alta,
1235 2878 1323 2934 quara
1346 2865 1375 2920 iu
1392 2861 1443 2934 U:
1467 2861 1521 2921 sed
1536 2861 1595 2922 hoc

236 2949 310 3008 nihil
326 2969 373 3010 me
389 2949 551 3027 impediret,
574 2952 600 3010 si
614 2953 645 3008 ia
661 2951 765 3011 ellectu
781 2948 972 3025 longitudinis
988 2951 1104 3026 penitae
1122 2947 1200 3008 idem
1215 2965 1281 3008 curn
1297 2949 1454 3026 hypothesi
1470 2947 1594 3026 Tycho-

234 3039 303 3096 nica
325 3035 443 3113 iaceret,
465 3054 533 3097 nam
557 3037 688 3098 doctrina
710 3037 900 3114 parallactica
916 3037 1066 3115 Tychoaie
1087 3037 1208 3113 pulchre
1223 3053 1336 3096 mecam
1361 3043 1415 3096 est.
1452 3037 1593 3097 Fortasse

236 3124 306 3184 olim
331 3128 418 3184 etiam
442 3123 544 3186 Lunae
567 3124 779 3203 quatriduanae
802 3125 872 3202 (hoc
900 3133 944 3184 eet
966 3126 1131 3184 anomaliae
1156 3124 1191 3183 0⁰
1216 3120 1306 3196 1800,
1320 3123 1494 3184 distantiae
1516 3141 1535 3184 a
1554 3123 1592 3200 Θ

235 3209 305 3289 45⁰)
328 3213 519 3288 consuluer03
548 3231 616 3272 nam
638 3214 712 3272 haec
734 3213 857 3290 physica
880 3212 1052 3290 hypothesis
1075 3212 1211 3272 omnibus
1234 3211 1302 3270 aliis
1324 3213 1355 3269 ia
1385 3211 1460 3271 locia
1483 3213 1593 3287 aequi-

232 3308 318 3376 parat
340 3297 547 3378 Tychonieam.
586 3299 645 3360 Hic
660 3301 804 3360 Dominae
819 3299 986 3359 Praetoriae
1011 3303 1099 3360 etiam
1123 3297 1195 3358 illud
1212 3299 1330 3375 objecit,
1354 3301 1454 3376 siper
1477 3317 1593 3376 aequa-

232 3388 342 3446 tionem
365 3387 553 3465 epicyclioam
576 3389 738 3464 corrigatur
760 3381 1057 3468 0100001οΘοΘ,
1081 3386 1210 3447 nondum
1233 3385 1321 3463 plana
1335 3393 1496 3446 correctam
1513 3403 1592 3448 cese.

338 3541 367 3606 ⁸)
387 3539 501 3607 Quando
521 3555 571 3610 000
589 3539 689 3608 loquor
708 3538 741 3592 00
760 3537 960 3596 ecceutricitate
979 3537 1082 3608 Lunae,
1100 3554 1155 3593 noa
1173 3538 1297 3608 intelligo
1315 3538 1520 3608 Ptolemaicam,
1540 3539 1591 3596 sed

256 3623 319 3662 uam
335 3607 395 3677 ipae
413 3616 441 3664 00
459 3609 624 3678 Copernicus
643 3609 764 3680 epicyclo
783 3609 898 3676 salvant,
917 3625 998 3677 quem
1017 3626 1066 3678 ego
1085 3609 1112 3663 iu
1132 3615 1285 3664 eccentram
1302 3617 1387 3674 nauto,
1406 3617 1436 3662 00
1449 3607 1530 3664 Luna
1542 3609 1590 3666 hic

232 3621 534 3749 110001001001000010
560 3679 667 3736 ceteris.
704 3680 740 3733 Et
763 3686 840 3747 nota,
870 3681 991 3734 Braheas
1009 3689 1124 3804 praeter
1146 3681 1253 3734 unicam
1277 3680 1455 3734 variationem
1480 3679 1587 3734 nnllam

231 3755 375 3818 praeterea
392 3750 583 3818 aequationem
602 3765 699 3804 noveru
717 3750 865 3818 constituit,
884 3750 935 3802 nisi
954 3766 1007 3818 quo
1040 3750 1067 3802 in
1081 3750 1200 3816 antiquis
1218 3750 1271 3804 illis
1284 3750 1398 3804 mutavit
1411 3751 1586 3818 quantitates

232 3833 393 3888 parumper,
420 3828 450 3874 at
474 3827 502 3874 et
526 3821 700 3889 hypothesin.
734 3819 825 3874 Prima
849 3821 919 3874 enim
938 3819 1118 3887 inaequalitas
1136 3819 1293 3876 Ptolemaeo
1313 3829 1341 3874 00
1359 3821 1510 3888 Caperaico
1530 3819 1590 3876 eal·

232 3897 312 3944 vatur
330 3905 380 3957 par
397 3890 545 3960 simplicem
565 3890 724 3960 0010001000,
743 3889 789 3959 qai
808 3899 880 3944 esset
893 3889 958 3944 mihi
972 3891 1086 3958 simplex
1099 3891 1274 3958 ecceatricas,
1294 3891 1419 3959 Tychoai
1431 3905 1482 3959 per
1494 3890 1587 3960 dupli·

233 3975 293 4014 cem
312 3959 471 4028 epicyclum‚
490 3960 535 4030 qui
554 3967 596 4014 est
615 3961 681 4014 mihi
701 3959 867 4015 ecccntricae
881 3977 941 4014 cam
954 3969 1096 4028 aequante.
1128 3960 1253 4015 Secrrnda
1266 3959 1446 4029 inaequalitas
1460 3959 1588 4015 salvatur

232 4029 389 4083 Ptolemaeo
412 4045 462 4099 per
479 4030 672 4096 ecceutricum,
698 4031 848 4099 Copernico
872 4045 923 4097 per
941 4029 1100 4098 epicycliam
1118 4030 1366 4098 000110000001001,
1394 4029 1518 4100 Tychoni
1537 4047 1589 4099 per

233 4099 305 4154 idem
323 4101 491 4170 00100011οι0,
509 4108 616 4155 tautum
633 4101 668 4154 ad
687 4099 799 4154 Terram
822 4101 948 4168 positam.
985 4099 1077 4154 Tertia
1100 4101 1279 4168 inaequalitas
1305 4101 1421 4155 falcatae
1440 4107 1468 4154 00
1486 4101 1589 4169 0110000

234 4169 332 4224 dicitur
349 4170 505 4226 Ptolemaeo
530 4171 686 4239 prosnereie
705 4167 830 4251 00100011,
857 4170 935 4236 cujas
960 4171 1047 4236 gratia
1070 4177 1181 4226 coactus
1205 4179 1248 4226 est
1265 4171 1446 4240 Ptolemaeus,
1471 4171 1591 4241 00100011

234 4255 384 4310 apogaeum
408 4240 498 4297 iacere
516 4257 621 4308 vagum.
658 4241 807 4309 Caperaaco
826 4245 853 4294 et
872 4239 994 4309 Tychoai
1013 4257 1067 4295 non
1091 4241 1143 4294 1010
1161 4257 1230 4309 0000
1249 4241 1326 4296 novis
1349 4241 1495 4310 machinis,
1524 4258 1590 4298 narn

236 4311 400 4379 sequebatur
423 4312 492 4366 haec
515 4311 596 4366 tertia
620 4311 745 4380 aequatio
765 4325 798 4363 ex
823 4307 954 4379 epicyclio
978 4309 1038 4379 illo,
1064 4309 1139 4378 quod
1158 4311 1280 4366 Broheua
1304 4311 1339 4364 ad
1358 4309 1470 4366 Terram
1489 4313 1594 4379 posuit.

236 4379 333 4448 ltaque
352 4381 441 4435 verior
453 4381 589 4451 Tychoais
602 4388 629 4433 00
642 4379 784 4450 Copemici
802 4379 963 4448 hypothesis
982 4379 1107 4448 epicyclii
1124 4380 1216 4450 hujus,
1236 4396 1316 4448 qaam
1334 4379 1486 4435 Ptolemaei
1505 4382 1594 4452 hypo-

237 4450 322 4506 thesis
342 4452 467 4518 ecceatri,
486 4451 550 4522 qaia
568 4449 616 4505 illa
633 4451 787 4520 simplicior.
823 4451 927 4517 Quarta
945 4465 1008 4518 ergo
1022 4451 1147 4518 aequatio
1161 4449 1297 4519 Tychonia
1315 4465 1389 4506 mera
1407 4459 1457 4520 est,
1476 4454 1594 4507 variatio

200 4575 202 4580 .
239 4519 311 4574 dicta
328 4529 424 4592 eatque
442 4523 661 4591 supplementum
678 4523 784 4577 tertiae.
1211 4544 1215 4558 =

322 4599 366 4669 00)
384 4603 415 4657 10
434 4601 560 4656 haesita
579 4603 610 4663 O
627 4595 665 4670 Θ
685 4604 716 4664 0
735 4600 815 4654 Lana
831 4597 938 4654 fortiter
955 4603 1079 4654 movetur
1100 4612 1195 4654 versas
1221 4597 1333 4656 Terram
1350 4600 1379 4654 ia
1401 4598 1539 4656 momelia
1557 4601 1595 4659 90

236 4674 280 4730 vel
298 4679 358 4734 270.
394 4680 466 4734 Nam
484 4677 565 4734 etiam
583 4678 685 4734 diutius
703 4687 824 4738 moratur
841 4677 869 4732 in
888 4676 941 4732 hoc
959 4679 1014 4733 situ
1032 4675 1068 4732 oh
1084 4676 1270 4735 variationem.

323 4791 378 4860 ’00)
397 4793 428 4847 10
445 4791 488 4846 his
507 4791 603 4846 sitibus
622 4753 659 4900 g
677 4793 756 4848 Lana
774 4791 890 4846 debilius
902 4798 1032 4852 movetur
1049 4803 1143 4846 versas
1161 4791 1273 4846 Terram
1295 4789 1324 4847 in
1342 4791 1479 4850 anomalia
1495 4793 1597 4852 eadem

238 4903 274 4966 dd
290 4901 334 4962 rel
351 4904 416 4978 2703
434 4921 496 4962 nam
514 4911 543 4963 et
559 4905 638 4963 citius
657 4905 714 4962 exit
731 4921 766 4963 ex
783 4905 827 4962 hle
845 4903 941 4962 sitibus
960 4902 994 4960 ab
1012 4903 1196 4961 variationem.
