3612 5538
293 365 359 440 966
806 372 871 430 Vita
887 371 1003 430 loanni
1020 369 1142 443 Kapleri.

293 552 438 630 paeoniae
466 543 612 628 angustiis
639 552 765 614 amioum
794 553 834 614 sb
865 553 1001 614 omnibus
1032 551 1225 613 inoommedis
1257 549 1412 612 defendere
1434 567 1492 612 noa
1513 557 1648 629 possent,

296 645 394 698 ιιιιιι
411 638 516 700 'omnia
538 638 682 712 feserunt,
715 650 747 701 ut
768 643 863 701 amieo
887 643 951 700 viro
975 643 1067 700 vitam
1089 641 1203 718 Pragae
1225 641 1299 699 satis
1322 640 1430 704 bonnm
1453 647 1484 700 et
1506 639 1649 699 tolerabi-

294 725 352 785 lem
381 725 543 787 redderent.
596 725 695 802 Quum
725 735 825 788 sutem
856 734 886 790 et
914 735 1087 806 aegrotante
1116 737 1146 788 st
1175 735 1291 788 mortuo
1318 725 1476 802 Rudolpbo
1507 728 1536 785 io
1562 727 1650 803 ,regia

226 887 230 904 ¹
295 811 452 874 multarum
474 831 569 875 rerum
592 817 782 876 commutatio
806 816 884 876 taeta
898 824 986 890 esset,
1010 818 1079 876 nori
1095 817 1228 876 homiues
1243 813 1392 892 Rudolphi
1417 815 1556 873 ministris
1578 831 1651 874 sue-

295 903 464 976 oeesissent,
494 908 555 962 tum
584 903 671 962 amioi
693 895 811 979 quoque
839 902 983 980 Keplero,
1016 921 1124 964 novam
1152 903 1334 978 eandemque
1364 902 1596 978 tranquilliorem
1619 910 1652 960 et

295 989 376 1048 ritae
397 997 428 1072 et
449 988 612 1052 studiorum
634 988 734 1050 sedem
749 993 917 1066 quaerenti,
940 1007 998 1050 oon
1014 991 1102 1052 modo
1125 1007 1183 1050 noo
1205 993 1382 1060 restiterunt,
1405 989 1457 1048 sed
1481 991 1569 1050 etism
1592 991 1652 1048 im-

296 1077 376 1152 pigre
400 1075 430 1134 id
451 1077 594 1152 agebant,
620 1085 651 1136 ut
673 1079 701 1138 ei
730 1077 912 1140 conditiones
943 1087 1116 1155 quaererent
1145 1080 1218 1138 satis
1249 1085 1342 1150 tutae,
1371 1093 1449 1152 quse
1471 1076 1573 1136 Lioeio
1602 1078 1653 1134 io·

297 1169 403 1224 rentes
425 1173 509 1237 eunt,
533 1167 562 1222 io
577 1163 741 1242 Superioris
758 1165 894 1226 emotas
917 1167 998 1228 urbe.
1044 1165 1160 1242 Queat
1182 1172 1336 1226 roearotor
1349 1157 1495 1240 Kepimus
1518 1166 1653 1241 inprimis
1678 1234 1681 1242 Ι

297 1258 400 1312 ιιιιιι
429 1259 492 1312 ιιιι
520 1252 597 1312 Bero
637 1253 810 1314 Erasmus
844 1253 888 1312 de
920 1251 1183 1330 Sterombsrg,
1215 1255 1265 1329 qni
1293 1259 1322 1312 et
1349 1250 1471 1328 Kepleri
1502 1254 1531 1308 in
1562 1252 1654 1311 rebus

300 1340 506 1400 astronomicis
527 1356 642 1400 summo
666 1341 782 1416 ingenio
802 1341 884 1416 justa
907 1341 1095 1414 attribueret,
1127 1350 1157 1401 et
1179 1345 1207 1400 iu
1232 1340 1455 1416 quaestionibus
1483 1341 1575 1400 saeris
1597 1357 1655 1398 ea·

298 1423 363 1486 dem
387 1443 458 1486 oum
476 1426 528 1486 illo
550 1429 680 1500 sentiret,
704 1434 733 1487 ιι
756 1429 857 1504 ipsum
868 1428 1015 1488 bominem
1038 1430 1158 1488 maximi
1174 1429 1349 1488 aestimarer.
1380 1427 1460 1484 Huio
1482 1428 1537 1503 ipsi
1554 1425 1651 1502 plori-

299 1530 377 1574 mum
401 1513 503 1588 debet,
535 1513 614 1592 quod
638 1515 848 1592 benignissime
870 1515 975 1575 Lioelo
998 1525 1137 1592 exceptus
1165 1533 1234 1575 mox
1257 1514 1467 1591 amplissimam
1491 1517 1655 1574 amisorum

298 1599 402 1660 babuit
422 1603 635 1677 combinetur,
667 1605 718 1678 qui
741 1605 834 1664 vitam
858 1604 884 1664 ei
905 1602 1066 1678 jucundam
1088 1604 1218 1664 feterent
1245 1611 1275 1662 et
1303 1601 1431 1661 vitalem.
1477 1601 1651 1662 Amioorunr

299 1689 376 1748 enim
399 1687 515 1766 Pragae
535 1689 702 1762 telintorum
725 1699 824 1767 portos
847 1700 1039 1766 sueeeperuut
1061 1692 1134 1751 socii
1158 1687 1299 1750 Ordinem
1322 1690 1487 1766 Superioris
1504 1692 1653 1762 nasutas,

299 1776 456 1852 praeeipue
478 1773 523 1836 illi
545 1778 596 1854 qni
621 1779 695 1838 iuter
710 1777 840 1838 Comites
863 1786 947 1839 eraut
962 1787 992 1838 et
1007 1777 1139 1858 Equites,
1162 1777 1345 1854 eundemque
1361 1793 1419 1836 noa
1443 1775 1531 1836 modo
1554 1783 1654 1836 astro-

299 1879 453 1922 nomorum
476 1864 636 1943 prinoipem
658 1865 886 1940 honoraverunt,
910 1865 964 1926 sed
988 1869 1077 1926 etiam
1099 1868 1327 1943 propriissimum
1343 1863 1506 1924 studiorum
1529 1863 1654 1940 adjuto·-

299 1962 361 2012 rem
391 1957 420 2012 et
450 1951 646 2014 consultorem
674 1970 733 2012 noo
756 1955 852 2012 minus
882 1969 971 2029 qnam
1000 1953 1147 2014 bominem
1177 1956 1206 2011 iu
1236 1955 1368 2012 coetibus
1394 1951 1652 2028 jucundissimum.

301 2036 361 2099 Sed
384 2055 451 2104 euru
474 2040 577 2100 amieis
600 2040 932 2118 quoquePregensibus
954 2041 1108 2117 multiplex
1131 2049 1193 2100 erat
1207 2039 1327 2116 Kepleri
1351 2044 1569 2112 commertium,
1593 2055 1654 2098 non

183 2159 189 2172 ι
301 2126 397 2186 minus
421 2126 556 2204 epistolis
578 2125 656 2188 detis
679 2137 709 2189 st
731 2132 870 2205 atneptis,
894 2145 982 2204 quom
998 2129 1151 2188 itineribus
1166 2129 1285 2205 publius
1300 2126 1426 2203 Pragam
1443 2127 1537 2199 laetis,
1561 2143 1653 2203 quum

300 2221 369 2290 post
384 2212 534 2292 Rudolpbi
557 2207 681 2276 mortem
699 2216 822 2293 juberrte
845 2215 973 2275 Matthia
995 2217 1170 2293 imperatore
1194 2214 1270 2274 idem
1286 2216 1444 2274 osoouomi
1469 2217 1653 2291 imperatoris

301 2301 428 2362 olfloiurn
452 2304 597 2364 reflueret
641 2304 698 2366 Per
721 2305 846 2364 amioum
870 2303 975 2364 deiude
998 2301 1148 2363 Remum
1170 2302 1315 2379 Keplerua
1338 2302 1511 2362 consiliariis
1534 2319 1654 2379 quoque

301 2389 372 2448 nori
394 2390 578 2466 imperatoris
602 2390 824 2452 commendatus
847 2409 913 2452 mox
937 2391 1067 2450 omnium
1090 2407 1234 2451 summam
1256 2392 1381 2467 gratiam
1397 2391 1523 2467 adeptos
1545 2397 1600 2463 est,
1624 2397 1655 2448 et

301 2477 391 2623 {erlis
424 2476 461 2538 de
490 2477 661 2556 annologio·
682 2477 875 2540 relationibus
905 2477 943 2539 ad
975 2475 1043 2538 illos
1070 2479 1183 2553 missis,
1211 2485 1241 2538 et
1268 2477 1416 2554 nonnullis
1444 2477 1653 2556 opusculorum

320 2562 453 2628 odiostis.
1227 2563 1233 2592 '

404 2653 493 2713 Brevi
515 2660 673 2730 postquem
694 2651 841 2731 Keplsros
863 2653 997 2713 Linoium
1020 2653 1162 2728 pervenit,
1185 2669 1252 2712 oum
1277 2653 1515 2726 Argentoratenai
1538 2651 1654 2728 proies·

300 2755 367 2800 sore
389 2737 555 2802 Muttinis
575 2741 823 2820 Beroegpero
855 2747 992 2819 ooeptum
1023 2748 1068 2801 ert
1094 2740 1243 2800 literarum
1267 2741 1486 2811 commertium,
1516 2739 1585 2800 iude
1614 2741 1653 2799 ab

301 2842 379 2886 sano
405 2833 487 2890 1613
512 2845 606 2904 usqae
629 2828 667 2890 ad
690 2847 717 2890 a.
745 2835 828 2889 1630
852 2845 948 2905 paene
971 2833 1153 2905 perpetuum.
1191 2825 1306 2902 Quibus
1329 2830 1358 2884 in
1374 2827 1508 2902 epistolis
1523 2827 1654 2904 plerum-

300 2929 359 2990 que
380 2914 561 2976 brevissimis
583 2918 711 2978 maxime
733 2919 830 2993 agitor
851 2915 888 2976 de
911 2915 1033 2977 edendis
1056 2923 1085 2975 et
1102 2913 1263 2975 vendendis
1277 2913 1398 2990 Kepleri
1413 2915 1559 2990 operibus,
1583 2933 1654 2992 par·

301 3003 354 3062 tim
383 3017 501 3080 quoque
531 3001 568 3064 tle
595 3003 815 3078 maenianorum
854 3004 996 3065 nobilium
1022 3001 1106 3076 filiis,
1142 3004 1191 3078 qui
1224 3001 1450 3078 Argentoratum
1490 3001 1653 3062 studiorum

301 3105 392 3152 ιιιιιι
406 3099 556 3164 venerunt,
579 3090 741 3168 aKeplero
763 3091 958 3152 commendati
981 3092 1090 3162 amieo,
1115 3087 1242 3165 denique
1264 3087 1300 3148 de
1324 3091 1447 3166 privetis
1468 3090 1557 3150 rebus
1579 3091 1653 3150 sert-

301 3175 396 3249 bitur,
429 3179 560 3255 inprimis
583 3177 620 3240 de
641 3179 770 3241 ineundo
793 3179 948 3240 Suseouae
978 3177 1057 3236 tiliae
1080 3178 1277 3238 matrimonio.
1322 3176 1433 3236 Ειιιιιι
1456 3190 1516 3252 quo
1538 3193 1654 3254 semper

301 3261 406 3324 solitus
428 3272 474 3326 est
495 3273 597 3342 aperto
619 3269 728 3326 animo-
741 3283 787 3328 res
809 3285 879 3328 suas
901 3267 1055 3344 proposuit
1077 3266 1188 3336 amieo,
1212 3281 1278 3324 eum
1302 3269 1332 3324 et
1353 3263 1497 3324 liberrime
1521 3262 1556 3325 de
1581 3281 1653 3324 ooo-

299 3350 460 3430 ditiooibus
484 3352 593 3416 diuersi
621 3353 679 3414 sibi
707 3354 819 3427 allatis,
851 3363 884 3414 nt
905 3363 958 3415 aut
980 3352 1134 3412 Bononiae
1156 3351 1271 3427 Magioi
1300 3354 1406 3410 mortui
1434 3361 1536 3427 partes
1554 3354 1653 3413 susei-

297 3445 394 3516 peret,
418 3447 470 3502 aot
492 3443 522 3500 iu
545 3440 683 3518 Angliam
706 3445 838 3516 reniret,
861 3450 914 3501 ant
935 3441 1085 3517 Senonum
1108 3441 1163 3499 iret
1185 3457 1204 3497 a
1226 3438 1441 3499 Wellensteuio
1463 3445 1602 3514 reatus,
1625 3447 1654 3499 et

299 3528 424 3588 amioum
457 3536 589 3604 rogaret,
625 3545 695 3588 uum
725 3547 763 3590 er
791 3547 821 3588 re
856 3535 987 3592 oeoserot
1014 3529 1240 3603 Argentoratum
1271 3525 1430 3602 prodeisei,
1467 3535 1500 3585 ut
1528 3525 1591 3587 illie
1618 3527 1654 3586 de

298 3613 409 3676 tabulis
431 3614 628 3693 Rudulpltiuis
650 3616 768 3678 souoias
790 3616 922 3678 baberet.
958 3615 992 3674 lu
1009 3615 1145 3675 omnibus
1160 3630 1254 3690 pseue
1277 3614 1369 3673 literis
1384 3613 1546 3690 Keplerunr
1569 3613 1654 3674 ride-

299 3719 364 3762 mus
395 3706 425 3765 et
453 3701 598 3764 auxilium
619 3711 650 3764 et
672 3705 826 3765 eonsilium
855 3704 893 3764 ob
922 3705 1017 3764 amieo
1049 3709 1162 3780 petere,
1194 3717 1259 3760 raro
1287 3700 1324 3760 de
1353 3701 1459 3761 stodiis
1487 3710 1541 3760 aut
1562 3699 1654 3762 literis

298 3789 409 3866 soritis,
431 3793 564 3869 inprimis
591 3807 657 3850 num
679 3809 734 3852 ιιι
757 3811 776 3850 ιι
798 3792 994 3869 Beroeggeri,
1027 3789 1168 3850 historiae
1196 3798 1226 3849 et
1253 3788 1440 3864 eloquentiae
1471 3789 1653 3865 professoris,

298 3877 406 3938 studiis
426 3877 543 3954 longirm
566 3879 713 3940 obessent.
751 3880 796 3940 Eo
818 3879 1001 3954 frequentius
1023 3879 1111 3936 emisi
1135 3893 1226 3953 opera
1248 3879 1347 3950 utitur,
1371 3884 1405 3935 ut
1427 3875 1563 3950 diximus,
1588 3894 1654 3937 oum

299 3972 352 4026 aut
374 3982 441 4026 oum
462 3966 591 4026 librariis
612 3967 690 4042 agit,
721 3973 773 4026 eut
795 3984 917 4044 operum
943 3981 1063 4027 suorum
1093 3981 1182 4042 quom
1211 3963 1338 4040 plurima
1360 3964 1495 4040 erempls
1527 3965 1654 4024 uendere

299 4060 352 4116 aut
373 4069 454 4114 raros
475 4053 566 4114 libros
588 4053 731 4131 inopiosre
753 4054 832 4126 ruit,
857 4071 923 4114 earn
946 4055 1099 4132 penuriam
1122 4059 1175 4111 aut
1197 4050 1370 4128 exigendam
1393 4058 1446 4110 ant
1468 4051 1569 4111 liberis
1592 4061 1655 4112 tra·

300 4140 425 4202 desdam
448 4147 539 4203 ourat
585 4137 669 4216 Quas
692 4143 790 4202 omnia
811 4141 910 4202 oilieia
932 4142 970 4202 sb
993 4143 1088 4201 amieo
1110 4138 1258 4216 Keplerus
1280 4139 1399 4198 minime
1420 4139 1572 4214 petiisset,
1596 4141 1652 4198 nisi

300 4229 365 4306 ejus
387 4229 521 4290 intimum
544 4229 674 4288 animum
696 4235 725 4288 ei
748 4228 932 4290 voluntatem
955 4228 1116 4289 oifieiosam
1139 4227 1256 4303 penitus
1279 4227 1489 4305 perspexisuet,
1514 4245 1581 4286 ιιιι
1605 4228 1654 4288 ille

300 4318 436 4378 omuibus
458 4316 579 4394 Kepleri
602 4313 754 4376 desideriis
776 4333 809 4376 ιι
830 4319 1059 4395 promtissimam
1082 4315 1211 4388 offerret,
1239 4315 1265 4374 ei
1289 4313 1360 4391 quid
1389 4317 1460 4373 nori
1483 4314 1653 4376 modulum

301 4411 393 4478 ιιιιι,
415 4405 526 4482 pretias
547 4411 664 4481 ageret,
696 4405 794 4464 emnia
817 4421 853 4464 ex
876 4404 996 4482 Kepleri
1018 4403 1164 4464 sententia
1187 4409 1313 4474 oararot,
1344 4418 1459 4478 semper
1480 4409 1602 4480 paratos
1625 4412 1655 4464 et

302 4491 417 4568 agendo
448 4500 478 4553 et
506 4490 684 4554 eoueulende
713 4491 800 4552 amini
827 4507 873 4552 ree
899 4493 1011 4567 invare.
1058 4489 1279 4551 studiosissime
1295 4495 1406 4548 ἰιιιιι
1435 4492 1653 4550 matrimonium

301 4577 421 4657 Kepleri
450 4579 528 4641 filiae
556 4596 621 4640 eum
644 4577 797 4640 Barbsobio
827 4578 986 4641 ineundum
1013 4585 1133 4651 ιιιιιιι,
1162 4593 1235 4636 ιιιι
1263 4575 1341 4636 domi
1371 4579 1489 4654 nuptias
1519 4586 1652 4656 apparat,

303 4666 417 4728 absenti
438 4667 534 4729 omino
555 4666 716 4728 laetissime
738 4674 769 4727 et
791 4683 883 4745 paene
911 4666 988 4727 elate
1016 4667 1152 4740 manat,
1183 4663 1255 4740 quid
1278 4666 1439 4741 paraverit,
1471 4673 1653 4744 quantopere

211 4819 213 4834 4
303 4768 358 4812 sno
379 4770 450 4815 orus
471 4762 501 4817 et
522 4754 673 4832 diligentia
695 4757 725 4814 in
747 4755 901 4814 clarissimi
923 4757 979 4814 riri
1002 4753 1092 4814 tiliam
1112 4751 1248 4814 adbibita
1270 4758 1300 4812 ιι
1315 4751 1450 4812 omnibns
1465 4754 1652 4828 Argentorati

305 4839 418 4910 nribus
439 4848 472 4902 et
491 4843 687 4934 protasaorum
709 4841 835 4931 salugia
857 4841 1048 4930 eomprobata
1068 4841 1116 4902 sit.
1149 4839 1215 4922 Quo
1238 4857 1275 4906 er
1297 4842 1428 4903 virorum
1448 4857 1504 4903 usu
1527 4848 1557 4903 et
1570 4857 1652 4903 oom-
