<?xml version="1.0" encoding="UTF-8"?>
<!DOCTYPE html PUBLIC "-//W3C//DTD XHTML 1.0 Transitional//EN"
    "http://www.w3.org/TR/xhtml1/DTD/xhtml1-transitional.dtd">
<html xmlns="http://www.w3.org/1999/xhtml" xml:lang="en" lang="en">
 <head>
  <title>
</title>
<meta http-equiv="Content-Type" content="text/html;charset=utf-8" />
  <meta name='ocr-system' content='tesseract 3.04.00' />
  <meta name='ocr-capabilities' content='ocr_page ocr_carea ocr_par ocr_line ocrx_word'/>
</head>
<body>
  <div class='ocr_page' id='page_1' title='image "./joanniskepleria25frisgoog_0097.png"; bbox 0 0 3516 5540; ppageno 0'>
   <div class='ocr_carea' id='block_1_1' title="bbox 244 459 1290 534">
    <p class='ocr_par' dir='ltr' id='par_1_1' title="bbox 244 459 1290 534">
     <span class='ocr_line' id='line_1_1' title="bbox 244 459 1290 534; baseline 0.008 -18"><span class='ocrx_word' id='word_1_1' title='bbox 244 463 308 534; x_wconf 76' lang='grc'><strong>644</strong></span> <span class='ocrx_word' id='word_1_2' title='bbox 478 479 482 508; x_wconf 84' lang='lat'><strong>¹</strong></span> <span class='ocrx_word' id='word_1_3' title='bbox 545 459 725 521; x_wconf 81' lang='lat' dir='ltr'><strong>Summarium</strong></span> <span class='ocrx_word' id='word_1_4' title='bbox 742 459 880 520; x_wconf 72' lang='lat' dir='ltr'><strong>Historiae</strong></span> <span class='ocrx_word' id='word_1_5' title='bbox 897 461 1088 520; x_wconf 75' lang='lat' dir='ltr'><strong>hamonomiae</strong></span> <span class='ocrx_word' id='word_1_6' title='bbox 1105 459 1198 520; x_wconf 82' lang='lat' dir='ltr'><strong>seculo</strong></span> <span class='ocrx_word' id='word_1_7' title='bbox 1217 461 1290 525; x_wconf 79' lang='lat' dir='ltr'><strong>xvi.</strong></span> 
     </span>
    </p>
   </div>
   <div class='ocr_carea' id='block_1_2' title="bbox 240 637 1751 1064">
    <p class='ocr_par' dir='ltr' id='par_1_2' title="bbox 243 637 1751 884">
     <span class='ocr_line' id='line_1_2' title="bbox 244 637 1589 711; baseline -0.003 -13"><span class='ocrx_word' id='word_1_8' title='bbox 244 640 368 698; x_wconf 83' lang='lat' dir='ltr'><strong>tinuerit.</strong></span> <span class='ocrx_word' id='word_1_9' title='bbox 404 639 498 711; x_wconf 81' lang='lat' dir='ltr'><strong>Tycbo</strong></span> <span class='ocrx_word' id='word_1_10' title='bbox 515 637 611 696; x_wconf 77' lang='lat' dir='ltr'><strong>refert:</strong></span> <span class='ocrx_word' id='word_1_11' title='bbox 639 637 761 704; x_wconf 85' lang='lat' dir='ltr'><strong>„Literas</strong></span> <span class='ocrx_word' id='word_1_12' title='bbox 779 641 813 702; x_wconf 75' lang='lat' dir='ltr'><strong>(d.</strong></span> <span class='ocrx_word' id='word_1_13' title='bbox 832 655 898 692; x_wconf 87' lang='lat' dir='ltr'><strong>anno</strong></span> <span class='ocrx_word' id='word_1_14' title='bbox 918 643 995 703; x_wconf 83' lang='lat' dir='ltr'><strong>roeo)</strong></span> <span class='ocrx_word' id='word_1_15' title='bbox 1019 637 1133 708; x_wconf 77' lang='lat' dir='ltr'><strong>ipsemet</strong></span> <span class='ocrx_word' id='word_1_16' title='bbox 1155 638 1346 695; x_wconf 86' lang='lat' dir='ltr'><strong>Rothmannus</strong></span> <span class='ocrx_word' id='word_1_17' title='bbox 1369 655 1461 696; x_wconf 87' lang='lat' dir='ltr'><strong>secum</strong></span> <span class='ocrx_word' id='word_1_18' title='bbox 1487 639 1589 710; x_wconf 90' lang='lat' dir='ltr'><strong>attulit,</strong></span> 
     </span>
     <span class='ocr_line' id='line_1_3' title="bbox 244 725 1751 800; baseline -0.003 -14"><span class='ocrx_word' id='word_1_19' title='bbox 244 729 353 800; x_wconf 89' lang='lat' dir='ltr'><strong>quando</strong></span> <span class='ocrx_word' id='word_1_20' title='bbox 370 745 414 785; x_wconf 90' lang='lat' dir='ltr'><strong>me</strong></span> <span class='ocrx_word' id='word_1_21' title='bbox 432 731 558 799; x_wconf 82' lang='lat' dir='ltr'><strong>Augusto</strong></span> <span class='ocrx_word' id='word_1_22' title='bbox 577 742 670 783; x_wconf 92' lang='lat' dir='ltr'><strong>mense</strong></span> <span class='ocrx_word' id='word_1_23' title='bbox 688 725 850 795; x_wconf 91' lang='lat' dir='ltr'><strong>Uraniburgi</strong></span> <span class='ocrx_word' id='word_1_24' title='bbox 875 726 978 797; x_wconf 81' lang='lat' dir='ltr'><strong>inrisit,</strong></span> <span class='ocrx_word' id='word_1_25' title='bbox 1003 731 1034 781; x_wconf 90' lang='lat' dir='ltr'><strong>ut</strong></span> <span class='ocrx_word' id='word_1_26' title='bbox 1051 725 1230 784; x_wconf 86' lang='lat' dir='ltr'><strong>instrumenta</strong></span> <span class='ocrx_word' id='word_1_27' title='bbox 1247 743 1309 783; x_wconf 91' lang='lat' dir='ltr'><strong>mea</strong></span> <span class='ocrx_word' id='word_1_28' title='bbox 1326 727 1493 798; x_wconf 76' lang='lat' dir='ltr'><strong>perspiceret</strong></span> <span class='ocrx_word' id='word_1_29' title='bbox 1512 735 1541 784; x_wconf 90' lang='lat' dir='ltr'><strong>et</strong></span> <span class='ocrx_word' id='word_1_30' title='bbox 1558 728 1592 782; x_wconf 92' lang='lat' dir='ltr'><strong>de</strong></span> <span class='ocrx_word' id='word_1_31' title='bbox 1746 783 1751 790; x_wconf 78' lang='grc'>,</span> 
     </span>
     <span class='ocr_line' id='line_1_4' title="bbox 243 803 1691 884; baseline -0.001 -13"><span class='ocrx_word' id='word_1_32' title='bbox 243 815 381 873; x_wconf 91' lang='lat' dir='ltr'><strong>nonnullis</strong></span> <span class='ocrx_word' id='word_1_33' title='bbox 403 815 439 871; x_wconf 89' lang='lat' dir='ltr'><strong>ad</strong></span> <span class='ocrx_word' id='word_1_34' title='bbox 456 815 528 872; x_wconf 91' lang='lat' dir='ltr'><strong>hanc</strong></span> <span class='ocrx_word' id='word_1_35' title='bbox 546 814 686 872; x_wconf 88' lang='lat' dir='ltr'><strong>scientiam</strong></span> <span class='ocrx_word' id='word_1_36' title='bbox 709 814 816 884; x_wconf 83' lang='lat' dir='ltr'><strong>plenius</strong></span> <span class='ocrx_word' id='word_1_37' title='bbox 835 813 1013 870; x_wconf 85' lang='lat' dir='ltr'><strong>excolendam</strong></span> <span class='ocrx_word' id='word_1_38' title='bbox 1036 812 1198 870; x_wconf 74' lang='lat' dir='ltr'><strong>facientibus</strong></span> <span class='ocrx_word' id='word_1_39' title='bbox 1221 829 1327 870; x_wconf 86' lang='lat' dir='ltr'><strong>mecum</strong></span> <span class='ocrx_word' id='word_1_40' title='bbox 1345 813 1488 871; x_wconf 81' lang='lat' dir='ltr'><strong>conferret.</strong></span> <span class='ocrx_word' id='word_1_41' title='bbox 1525 816 1592 870; x_wconf 87' lang='lat' dir='ltr'><strong>Cum</strong></span> <span class='ocrx_word' id='word_1_42' title='bbox 1690 803 1691 808; x_wconf 59' lang='grc'>’</span> 
     </span>
    </p>

    <p class='ocr_par' dir='ltr' id='par_1_3' title="bbox 240 901 1593 1064">
     <span class='ocr_line' id='line_1_5' title="bbox 240 901 1593 974; baseline 0 -16"><span class='ocrx_word' id='word_1_43' title='bbox 240 917 292 972; x_wconf 88' lang='lat' dir='ltr'><strong>per</strong></span> <span class='ocrx_word' id='word_1_44' title='bbox 307 903 413 971; x_wconf 84' lang='lat' dir='ltr'><strong>aliquot</strong></span> <span class='ocrx_word' id='word_1_45' title='bbox 431 903 596 972; x_wconf 80' lang='lat' dir='ltr'><strong>septimense</strong></span> <span class='ocrx_word' id='word_1_46' title='bbox 609 917 714 958; x_wconf 88' lang='lat' dir='ltr'><strong>mecum</strong></span> <span class='ocrx_word' id='word_1_47' title='bbox 726 903 771 958; x_wconf 91' lang='lat' dir='ltr'><strong>ille</strong></span> <span class='ocrx_word' id='word_1_48' title='bbox 784 902 827 958; x_wconf 92' lang='lat' dir='ltr'><strong>hic</strong></span> <span class='ocrx_word' id='word_1_49' title='bbox 840 907 998 972; x_wconf 87' lang='lat' dir='ltr'><strong>moraretur,</strong></span> <span class='ocrx_word' id='word_1_50' title='bbox 1018 902 1133 958; x_wconf 84' lang='lat' dir='ltr'><strong>subinde</strong></span> <span class='ocrx_word' id='word_1_51' title='bbox 1152 902 1203 958; x_wconf 91' lang='lat' dir='ltr'><strong>hac</strong></span> <span class='ocrx_word' id='word_1_52' title='bbox 1221 901 1255 957; x_wconf 92' lang='lat' dir='ltr'><strong>de</strong></span> <span class='ocrx_word' id='word_1_53' title='bbox 1267 917 1298 959; x_wconf 92' lang='lat' dir='ltr'><strong>re</strong></span> <span class='ocrx_word' id='word_1_54' title='bbox 1311 917 1373 959; x_wconf 89' lang='lat' dir='ltr'><strong>cum</strong></span> <span class='ocrx_word' id='word_1_55' title='bbox 1386 917 1419 958; x_wconf 91' lang='lat' dir='ltr'><strong>eo</strong></span> <span class='ocrx_word' id='word_1_56' title='bbox 1433 904 1476 974; x_wconf 88' lang='lat' dir='ltr'><strong>egi</strong></span> <span class='ocrx_word' id='word_1_57' title='bbox 1494 902 1593 973; x_wconf 86' lang='lat' dir='ltr'><strong>ipsius·</strong></span> 
     </span>
     <span class='ocr_line' id='line_1_6' title="bbox 243 987 1592 1064; baseline 0.001 -20"><span class='ocrx_word' id='word_1_58' title='bbox 243 1005 296 1059; x_wconf 91' lang='lat' dir='ltr'><strong>que</strong></span> <span class='ocrx_word' id='word_1_59' title='bbox 313 997 473 1060; x_wconf 88' lang='lat' dir='ltr'><strong>argumenta</strong></span> <span class='ocrx_word' id='word_1_60' title='bbox 491 987 589 1058; x_wconf 86' lang='lat' dir='ltr'><strong>infregi</strong></span> <span class='ocrx_word' id='word_1_61' title='bbox 607 988 812 1060; x_wconf 90' lang='lat' dir='ltr'><strong>hominemque,</strong></span> <span class='ocrx_word' id='word_1_62' title='bbox 837 990 904 1047; x_wconf 88' lang='lat' dir='ltr'><strong>alias</strong></span> <span class='ocrx_word' id='word_1_63' title='bbox 922 991 949 1046; x_wconf 92' lang='lat' dir='ltr'><strong>in</strong></span> <span class='ocrx_word' id='word_1_64' title='bbox 968 1007 1018 1048; x_wconf 91' lang='lat' dir='ltr'><strong>suo</strong></span> <span class='ocrx_word' id='word_1_65' title='bbox 1036 991 1177 1061; x_wconf 86' lang='lat' dir='ltr'><strong>proposito</strong></span> <span class='ocrx_word' id='word_1_66' title='bbox 1201 990 1345 1048; x_wconf 88' lang='lat' dir='ltr'><strong>admodum</strong></span> <span class='ocrx_word' id='word_1_67' title='bbox 1365 995 1592 1064; x_wconf 78' lang='lat' dir='ltr'><strong>perseverantem,</strong></span> 
     </span>
    </p>
   </div>
   <div class='ocr_carea' id='block_1_3' title="bbox 241 1075 1595 1678">
    <p class='ocr_par' dir='ltr' id='par_1_4' title="bbox 241 1075 1595 1678">
     <span class='ocr_line' id='line_1_7' title="bbox 241 1075 1593 1149; baseline 0.001 -15"><span class='ocrx_word' id='word_1_68' title='bbox 241 1077 350 1135; x_wconf 68' lang='lat' dir='ltr'><strong>undem</strong></span> <span class='ocrx_word' id='word_1_69' title='bbox 368 1093 400 1134; x_wconf 93' lang='lat' dir='ltr'><strong>eo</strong></span> <span class='ocrx_word' id='word_1_70' title='bbox 419 1077 510 1148; x_wconf 89' lang='lat' dir='ltr'><strong>adegi,</strong></span> <span class='ocrx_word' id='word_1_71' title='bbox 535 1083 566 1132; x_wconf 89' lang='lat' dir='ltr'><strong>ut</strong></span> <span class='ocrx_word' id='word_1_72' title='bbox 582 1075 731 1132; x_wconf 74' lang='lat' dir='ltr'><strong>haesitaret</strong></span> <span class='ocrx_word' id='word_1_73' title='bbox 748 1077 863 1147; x_wconf 89' lang='lat' dir='ltr'><strong>primum</strong></span> <span class='ocrx_word' id='word_1_74' title='bbox 882 1077 1019 1148; x_wconf 91' lang='lat' dir='ltr'><strong>nonnihil,</strong></span> <span class='ocrx_word' id='word_1_75' title='bbox 1042 1085 1139 1149; x_wconf 88' lang='lat' dir='ltr'><strong>postea</strong></span> <span class='ocrx_word' id='word_1_76' title='bbox 1157 1079 1277 1138; x_wconf 88' lang='lat' dir='ltr'><strong>timidius</strong></span> <span class='ocrx_word' id='word_1_77' title='bbox 1296 1089 1324 1138; x_wconf 92' lang='lat' dir='ltr'><strong>et</strong></span> <span class='ocrx_word' id='word_1_78' title='bbox 1341 1083 1431 1139; x_wconf 88' lang='lat' dir='ltr'><strong>minus</strong></span> <span class='ocrx_word' id='word_1_79' title='bbox 1448 1089 1522 1138; x_wconf 90' lang='lat' dir='ltr'><strong>certo</strong></span> <span class='ocrx_word' id='word_1_80' title='bbox 1540 1082 1593 1148; x_wconf 87' lang='lat' dir='ltr'><strong>ista</strong></span> 
     </span>
     <span class='ocr_line' id='line_1_8' title="bbox 241 1165 1593 1239; baseline 0.001 -18"><span class='ocrx_word' id='word_1_81' title='bbox 241 1174 394 1236; x_wconf 71' lang='lat' dir='ltr'><strong>assereret,</strong></span> <span class='ocrx_word' id='word_1_82' title='bbox 409 1167 516 1222; x_wconf 89' lang='lat' dir='ltr'><strong>demum</strong></span> <span class='ocrx_word' id='word_1_83' title='bbox 534 1181 565 1221; x_wconf 92' lang='lat' dir='ltr'><strong>se</strong></span> <span class='ocrx_word' id='word_1_84' title='bbox 582 1165 650 1221; x_wconf 87' lang='lat' dir='ltr'><strong>nihil</strong></span> <span class='ocrx_word' id='word_1_85' title='bbox 668 1167 721 1221; x_wconf 88' lang='lat' dir='ltr'><strong>hac</strong></span> <span class='ocrx_word' id='word_1_86' title='bbox 736 1165 771 1220; x_wconf 92' lang='lat' dir='ltr'><strong>de</strong></span> <span class='ocrx_word' id='word_1_87' title='bbox 788 1181 818 1222; x_wconf 90' lang='lat' dir='ltr'><strong>ro</strong></span> <span class='ocrx_word' id='word_1_88' title='bbox 835 1167 970 1222; x_wconf 88' lang='lat' dir='ltr'><strong>hactenus</strong></span> <span class='ocrx_word' id='word_1_89' title='bbox 988 1167 1017 1221; x_wconf 93' lang='lat' dir='ltr'><strong>in</strong></span> <span class='ocrx_word' id='word_1_90' title='bbox 1035 1166 1173 1238; x_wconf 90' lang='lat' dir='ltr'><strong>publicum</strong></span> <span class='ocrx_word' id='word_1_91' title='bbox 1193 1169 1311 1224; x_wconf 85' lang='lat' dir='ltr'><strong>edidisse</strong></span> <span class='ocrx_word' id='word_1_92' title='bbox 1335 1186 1385 1225; x_wconf 89' lang='lat' dir='ltr'><strong>nec</strong></span> <span class='ocrx_word' id='word_1_93' title='bbox 1409 1169 1593 1239; x_wconf 88' lang='lat' dir='ltr'><strong>inposterum</strong></span> 
     </span>
     <span class='ocr_line' id='line_1_9' title="bbox 241 1253 1593 1325; baseline 0.001 -17"><span class='ocrx_word' id='word_1_94' title='bbox 241 1256 268 1310; x_wconf 93' lang='lat' dir='ltr'><strong>id</strong></span> <span class='ocrx_word' id='word_1_95' title='bbox 286 1256 434 1322; x_wconf 84' lang='lat' dir='ltr'><strong>facturum,</strong></span> <span class='ocrx_word' id='word_1_96' title='bbox 457 1253 505 1310; x_wconf 91' lang='lat' dir='ltr'><strong>sed</strong></span> <span class='ocrx_word' id='word_1_97' title='bbox 532 1253 628 1310; x_wconf 86' lang='lat' dir='ltr'><strong>saltem</strong></span> <span class='ocrx_word' id='word_1_98' title='bbox 650 1253 809 1324; x_wconf 89' lang='lat' dir='ltr'><strong>disputandi</strong></span> <span class='ocrx_word' id='word_1_99' title='bbox 830 1255 917 1322; x_wconf 86' lang='lat' dir='ltr'><strong>gretia</strong></span> <span class='ocrx_word' id='word_1_100' title='bbox 941 1256 1008 1310; x_wconf 87' lang='lat' dir='ltr'><strong>baec</strong></span> <span class='ocrx_word' id='word_1_101' title='bbox 1031 1254 1097 1309; x_wconf 83' lang='lat' dir='ltr'><strong>milri</strong></span> <span class='ocrx_word' id='word_1_102' title='bbox 1114 1257 1291 1325; x_wconf 83' lang='lat' dir='ltr'><strong>proposuisse</strong></span> <span class='ocrx_word' id='word_1_103' title='bbox 1316 1263 1509 1315; x_wconf 62' lang='lat' dir='ltr'><strong>asseverarett.</strong></span> <span class='ocrx_word' id='word_1_104' title='bbox 1544 1255 1593 1310; x_wconf 88' lang='lat' dir='ltr'><strong>His</strong></span> 
     </span>
     <span class='ocr_line' id='line_1_10' title="bbox 244 1341 1593 1414; baseline 0 -16"><span class='ocrx_word' id='word_1_105' title='bbox 244 1342 385 1412; x_wconf 88' lang='lat' dir='ltr'><strong>subjungit</strong></span> <span class='ocrx_word' id='word_1_106' title='bbox 409 1342 503 1413; x_wconf 77' lang='lat' dir='ltr'><strong>Tycho</strong></span> <span class='ocrx_word' id='word_1_107' title='bbox 527 1348 686 1411; x_wconf 86' lang='lat' dir='ltr'><strong>argumenta</strong></span> <span class='ocrx_word' id='word_1_108' title='bbox 709 1341 855 1412; x_wconf 85' lang='lat' dir='ltr'><strong>quaedam,</strong></span> <span class='ocrx_word' id='word_1_109' title='bbox 881 1342 979 1412; x_wconf 88' lang='lat' dir='ltr'><strong>quibus</strong></span> <span class='ocrx_word' id='word_1_110' title='bbox 1003 1345 1134 1399; x_wconf 85' lang='lat' dir='ltr'><strong>rationem</strong></span> <span class='ocrx_word' id='word_1_111' title='bbox 1154 1343 1296 1414; x_wconf 86' lang='lat' dir='ltr'><strong>Cupernici</strong></span> <span class='ocrx_word' id='word_1_112' title='bbox 1319 1343 1433 1401; x_wconf 78' lang='lat' dir='ltr'><strong>refutari</strong></span> <span class='ocrx_word' id='word_1_113' title='bbox 1452 1344 1593 1414; x_wconf 83' lang='lat' dir='ltr'><strong>opinetur:</strong></span> 
     </span>
     <span class='ocr_line' id='line_1_11' title="bbox 241 1429 1595 1502; baseline 0.001 -18"><span class='ocrx_word' id='word_1_114' title='bbox 241 1438 430 1500; x_wconf 75' lang='lat' dir='ltr'><strong>argumentum</strong></span> <span class='ocrx_word' id='word_1_115' title='bbox 448 1429 483 1486; x_wconf 92' lang='lat' dir='ltr'><strong>de</strong></span> <span class='ocrx_word' id='word_1_116' title='bbox 500 1445 565 1486; x_wconf 89' lang='lat' dir='ltr'><strong>casu</strong></span> <span class='ocrx_word' id='word_1_117' title='bbox 583 1431 686 1500; x_wconf 86' lang='lat' dir='ltr'><strong>plumbi</strong></span> <span class='ocrx_word' id='word_1_118' title='bbox 706 1445 741 1485; x_wconf 88' lang='lat' dir='ltr'><strong>ex</strong></span> <span class='ocrx_word' id='word_1_119' title='bbox 758 1429 891 1486; x_wconf 89' lang='lat' dir='ltr'><strong>altissima</strong></span> <span class='ocrx_word' id='word_1_120' title='bbox 908 1433 989 1500; x_wconf 90' lang='lat' dir='ltr'><strong>turri,</strong></span> <span class='ocrx_word' id='word_1_121' title='bbox 1009 1431 1077 1487; x_wconf 88' lang='lat' dir='ltr'><strong>illud</strong></span> <span class='ocrx_word' id='word_1_122' title='bbox 1089 1431 1123 1486; x_wconf 90' lang='lat' dir='ltr'><strong>dc</strong></span> <span class='ocrx_word' id='word_1_123' title='bbox 1138 1437 1289 1498; x_wconf 84' lang='lat' dir='ltr'><strong>,tormento</strong></span> <span class='ocrx_word' id='word_1_124' title='bbox 1301 1431 1503 1502; x_wconf 81' lang='lat' dir='ltr'><strong>bombardico‘,</strong></span> <span class='ocrx_word' id='word_1_125' title='bbox 1522 1430 1595 1501; x_wconf 93' lang='lat' dir='ltr'><strong>quod</strong></span> 
     </span>
     <span class='ocr_line' id='line_1_12' title="bbox 241 1501 1595 1591; baseline -0.003 -15"><span class='ocrx_word' id='word_1_126' title='bbox 241 1520 375 1590; x_wconf 88' lang='lat' dir='ltr'><strong>Keplerus</strong></span> <span class='ocrx_word' id='word_1_127' title='bbox 394 1524 471 1574; x_wconf 86' lang='lat' dir='ltr'><strong>taxet</strong></span> <span class='ocrx_word' id='word_1_128' title='bbox 487 1518 540 1574; x_wconf 81' lang='lat' dir='ltr'><strong>rol.</strong></span> <span class='ocrx_word' id='word_1_129' title='bbox 560 1519 609 1588; x_wconf 77' lang='lat' dir='ltr'><strong>lll.</strong></span> <span class='ocrx_word' id='word_1_130' title='bbox 626 1537 654 1589; x_wconf 90' lang='lat' dir='ltr'><strong>p.</strong></span> <span class='ocrx_word' id='word_1_131' title='bbox 667 1519 727 1580; x_wconf 78' lang='lat'><strong>152,</strong></span> <span class='ocrx_word' id='word_1_132' title='bbox 745 1518 797 1575; x_wconf 71' lang='grc'><strong>458</strong></span> <span class='ocrx_word' id='word_1_133' title='bbox 809 1533 847 1574; x_wconf 90' lang='lat' dir='ltr'><strong>ss.</strong></span> <span class='ocrx_word' id='word_1_134' title='bbox 876 1519 1000 1588; x_wconf 90' lang='lat' dir='ltr'><strong>Denique</strong></span> <span class='ocrx_word' id='word_1_135' title='bbox 1018 1517 1070 1574; x_wconf 88' lang='lat' dir='ltr'><strong>hoc</strong></span> <span class='ocrx_word' id='word_1_136' title='bbox 1088 1517 1168 1575; x_wconf 82' lang='lat' dir='ltr'><strong>effert</strong></span> <span class='ocrx_word' id='word_1_137' title='bbox 1187 1501 1447 1591; x_wconf 70' lang='lat' dir='ltr'><strong>,experimentumtz</strong></span> <span class='ocrx_word' id='word_1_138' title='bbox 1470 1519 1595 1588; x_wconf 84' lang='lat' dir='ltr'><strong>,quidam</strong></span> 
     </span>
     <span class='ocr_line' id='line_1_13' title="bbox 241 1601 1595 1678; baseline 0 -16"><span class='ocrx_word' id='word_1_139' title='bbox 241 1607 405 1674; x_wconf 76' lang='lat' dir='ltr'><strong>existiment,</strong></span> <span class='ocrx_word' id='word_1_140' title='bbox 424 1607 508 1661; x_wconf 91' lang='lat' dir='ltr'><strong>telum</strong></span> <span class='ocrx_word' id='word_1_141' title='bbox 527 1607 621 1662; x_wconf 84' lang='lat' dir='ltr'><strong>euasi</strong></span> <span class='ocrx_word' id='word_1_142' title='bbox 639 1623 746 1661; x_wconf 89' lang='lat' dir='ltr'><strong>sursum</strong></span> <span class='ocrx_word' id='word_1_143' title='bbox 765 1605 882 1674; x_wconf 87' lang='lat' dir='ltr'><strong>ejectum</strong></span> <span class='ocrx_word' id='word_1_144' title='bbox 900 1621 1025 1661; x_wconf 91' lang='lat' dir='ltr'><strong>casurum</strong></span> <span class='ocrx_word' id='word_1_145' title='bbox 1043 1601 1075 1662; x_wconf 83' lang='lat' dir='ltr'><strong>id</strong></span> <span class='ocrx_word' id='word_1_146' title='bbox 1089 1608 1204 1664; x_wconf 88' lang='lat' dir='ltr'><strong>eundem</strong></span> <span class='ocrx_word' id='word_1_147' title='bbox 1222 1607 1311 1663; x_wconf 92' lang='lat' dir='ltr'><strong>locum</strong></span> <span class='ocrx_word' id='word_1_148' title='bbox 1329 1615 1405 1663; x_wconf 88' lang='lat' dir='ltr'><strong>mota</strong></span> <span class='ocrx_word' id='word_1_149' title='bbox 1421 1607 1495 1676; x_wconf 84' lang='lat' dir='ltr'><strong>nari,</strong></span> <span class='ocrx_word' id='word_1_150' title='bbox 1515 1622 1595 1678; x_wconf 92' lang='lat' dir='ltr'><strong>quam</strong></span> 
     </span>
    </p>
   </div>
   <div class='ocr_carea' id='block_1_4' title="bbox 150 1692 1595 1774">
    <p class='ocr_par' dir='ltr' id='par_1_5' title="bbox 150 1692 1595 1774">
     <span class='ocr_line' id='line_1_14' title="bbox 150 1692 1595 1774; baseline 0.002 -27"><span class='ocrx_word' id='word_1_151' title='bbox 150 1729 153 1747; x_wconf 84' lang='grc'>,</span> <span class='ocrx_word' id='word_1_152' title='bbox 240 1695 406 1765; x_wconf 84' lang='lat' dir='ltr'><strong>pertingeret</strong></span> <span class='ocrx_word' id='word_1_153' title='bbox 423 1693 475 1750; x_wconf 89' lang='lat' dir='ltr'><strong>hac</strong></span> <span class='ocrx_word' id='word_1_154' title='bbox 494 1693 663 1763; x_wconf 89' lang='lat' dir='ltr'><strong>quiescente;</strong></span> <span class='ocrx_word' id='word_1_155' title='bbox 691 1693 890 1750; x_wconf 90' lang='lat' dir='ltr'><strong>inconsiderate</strong></span> <span class='ocrx_word' id='word_1_156' title='bbox 907 1692 960 1748; x_wconf 90' lang='lat' dir='ltr'><strong>hoo</strong></span> <span class='ocrx_word' id='word_1_157' title='bbox 977 1692 1132 1764; x_wconf 78' lang='lat' dir='ltr'><strong>proferunt,</strong></span> <span class='ocrx_word' id='word_1_158' title='bbox 1158 1711 1218 1750; x_wconf 89' lang='lat' dir='ltr'><strong>cum</strong></span> <span class='ocrx_word' id='word_1_159' title='bbox 1235 1712 1281 1774; x_wconf 82' lang='lat' dir='ltr'><strong>res</strong></span> <span class='ocrx_word' id='word_1_160' title='bbox 1302 1696 1385 1765; x_wconf 90' lang='lat' dir='ltr'><strong>longe</strong></span> <span class='ocrx_word' id='word_1_161' title='bbox 1402 1695 1483 1751; x_wconf 87' lang='lat' dir='ltr'><strong>aliter</strong></span> <span class='ocrx_word' id='word_1_162' title='bbox 1499 1709 1530 1750; x_wconf 89' lang='lat' dir='ltr'><strong>se</strong></span> <span class='ocrx_word' id='word_1_163' title='bbox 1547 1694 1595 1750; x_wconf 92' lang='lat' dir='ltr'><strong>ha-</strong></span> 
     </span>
    </p>
   </div>
   <div class='ocr_carea' id='block_1_5' title="bbox 224 1769 1609 5000">
    <p class='ocr_par' dir='ltr' id='par_1_6' title="bbox 224 1769 1609 5000">
     <span class='ocr_line' id='line_1_15' title="bbox 240 1769 1489 1852; baseline 0.003 -18"><span class='ocrx_word' id='word_1_164' title='bbox 240 1782 313 1839; x_wconf 82' lang='lat' dir='ltr'><strong>beat..</strong></span> <span class='ocrx_word' id='word_1_165' title='bbox 349 1782 434 1836; x_wconf 91' lang='lat' dir='ltr'><strong>Immo</strong></span> <span class='ocrx_word' id='word_1_166' title='bbox 453 1797 507 1850; x_wconf 94' lang='lat' dir='ltr'><strong>quo</strong></span> <span class='ocrx_word' id='word_1_167' title='bbox 529 1779 649 1836; x_wconf 83' lang='lat' dir='ltr'><strong>velocior</strong></span> <span class='ocrx_word' id='word_1_168' title='bbox 666 1781 717 1837; x_wconf 92' lang='lat' dir='ltr'><strong>erit</strong></span> <span class='ocrx_word' id='word_1_169' title='bbox 734 1781 809 1836; x_wconf 87' lang='lat' dir='ltr'><strong>neris</strong></span> <span class='ocrx_word' id='word_1_170' title='bbox 828 1781 974 1851; x_wconf 86' lang='lat' dir='ltr'><strong>promotio,</strong></span> <span class='ocrx_word' id='word_1_171' title='bbox 1001 1797 1032 1836; x_wconf 93' lang='lat' dir='ltr'><strong>eo</strong></span> <span class='ocrx_word' id='word_1_172' title='bbox 1051 1781 1112 1852; x_wconf 89' lang='lat' dir='ltr'><strong>plus</strong></span> <span class='ocrx_word' id='word_1_173' title='bbox 1130 1769 1281 1839; x_wconf 84' lang='lat' dir='ltr'><strong>invenietur</strong></span> <span class='ocrx_word' id='word_1_174' title='bbox 1300 1783 1489 1839; x_wconf 82' lang='lat' dir='ltr'><strong>discriminis.“</strong></span> 
     </span>
     <span class='ocr_line' id='line_1_16' title="bbox 346 1866 1596 1940; baseline 0.001 -17"><span class='ocrx_word' id='word_1_175' title='bbox 346 1868 514 1938; x_wconf 80' lang='lat' dir='ltr'><strong>Quemquam</strong></span> <span class='ocrx_word' id='word_1_176' title='bbox 535 1866 581 1923; x_wconf 93' lang='lat' dir='ltr'><strong>hic</strong></span> <span class='ocrx_word' id='word_1_177' title='bbox 598 1867 723 1924; x_wconf 89' lang='lat' dir='ltr'><strong>audimus</strong></span> <span class='ocrx_word' id='word_1_178' title='bbox 741 1868 898 1939; x_wconf 80' lang='lat' dir='ltr'><strong>Tychonem</strong></span> <span class='ocrx_word' id='word_1_179' title='bbox 917 1868 1091 1940; x_wconf 77' lang='lat' dir='ltr'><strong>gloriantem,</strong></span> <span class='ocrx_word' id='word_1_180' title='bbox 1115 1869 1319 1926; x_wconf 87' lang='lat' dir='ltr'><strong>Rothmennum</strong></span> <span class='ocrx_word' id='word_1_181' title='bbox 1343 1869 1444 1926; x_wconf 85' lang='lat' dir='ltr'><strong>victum</strong></span> <span class='ocrx_word' id='word_1_182' title='bbox 1462 1869 1504 1926; x_wconf 92' lang='lat' dir='ltr'><strong>his</strong></span> <span class='ocrx_word' id='word_1_183' title='bbox 1523 1869 1596 1925; x_wconf 89' lang='lat' dir='ltr'><strong>eliis·</strong></span> 
     </span>
     <span class='ocr_line' id='line_1_17' title="bbox 241 1955 1596 2038; baseline 0 -26"><span class='ocrx_word' id='word_1_184' title='bbox 241 1973 293 2026; x_wconf 92' lang='lat' dir='ltr'><strong>que</strong></span> <span class='ocrx_word' id='word_1_185' title='bbox 305 1958 427 2026; x_wconf 85' lang='lat' dir='ltr'><strong>ejusdem</strong></span> <span class='ocrx_word' id='word_1_186' title='bbox 438 1957 567 2014; x_wconf 87' lang='lat' dir='ltr'><strong>momenti</strong></span> <span class='ocrx_word' id='word_1_187' title='bbox 580 1956 739 2026; x_wconf 87' lang='lat' dir='ltr'><strong>rationibus,</strong></span> <span class='ocrx_word' id='word_1_188' title='bbox 752 1957 891 2012; x_wconf 83' lang='lat' dir='ltr'><strong>victoriam</strong></span> <span class='ocrx_word' id='word_1_189' title='bbox 903 1957 956 2027; x_wconf 91' lang='lat' dir='ltr'><strong>ipsi</strong></span> <span class='ocrx_word' id='word_1_190' title='bbox 968 1957 1134 2029; x_wconf 88' lang='lat' dir='ltr'><strong>concesisse,</strong></span> <span class='ocrx_word' id='word_1_191' title='bbox 1154 1956 1239 2012; x_wconf 91' lang='lat' dir='ltr'><strong>nihilo</strong></span> <span class='ocrx_word' id='word_1_192' title='bbox 1253 1957 1341 2011; x_wconf 90' lang='lat' dir='ltr'><strong>minus</strong></span> <span class='ocrx_word' id='word_1_193' title='bbox 1353 1955 1515 2038; x_wconf 77' lang='lat' dir='ltr'><strong>dubitamus,</strong></span> <span class='ocrx_word' id='word_1_194' title='bbox 1530 1973 1596 2012; x_wconf 90' lang='lat' dir='ltr'><strong>num</strong></span> 
     </span>
     <span class='ocr_line' id='line_1_18' title="bbox 242 2035 1600 2117; baseline 0 -17"><span class='ocrx_word' id='word_1_195' title='bbox 242 2046 431 2100; x_wconf 89' lang='lat' dir='ltr'><strong>Rothmannus</strong></span> <span class='ocrx_word' id='word_1_196' title='bbox 452 2051 508 2100; x_wconf 85' lang='lat' dir='ltr'><strong>tum</strong></span> <span class='ocrx_word' id='word_1_197' title='bbox 529 2043 611 2114; x_wconf 87' lang='lat' dir='ltr'><strong>plane</strong></span> <span class='ocrx_word' id='word_1_198' title='bbox 632 2043 797 2116; x_wconf 78' lang='lat' dir='ltr'><strong>ecqrdererit</strong></span> <span class='ocrx_word' id='word_1_199' title='bbox 817 2044 965 2100; x_wconf 85' lang='lat' dir='ltr'><strong>rationibus</strong></span> <span class='ocrx_word' id='word_1_200' title='bbox 978 2041 1122 2116; x_wconf 84' lang='lat' dir='ltr'><strong>Tychouis,</strong></span> <span class='ocrx_word' id='word_1_201' title='bbox 1144 2061 1204 2101; x_wconf 92' lang='lat' dir='ltr'><strong>cum</strong></span> <span class='ocrx_word' id='word_1_202' title='bbox 1222 2045 1251 2101; x_wconf 92' lang='lat' dir='ltr'><strong>in</strong></span> <span class='ocrx_word' id='word_1_203' title='bbox 1268 2035 1384 2117; x_wconf 82' lang='lat' dir='ltr'><strong>epistole</strong></span> <span class='ocrx_word' id='word_1_204' title='bbox 1401 2062 1426 2100; x_wconf 90' lang='lat' dir='ltr'><strong>a.</strong></span> <span class='ocrx_word' id='word_1_205' title='bbox 1443 2046 1517 2110; x_wconf 81' lang='lat'><strong>1595,</strong></span> <span class='ocrx_word' id='word_1_206' title='bbox 1535 2052 1600 2115; x_wconf 92' lang='lat' dir='ltr'><strong>post</strong></span> 
     </span>
     <span class='ocr_line' id='line_1_19' title="bbox 242 2115 1601 2202; baseline 0.001 -18"><span class='ocrx_word' id='word_1_207' title='bbox 242 2115 362 2201; x_wconf 84' lang='lat' dir='ltr'><strong>quinque</strong></span> <span class='ocrx_word' id='word_1_208' title='bbox 385 2145 516 2186; x_wconf 88' lang='lat' dir='ltr'><strong>annorum</strong></span> <span class='ocrx_word' id='word_1_209' title='bbox 542 2130 678 2186; x_wconf 86' lang='lat' dir='ltr'><strong>silentium</strong></span> <span class='ocrx_word' id='word_1_210' title='bbox 702 2131 737 2185; x_wconf 94' lang='lat' dir='ltr'><strong>ad</strong></span> <span class='ocrx_word' id='word_1_211' title='bbox 759 2131 962 2186; x_wconf 88' lang='lat' dir='ltr'><strong>Rothmannum</strong></span> <span class='ocrx_word' id='word_1_212' title='bbox 984 2130 1067 2186; x_wconf 89' lang='lat' dir='ltr'><strong>misse</strong></span> <span class='ocrx_word' id='word_1_213' title='bbox 1089 2130 1182 2200; x_wconf 78' lang='lat' dir='ltr'><strong>Tpoho</strong></span> <span class='ocrx_word' id='word_1_214' title='bbox 1208 2131 1302 2202; x_wconf 87' lang='lat' dir='ltr'><strong>eadem</strong></span> <span class='ocrx_word' id='word_1_215' title='bbox 1326 2131 1397 2200; x_wconf 85' lang='lat' dir='ltr'><strong>iere,</strong></span> <span class='ocrx_word' id='word_1_216' title='bbox 1422 2145 1493 2201; x_wconf 91' lang='lat' dir='ltr'><strong>quac</strong></span> <span class='ocrx_word' id='word_1_217' title='bbox 1517 2137 1601 2186; x_wconf 87' lang='lat' dir='ltr'><strong>antea</strong></span> 
     </span>
     <span class='ocr_line' id='line_1_20' title="bbox 242 2217 1599 2292; baseline 0.001 -18"><span class='ocrx_word' id='word_1_218' title='bbox 242 2225 338 2274; x_wconf 88' lang='lat' dir='ltr'><strong>contre</strong></span> <span class='ocrx_word' id='word_1_219' title='bbox 355 2218 533 2288; x_wconf 83' lang='lat' dir='ltr'><strong>Ooperuicum</strong></span> <span class='ocrx_word' id='word_1_220' title='bbox 557 2217 728 2289; x_wconf 80' lang='lat' dir='ltr'><strong>prodiderat,</strong></span> <span class='ocrx_word' id='word_1_221' title='bbox 753 2224 871 2288; x_wconf 90' lang='lat' dir='ltr'><strong>repetat,</strong></span> <span class='ocrx_word' id='word_1_222' title='bbox 895 2218 949 2284; x_wconf 88' lang='lat' dir='ltr'><strong>hqc</strong></span> <span class='ocrx_word' id='word_1_223' title='bbox 971 2225 1078 2273; x_wconf 89' lang='lat' dir='ltr'><strong>tantum</strong></span> <span class='ocrx_word' id='word_1_224' title='bbox 1098 2220 1296 2291; x_wconf 81' lang='lat' dir='ltr'><strong>pronuncians,</strong></span> <span class='ocrx_word' id='word_1_225' title='bbox 1322 2236 1433 2292; x_wconf 84' lang='lat' dir='ltr'><strong>sperare</strong></span> <span class='ocrx_word' id='word_1_226' title='bbox 1455 2235 1499 2290; x_wconf 91' lang='lat' dir='ltr'><strong>se,</strong></span> <span class='ocrx_word' id='word_1_227' title='bbox 1525 2235 1599 2276; x_wconf 94' lang='lat' dir='ltr'><strong>nunc</strong></span> 
     </span>
     <span class='ocr_line' id='line_1_21' title="bbox 242 2305 1600 2377; baseline 0 -15"><span class='ocrx_word' id='word_1_228' title='bbox 242 2307 348 2362; x_wconf 90' lang='lat' dir='ltr'><strong>demum</strong></span> <span class='ocrx_word' id='word_1_229' title='bbox 365 2306 520 2361; x_wconf 86' lang='lat' dir='ltr'><strong>Rothmsno</strong></span> <span class='ocrx_word' id='word_1_230' title='bbox 539 2319 569 2360; x_wconf 89' lang='lat' dir='ltr'><strong>se</strong></span> <span class='ocrx_word' id='word_1_231' title='bbox 587 2305 790 2362; x_wconf 84' lang='lat' dir='ltr'><strong>satisfacturum</strong></span> <span class='ocrx_word' id='word_1_232' title='bbox 814 2305 881 2362; x_wconf 83' lang='lat' dir='ltr'><strong>fore.</strong></span> <span class='ocrx_word' id='word_1_233' title='bbox 916 2306 947 2360; x_wconf 92' lang='lat' dir='ltr'><strong>Iu</strong></span> <span class='ocrx_word' id='word_1_234' title='bbox 966 2305 1060 2361; x_wconf 91' lang='lat' dir='ltr'><strong>eadem</strong></span> <span class='ocrx_word' id='word_1_235' title='bbox 1074 2306 1190 2376; x_wconf 89' lang='lat' dir='ltr'><strong>epistole</strong></span> <span class='ocrx_word' id='word_1_236' title='bbox 1206 2309 1276 2365; x_wconf 92' lang='lat' dir='ltr'><strong>haec</strong></span> <span class='ocrx_word' id='word_1_237' title='bbox 1295 2307 1386 2365; x_wconf 88' lang='lat' dir='ltr'><strong>addit:</strong></span> <span class='ocrx_word' id='word_1_238' title='bbox 1407 2307 1475 2376; x_wconf 80' lang='lat' dir='ltr'><strong>,Est</strong></span> <span class='ocrx_word' id='word_1_239' title='bbox 1486 2307 1600 2377; x_wconf 88' lang='lat' dir='ltr'><strong>insuper</strong></span> 
     </span>
     <span class='ocr_line' id='line_1_22' title="bbox 241 2391 1599 2468; baseline 0.001 -19"><span class='ocrx_word' id='word_1_240' title='bbox 241 2407 369 2465; x_wconf 87' lang='lat' dir='ltr'><strong>magnum</strong></span> <span class='ocrx_word' id='word_1_241' title='bbox 401 2401 588 2462; x_wconf 73' lang='lat' dir='ltr'><strong>argumentum</strong></span> <span class='ocrx_word' id='word_1_242' title='bbox 619 2391 782 2448; x_wconf 76' lang='lat' dir='ltr'><strong>infirmitatis</strong></span> <span class='ocrx_word' id='word_1_243' title='bbox 812 2393 992 2448; x_wconf 89' lang='lat' dir='ltr'><strong>assertionum</strong></span> <span class='ocrx_word' id='word_1_244' title='bbox 1018 2393 1276 2468; x_wconf 86' lang='lat' dir='ltr'><strong>Copernicenarum,</strong></span> <span class='ocrx_word' id='word_1_245' title='bbox 1305 2396 1379 2466; x_wconf 91' lang='lat' dir='ltr'><strong>qnod</strong></span> <span class='ocrx_word' id='word_1_246' title='bbox 1409 2396 1599 2452; x_wconf 87' lang='lat' dir='ltr'><strong>eccentricitas</strong></span> 
     </span>
     <span class='ocr_line' id='line_1_23' title="bbox 241 2478 1599 2552; baseline 0 -15"><span class='ocrx_word' id='word_1_247' title='bbox 241 2481 338 2537; x_wconf 79' lang='lat' dir='ltr'><strong>Martis</strong></span> <span class='ocrx_word' id='word_1_248' title='bbox 362 2495 533 2551; x_wconf 91' lang='lat' dir='ltr'><strong>nequaquam</strong></span> <span class='ocrx_word' id='word_1_249' title='bbox 556 2483 595 2538; x_wconf 90' lang='lat' dir='ltr'><strong>ita</strong></span> <span class='ocrx_word' id='word_1_250' title='bbox 619 2495 649 2536; x_wconf 87' lang='lat' dir='ltr'><strong>ae</strong></span> <span class='ocrx_word' id='word_1_251' title='bbox 673 2481 786 2550; x_wconf 88' lang='lat' dir='ltr'><strong>habeat,</strong></span> <span class='ocrx_word' id='word_1_252' title='bbox 810 2487 892 2552; x_wconf 89' lang='lat' dir='ltr'><strong>prout</strong></span> <span class='ocrx_word' id='word_1_253' title='bbox 913 2480 976 2536; x_wconf 88' lang='lat' dir='ltr'><strong>illae</strong></span> <span class='ocrx_word' id='word_1_254' title='bbox 1000 2478 1149 2551; x_wconf 88' lang='lat' dir='ltr'><strong>postulant.</strong></span> <span class='ocrx_word' id='word_1_255' title='bbox 1191 2481 1279 2549; x_wconf 81' lang='lat' dir='ltr'><strong>Quum</strong></span> <span class='ocrx_word' id='word_1_256' title='bbox 1303 2483 1374 2536; x_wconf 89' lang='lat' dir='ltr'><strong>enirn</strong></span> <span class='ocrx_word' id='word_1_257' title='bbox 1392 2483 1415 2538; x_wconf 90' lang='lat' dir='ltr'><strong>is</strong></span> <span class='ocrx_word' id='word_1_258' title='bbox 1434 2482 1531 2537; x_wconf 85' lang='lat' dir='ltr'><strong>Martis</strong></span> <span class='ocrx_word' id='word_1_259' title='bbox 1556 2497 1599 2538; x_wconf 92' lang='lat' dir='ltr'><strong>ec·</strong></span> 
     </span>
     <span class='ocr_line' id='line_1_24' title="bbox 242 2567 1600 2638; baseline 0.001 -16"><span class='ocrx_word' id='word_1_260' title='bbox 242 2567 437 2624; x_wconf 88' lang='lat' dir='ltr'><strong>ceutricitatem</strong></span> <span class='ocrx_word' id='word_1_261' title='bbox 460 2567 600 2638; x_wconf 90' lang='lat' dir='ltr'><strong>aliquanto</strong></span> <span class='ocrx_word' id='word_1_262' title='bbox 612 2567 748 2623; x_wconf 86' lang='lat' dir='ltr'><strong>minorem</strong></span> <span class='ocrx_word' id='word_1_263' title='bbox 774 2584 855 2637; x_wconf 90' lang='lat' dir='ltr'><strong>quem</strong></span> <span class='ocrx_word' id='word_1_264' title='bbox 879 2567 934 2624; x_wconf 81' lang='lat' dir='ltr'><strong>lert</strong></span> <span class='ocrx_word' id='word_1_265' title='bbox 952 2567 1101 2624; x_wconf 86' lang='lat' dir='ltr'><strong>Ptolemaei</strong></span> <span class='ocrx_word' id='word_1_266' title='bbox 1126 2567 1265 2625; x_wconf 88' lang='lat' dir='ltr'><strong>denotatio</strong></span> <span class='ocrx_word' id='word_1_267' title='bbox 1284 2583 1313 2624; x_wconf 91' lang='lat' dir='ltr'><strong>se</strong></span> <span class='ocrx_word' id='word_1_268' title='bbox 1331 2568 1502 2625; x_wconf 79' lang='lat' dir='ltr'><strong>adinvenisse</strong></span> <span class='ocrx_word' id='word_1_269' title='bbox 1525 2568 1600 2624; x_wconf 87' lang='lat' dir='ltr'><strong>affir-</strong></span> 
     </span>
     <span class='ocr_line' id='line_1_25' title="bbox 240 2654 1599 2727; baseline 0.001 -19"><span class='ocrx_word' id='word_1_270' title='bbox 240 2656 329 2722; x_wconf 89' lang='lat' dir='ltr'><strong>marit,</strong></span> <span class='ocrx_word' id='word_1_271' title='bbox 354 2662 459 2709; x_wconf 90' lang='lat' dir='ltr'><strong>tantum</strong></span> <span class='ocrx_word' id='word_1_272' title='bbox 483 2656 562 2712; x_wconf 86' lang='lat' dir='ltr'><strong>abest</strong></span> <span class='ocrx_word' id='word_1_273' title='bbox 586 2654 658 2724; x_wconf 92' lang='lat' dir='ltr'><strong>qnod</strong></span> <span class='ocrx_word' id='word_1_274' title='bbox 676 2669 721 2711; x_wconf 93' lang='lat' dir='ltr'><strong>res</strong></span> <span class='ocrx_word' id='word_1_275' title='bbox 738 2656 779 2710; x_wconf 90' lang='lat' dir='ltr'><strong>ita</strong></span> <span class='ocrx_word' id='word_1_276' title='bbox 797 2671 829 2710; x_wconf 89' lang='lat' dir='ltr'><strong>se</strong></span> <span class='ocrx_word' id='word_1_277' title='bbox 847 2655 957 2726; x_wconf 88' lang='lat' dir='ltr'><strong>hebeat,</strong></span> <span class='ocrx_word' id='word_1_278' title='bbox 982 2664 1011 2711; x_wconf 91' lang='lat' dir='ltr'><strong>ut</strong></span> <span class='ocrx_word' id='word_1_279' title='bbox 1030 2655 1126 2712; x_wconf 87' lang='lat' dir='ltr'><strong>Martis</strong></span> <span class='ocrx_word' id='word_1_280' title='bbox 1150 2656 1337 2713; x_wconf 86' lang='lat' dir='ltr'><strong>eccentricitas</strong></span> <span class='ocrx_word' id='word_1_281' title='bbox 1360 2671 1377 2711; x_wconf 92' lang='lat' dir='ltr'><strong>a</strong></span> <span class='ocrx_word' id='word_1_282' title='bbox 1400 2655 1478 2711; x_wconf 90' lang='lat' dir='ltr'><strong>nobis</strong></span> <span class='ocrx_word' id='word_1_283' title='bbox 1502 2655 1599 2727; x_wconf 90' lang='lat' dir='ltr'><strong>depre-</strong></span> 
     </span>
     <span class='ocr_line' id='line_1_26' title="bbox 241 2742 1601 2815; baseline 0.002 -18"><span class='ocrx_word' id='word_1_284' title='bbox 241 2743 328 2798; x_wconf 91' lang='lat' dir='ltr'><strong>hensa</strong></span> <span class='ocrx_word' id='word_1_285' title='bbox 352 2743 386 2798; x_wconf 85' lang='lat' dir='ltr'><strong>sit</strong></span> <span class='ocrx_word' id='word_1_286' title='bbox 408 2759 458 2812; x_wconf 90' lang='lat' dir='ltr'><strong>per</strong></span> <span class='ocrx_word' id='word_1_287' title='bbox 480 2743 589 2798; x_wconf 88' lang='lat' dir='ltr'><strong>minime</strong></span> <span class='ocrx_word' id='word_1_288' title='bbox 613 2744 709 2799; x_wconf 90' lang='lat' dir='ltr'><strong>dubias</strong></span> <span class='ocrx_word' id='word_1_289' title='bbox 735 2742 1008 2814; x_wconf 89' lang='lat' dir='ltr'><strong>experimentetiones</strong></span> <span class='ocrx_word' id='word_1_290' title='bbox 1036 2745 1131 2800; x_wconf 84' lang='lat' dir='ltr'><strong>eedem</strong></span> <span class='ocrx_word' id='word_1_291' title='bbox 1156 2759 1241 2815; x_wconf 89' lang='lat' dir='ltr'><strong>pene,</strong></span> <span class='ocrx_word' id='word_1_292' title='bbox 1267 2756 1348 2813; x_wconf 91' lang='lat' dir='ltr'><strong>quam</strong></span> <span class='ocrx_word' id='word_1_293' title='bbox 1366 2742 1540 2799; x_wconf 90' lang='lat' dir='ltr'><strong>Ptolemaeus</strong></span> <span class='ocrx_word' id='word_1_294' title='bbox 1558 2743 1601 2800; x_wconf 90' lang='lat' dir='ltr'><strong>illi</strong></span> 
     </span>
     <span class='ocr_line' id='line_1_27' title="bbox 242 2829 1599 2901; baseline 0.001 -17"><span class='ocrx_word' id='word_1_295' title='bbox 242 2830 366 2884; x_wconf 87' lang='lat' dir='ltr'><strong>attribuit</strong></span> <span class='ocrx_word' id='word_1_296' title='bbox 389 2831 432 2886; x_wconf 84' lang='lat' dir='ltr'><strong>rel</strong></span> <span class='ocrx_word' id='word_1_297' title='bbox 455 2831 546 2901; x_wconf 89' lang='lat' dir='ltr'><strong>potius</strong></span> <span class='ocrx_word' id='word_1_298' title='bbox 570 2833 709 2887; x_wconf 90' lang='lat' dir='ltr'><strong>nonnihilo</strong></span> <span class='ocrx_word' id='word_1_299' title='bbox 732 2831 828 2901; x_wconf 88' lang='lat' dir='ltr'><strong>major.</strong></span> <span class='ocrx_word' id='word_1_300' title='bbox 868 2831 906 2888; x_wconf 89' lang='lat' dir='ltr'><strong>Ut</strong></span> <span class='ocrx_word' id='word_1_301' title='bbox 931 2831 1017 2888; x_wconf 89' lang='lat' dir='ltr'><strong>etde</strong></span> <span class='ocrx_word' id='word_1_302' title='bbox 1041 2833 1154 2889; x_wconf 87' lang='lat' dir='ltr'><strong>Veneris</strong></span> <span class='ocrx_word' id='word_1_303' title='bbox 1179 2831 1381 2888; x_wconf 87' lang='lat' dir='ltr'><strong>eccentricitete</strong></span> <span class='ocrx_word' id='word_1_304' title='bbox 1406 2829 1473 2886; x_wconf 89' lang='lat' dir='ltr'><strong>nihil</strong></span> <span class='ocrx_word' id='word_1_305' title='bbox 1500 2829 1599 2900; x_wconf 90' lang='lat' dir='ltr'><strong>dicam,</strong></span> 
     </span>
     <span class='ocr_line' id='line_1_28' title="bbox 243 2915 1602 2991; baseline 0.001 -21"><span class='ocrx_word' id='word_1_306' title='bbox 243 2931 313 2985; x_wconf 91' lang='lat' dir='ltr'><strong>quae</strong></span> <span class='ocrx_word' id='word_1_307' title='bbox 331 2918 434 2986; x_wconf 89' lang='lat' dir='ltr'><strong>pariter</strong></span> <span class='ocrx_word' id='word_1_308' title='bbox 452 2917 537 2974; x_wconf 91' lang='lat' dir='ltr'><strong>multo</strong></span> <span class='ocrx_word' id='word_1_309' title='bbox 557 2918 636 2975; x_wconf 92' lang='lat' dir='ltr'><strong>aliter</strong></span> <span class='ocrx_word' id='word_1_310' title='bbox 654 2934 684 2976; x_wconf 87' lang='lat' dir='ltr'><strong>se</strong></span> <span class='ocrx_word' id='word_1_311' title='bbox 702 2917 794 2989; x_wconf 84' lang='lat' dir='ltr'><strong>habet,</strong></span> <span class='ocrx_word' id='word_1_312' title='bbox 813 2935 894 2988; x_wconf 88' lang='lat' dir='ltr'><strong>quam</strong></span> <span class='ocrx_word' id='word_1_313' title='bbox 906 2919 1072 2975; x_wconf 78' lang='lat' dir='ltr'><strong>asseveravit</strong></span> <span class='ocrx_word' id='word_1_314' title='bbox 1084 2918 1276 2991; x_wconf 78' lang='lat' dir='ltr'><strong>Cepernicus.“</strong></span> <span class='ocrx_word' id='word_1_315' title='bbox 1314 2917 1417 2972; x_wconf 87' lang='lat' dir='ltr'><strong>Iterum</strong></span> <span class='ocrx_word' id='word_1_316' title='bbox 1434 2915 1515 2972; x_wconf 88' lang='lat' dir='ltr'><strong>finem</strong></span> <span class='ocrx_word' id='word_1_317' title='bbox 1534 2915 1602 2973; x_wconf 86' lang='lat' dir='ltr'><strong>facit</strong></span> 
     </span>
     <span class='ocr_line' id='line_1_29' title="bbox 231 3004 1352 3076; baseline 0.004 -18"><span class='ocrx_word' id='word_1_318' title='bbox 231 3004 332 3059; x_wconf 81' lang='lat' dir='ltr'><strong>&#39;verbis</strong></span> <span class='ocrx_word' id='word_1_319' title='bbox 350 3007 509 3076; x_wconf 87' lang='lat' dir='ltr'><strong>saepissime</strong></span> <span class='ocrx_word' id='word_1_320' title='bbox 526 3008 742 3064; x_wconf 85' lang='lat' dir='ltr'><strong>recurrentibus:</strong></span> <span class='ocrx_word' id='word_1_321' title='bbox 763 3007 820 3072; x_wconf 86' lang='lat' dir='ltr'><strong>,De</strong></span> <span class='ocrx_word' id='word_1_322' title='bbox 839 3008 938 3076; x_wconf 90' lang='lat' dir='ltr'><strong>quibus</strong></span> <span class='ocrx_word' id='word_1_323' title='bbox 957 3008 1025 3064; x_wconf 91' lang='lat' dir='ltr'><strong>alias</strong></span> <span class='ocrx_word' id='word_1_324' title='bbox 1043 3005 1102 3064; x_wconf 88' lang='lat' dir='ltr'><strong>Deo</strong></span> <span class='ocrx_word' id='word_1_325' title='bbox 1120 3007 1229 3061; x_wconf 86' lang='lat' dir='ltr'><strong>volente</strong></span> <span class='ocrx_word' id='word_1_326' title='bbox 1247 3007 1352 3062; x_wconf 85' lang='lat' dir='ltr'><strong>latius.“</strong></span> 
     </span>
     <span class='ocr_line' id='line_1_30' title="bbox 251 3091 1600 3166; baseline 0.003 -19"><span class='ocrx_word' id='word_1_327' title='bbox 251 3141 262 3164; x_wconf 85' lang='lat'><strong>,</strong></span> <span class='ocrx_word' id='word_1_328' title='bbox 348 3092 475 3164; x_wconf 85' lang='lat' dir='ltr'><strong>Reliqua,</strong></span> <span class='ocrx_word' id='word_1_329' title='bbox 504 3109 575 3164; x_wconf 90' lang='lat' dir='ltr'><strong>queo</strong></span> <span class='ocrx_word' id='word_1_330' title='bbox 604 3095 697 3150; x_wconf 89' lang='lat' dir='ltr'><strong>insunt</strong></span> <span class='ocrx_word' id='word_1_331' title='bbox 726 3094 789 3150; x_wconf 84' lang='lat' dir='ltr'><strong>huic</strong></span> <span class='ocrx_word' id='word_1_332' title='bbox 816 3091 993 3163; x_wconf 89' lang='lat' dir='ltr'><strong>epistolarum</strong></span> <span class='ocrx_word' id='word_1_333' title='bbox 1017 3093 1186 3161; x_wconf 88' lang='lat' dir='ltr'><strong>collectioni,</strong></span> <span class='ocrx_word' id='word_1_334' title='bbox 1212 3095 1306 3166; x_wconf 89' lang='lat' dir='ltr'><strong>paucis</strong></span> <span class='ocrx_word' id='word_1_335' title='bbox 1330 3092 1474 3164; x_wconf 90' lang='lat' dir='ltr'><strong>complecti</strong></span> <span class='ocrx_word' id='word_1_336' title='bbox 1498 3093 1600 3164; x_wconf 84' lang='lat' dir='ltr'><strong>placet.</strong></span> 
     </span>
     <span class='ocr_line' id='line_1_31' title="bbox 245 3178 1602 3254; baseline 0.001 -19"><span class='ocrx_word' id='word_1_337' title='bbox 245 3178 448 3236; x_wconf 87' lang='lat' dir='ltr'><strong>Wilhelmus</strong></span> <span class='ocrx_word' id='word_1_338' title='bbox 471 3181 660 3254; x_wconf 81' lang='lat' dir='ltr'><strong>Landgravius</strong></span> <span class='ocrx_word' id='word_1_339' title='bbox 681 3181 765 3238; x_wconf 81' lang='lat' dir='ltr'><strong>refert</strong></span> <span class='ocrx_word' id='word_1_340' title='bbox 788 3182 992 3238; x_wconf 78' lang='lat' dir='ltr'><strong>obseruationes</strong></span> <span class='ocrx_word' id='word_1_341' title='bbox 1017 3195 1082 3236; x_wconf 90' lang='lat' dir='ltr'><strong>sse</strong></span> <span class='ocrx_word' id='word_1_342' title='bbox 1100 3181 1161 3251; x_wconf 87' lang='lat' dir='ltr'><strong>ipso</strong></span> <span class='ocrx_word' id='word_1_343' title='bbox 1185 3189 1213 3238; x_wconf 93' lang='lat' dir='ltr'><strong>et</strong></span> <span class='ocrx_word' id='word_1_344' title='bbox 1236 3180 1407 3250; x_wconf 83' lang='lat' dir='ltr'><strong>adjutoribus</strong></span> <span class='ocrx_word' id='word_1_345' title='bbox 1428 3181 1503 3249; x_wconf 86' lang='lat' dir='ltr'><strong>suis,</strong></span> <span class='ocrx_word' id='word_1_346' title='bbox 1527 3182 1602 3237; x_wconf 89' lang='lat' dir='ltr'><strong>inter</strong></span> 
     </span>
     <span class='ocr_line' id='line_1_32' title="bbox 248 3267 1600 3339; baseline 0.001 -19"><span class='ocrx_word' id='word_1_347' title='bbox 248 3281 321 3334; x_wconf 69' lang='lat' dir='ltr'><strong>quos¹</strong></span> <span class='ocrx_word' id='word_1_348' title='bbox 341 3273 402 3322; x_wconf 86' lang='lat' dir='ltr'><strong>erat</strong></span> <span class='ocrx_word' id='word_1_349' title='bbox 425 3268 533 3324; x_wconf 89' lang='lat' dir='ltr'><strong>celeber</strong></span> <span class='ocrx_word' id='word_1_350' title='bbox 554 3269 601 3325; x_wconf 89' lang='lat' dir='ltr'><strong>ille</strong></span> <span class='ocrx_word' id='word_1_351' title='bbox 625 3269 724 3325; x_wconf 87' lang='lat' dir='ltr'><strong>artilex</strong></span> <span class='ocrx_word' id='word_1_352' title='bbox 746 3271 764 3326; x_wconf 86' lang='lat' dir='ltr'><strong>J</strong></span> <span class='ocrx_word' id='word_1_353' title='bbox 769 3277 867 3326; x_wconf 91' lang='lat' dir='ltr'><strong>ustus</strong></span> <span class='ocrx_word' id='word_1_354' title='bbox 891 3269 1055 3338; x_wconf 81' lang='lat' dir='ltr'><strong>Bprgius‚</strong></span> <span class='ocrx_word' id='word_1_355' title='bbox 1081 3267 1176 3324; x_wconf 85' lang='lat' dir='ltr'><strong>iactas.</strong></span> <span class='ocrx_word' id='word_1_356' title='bbox 1212 3271 1254 3326; x_wconf 88' lang='lat' dir='ltr'><strong>De</strong></span> <span class='ocrx_word' id='word_1_357' title='bbox 1279 3268 1379 3339; x_wconf 82' lang='lat' dir='ltr'><strong>Byrgio</strong></span> <span class='ocrx_word' id='word_1_358' title='bbox 1403 3269 1457 3337; x_wconf 83' lang='lat' dir='ltr'><strong>(err.</strong></span> <span class='ocrx_word' id='word_1_359' title='bbox 1476 3271 1510 3326; x_wconf 83' lang='lat' dir='ltr'><strong>ll</strong></span> <span class='ocrx_word' id='word_1_360' title='bbox 1536 3271 1600 3336; x_wconf 75' lang='grc'><strong>884)</strong></span> 
     </span>
     <span class='ocr_line' id='line_1_33' title="bbox 244 3352 1601 3427; baseline 0.004 -21"><span class='ocrx_word' id='word_1_361' title='bbox 244 3352 298 3407; x_wconf 92' lang='lat' dir='ltr'><strong>hoc</strong></span> <span class='ocrx_word' id='word_1_362' title='bbox 322 3353 377 3408; x_wconf 84' lang='lat' dir='ltr'><strong>fert</strong></span> <span class='ocrx_word' id='word_1_363' title='bbox 395 3353 546 3412; x_wconf 76' lang='lat' dir='ltr'><strong>iudicium:</strong></span> <span class='ocrx_word' id='word_1_364' title='bbox 574 3357 679 3424; x_wconf 84' lang='lat' dir='ltr'><strong>,Vnser</strong></span> <span class='ocrx_word' id='word_1_365' title='bbox 695 3357 864 3414; x_wconf 84' lang='lat' dir='ltr'><strong>Vhrmacher</strong></span> <span class='ocrx_word' id='word_1_366' title='bbox 882 3355 946 3411; x_wconf 86' lang='lat' dir='ltr'><strong>Just</strong></span> <span class='ocrx_word' id='word_1_367' title='bbox 963 3353 1069 3425; x_wconf 88' lang='lat' dir='ltr'><strong>Bnrrji,</strong></span> <span class='ocrx_word' id='word_1_368' title='bbox 1094 3357 1140 3425; x_wconf 92' lang='lat' dir='ltr'><strong>qui</strong></span> <span class='ocrx_word' id='word_1_369' title='bbox 1164 3358 1243 3427; x_wconf 91' lang='lat' dir='ltr'><strong>quasi</strong></span> <span class='ocrx_word' id='word_1_370' title='bbox 1267 3357 1395 3425; x_wconf 88' lang='lat' dir='ltr'><strong>indagine</strong></span> <span class='ocrx_word' id='word_1_371' title='bbox 1413 3353 1484 3410; x_wconf 88' lang='lat' dir='ltr'><strong>alter</strong></span> <span class='ocrx_word' id='word_1_372' title='bbox 1501 3357 1601 3411; x_wconf 78' lang='lat' dir='ltr'><strong>Archi-</strong></span> 
     </span>
     <span class='ocr_line' id='line_1_34' title="bbox 246 3440 1602 3512; baseline 0.004 -18"><span class='ocrx_word' id='word_1_373' title='bbox 246 3440 338 3496; x_wconf 92' lang='lat' dir='ltr'><strong>medes</strong></span> <span class='ocrx_word' id='word_1_374' title='bbox 356 3443 417 3497; x_wconf 79' lang='lat' dir='ltr'><strong>ist.“</strong></span> <span class='ocrx_word' id='word_1_375' title='bbox 450 3441 543 3511; x_wconf 80' lang='lat' dir='ltr'><strong>Tycho</strong></span> <span class='ocrx_word' id='word_1_376' title='bbox 561 3443 761 3512; x_wconf 86' lang='lat' dir='ltr'><strong>Landgrarium</strong></span> <span class='ocrx_word' id='word_1_377' title='bbox 781 3449 874 3499; x_wconf 90' lang='lat' dir='ltr'><strong>monet</strong></span> <span class='ocrx_word' id='word_1_378' title='bbox 892 3441 927 3497; x_wconf 86' lang='lat' dir='ltr'><strong>da</strong></span> <span class='ocrx_word' id='word_1_379' title='bbox 944 3443 1132 3498; x_wconf 87' lang='lat' dir='ltr'><strong>instrumentis</strong></span> <span class='ocrx_word' id='word_1_380' title='bbox 1150 3451 1278 3500; x_wconf 86' lang='lat' dir='ltr'><strong>accurate</strong></span> <span class='ocrx_word' id='word_1_381' title='bbox 1297 3443 1486 3500; x_wconf 87' lang='lat' dir='ltr'><strong>construendis</strong></span> <span class='ocrx_word' id='word_1_382' title='bbox 1505 3449 1534 3498; x_wconf 89' lang='lat' dir='ltr'><strong>et</strong></span> <span class='ocrx_word' id='word_1_383' title='bbox 1553 3445 1602 3500; x_wconf 94' lang='lat' dir='ltr'><strong>ob-</strong></span> 
     </span>
     <span class='ocr_line' id='line_1_35' title="bbox 247 3529 1603 3601; baseline 0.002 -18"><span class='ocrx_word' id='word_1_384' title='bbox 247 3529 448 3586; x_wconf 83' lang='lat' dir='ltr'><strong>servationibus</strong></span> <span class='ocrx_word' id='word_1_385' title='bbox 467 3531 519 3586; x_wconf 90' lang='lat' dir='ltr'><strong>rite</strong></span> <span class='ocrx_word' id='word_1_386' title='bbox 537 3531 719 3598; x_wconf 87' lang='lat' dir='ltr'><strong>instituendis,</strong></span> <span class='ocrx_word' id='word_1_387' title='bbox 738 3532 861 3601; x_wconf 87' lang='lat' dir='ltr'><strong>disputat</strong></span> <span class='ocrx_word' id='word_1_388' title='bbox 879 3529 913 3585; x_wconf 92' lang='lat' dir='ltr'><strong>de</strong></span> <span class='ocrx_word' id='word_1_389' title='bbox 932 3529 1014 3586; x_wconf 91' lang='lat' dir='ltr'><strong>stella</strong></span> <span class='ocrx_word' id='word_1_390' title='bbox 1032 3533 1096 3587; x_wconf 90' lang='lat' dir='ltr'><strong>anni</strong></span> <span class='ocrx_word' id='word_1_391' title='bbox 1110 3533 1176 3588; x_wconf 73' lang='grc'><strong>1572</strong></span> <span class='ocrx_word' id='word_1_392' title='bbox 1196 3539 1224 3587; x_wconf 90' lang='lat' dir='ltr'><strong>et</strong></span> <span class='ocrx_word' id='word_1_393' title='bbox 1241 3537 1348 3588; x_wconf 90' lang='lat' dir='ltr'><strong>comete</strong></span> <span class='ocrx_word' id='word_1_394' title='bbox 1366 3531 1429 3586; x_wconf 87' lang='lat' dir='ltr'><strong>enni</strong></span> <span class='ocrx_word' id='word_1_395' title='bbox 1443 3532 1523 3587; x_wconf 81' lang='lat'><strong>157⁷.</strong></span> <span class='ocrx_word' id='word_1_396' title='bbox 1549 3529 1603 3586; x_wconf 88' lang='lat' dir='ltr'><strong>His</strong></span> 
     </span>
     <span class='ocr_line' id='line_1_36' title="bbox 248 3617 1603 3688; baseline 0.002 -16"><span class='ocrx_word' id='word_1_397' title='bbox 248 3623 423 3672; x_wconf 89' lang='lat' dir='ltr'><strong>accesserunt</strong></span> <span class='ocrx_word' id='word_1_398' title='bbox 441 3617 643 3686; x_wconf 86' lang='lat' dir='ltr'><strong>disquisitiones</strong></span> <span class='ocrx_word' id='word_1_399' title='bbox 662 3618 904 3676; x_wconf 86' lang='lat' dir='ltr'><strong>astronomicarum</strong></span> <span class='ocrx_word' id='word_1_400' title='bbox 924 3617 1094 3687; x_wconf 87' lang='lat' dir='ltr'><strong>quorundam</strong></span> <span class='ocrx_word' id='word_1_401' title='bbox 1111 3619 1319 3688; x_wconf 87' lang='lat' dir='ltr'><strong>problematum,</strong></span> <span class='ocrx_word' id='word_1_402' title='bbox 1337 3624 1502 3674; x_wconf 88' lang='lat' dir='ltr'><strong>cometarum</strong></span> <span class='ocrx_word' id='word_1_403' title='bbox 1517 3634 1603 3675; x_wconf 88' lang='lat' dir='ltr'><strong>anuo·</strong></span> 
     </span>
     <span class='ocr_line' id='line_1_37' title="bbox 247 3703 1605 3776; baseline 0.003 -18"><span class='ocrx_word' id='word_1_404' title='bbox 247 3719 308 3759; x_wconf 88' lang='lat' dir='ltr'><strong>rum</strong></span> <span class='ocrx_word' id='word_1_405' title='bbox 327 3703 396 3760; x_wconf 83' lang='lat' dir='ltr'><strong>loeo</strong></span> <span class='ocrx_word' id='word_1_406' title='bbox 413 3703 515 3774; x_wconf 87' lang='lat' dir='ltr'><strong>(nodus</strong></span> <span class='ocrx_word' id='word_1_407' title='bbox 532 3705 592 3775; x_wconf 88' lang='lat' dir='ltr'><strong>ejus</strong></span> <span class='ocrx_word' id='word_1_408' title='bbox 609 3721 626 3760; x_wconf 90' lang='lat' dir='ltr'><strong>a</strong></span> <span class='ocrx_word' id='word_1_409' title='bbox 643 3706 773 3776; x_wconf 78' lang='lat' dir='ltr'><strong>Tyehorm</strong></span> <span class='ocrx_word' id='word_1_410' title='bbox 790 3705 902 3776; x_wconf 90' lang='lat' dir='ltr'><strong>ponitur</strong></span> <span class='ocrx_word' id='word_1_411' title='bbox 918 3703 947 3759; x_wconf 87' lang='lat' dir='ltr'><strong>in</strong></span> <span class='ocrx_word' id='word_1_412' title='bbox 964 3705 1030 3762; x_wconf 82' lang='lat'>339⁰</span> <span class='ocrx_word' id='word_1_413' title='bbox 1047 3706 1099 3772; x_wconf 76' lang='lat' dir='ltr'><strong>lo,</strong></span> <span class='ocrx_word' id='word_1_414' title='bbox 1117 3705 1256 3762; x_wconf 88' lang='lat' dir='ltr'><strong>inclinatio</strong></span> <span class='ocrx_word' id='word_1_415' title='bbox 1274 3705 1345 3776; x_wconf 77' lang='lat'><strong>42⁰),</strong></span> <span class='ocrx_word' id='word_1_416' title='bbox 1363 3711 1391 3760; x_wconf 86' lang='lat' dir='ltr'><strong>et</strong></span> <span class='ocrx_word' id='word_1_417' title='bbox 1411 3705 1477 3762; x_wconf 80' lang='lat'>1585</span> <span class='ocrx_word' id='word_1_418' title='bbox 1496 3705 1605 3776; x_wconf 88' lang='lat' dir='ltr'><strong>(paral-</strong></span> 
     </span>
     <span class='ocr_line' id='line_1_38' title="bbox 224 3789 1605 3874; baseline 0.003 -30"><span class='ocrx_word' id='word_1_419' title='bbox 224 3839 232 3852; x_wconf 83' lang='lat'><strong>,</strong></span> <span class='ocrx_word' id='word_1_420' title='bbox 250 3789 326 3846; x_wconf 91' lang='lat' dir='ltr'><strong>laxin</strong></span> <span class='ocrx_word' id='word_1_421' title='bbox 344 3790 482 3874; x_wconf 71' lang='lat' dir='ltr'><strong>adtribuit</strong></span> <span class='ocrx_word' id='word_1_422' title='bbox 500 3791 594 3862; x_wconf 80' lang='lat' dir='ltr'><strong>Tycho</strong></span> <span class='ocrx_word' id='word_1_423' title='bbox 613 3795 662 3863; x_wconf 80' lang='lat' dir='ltr'><strong>l&#39;);</strong></span> <span class='ocrx_word' id='word_1_424' title='bbox 687 3793 720 3849; x_wconf 91' lang='lat' dir='ltr'><strong>de</strong></span> <span class='ocrx_word' id='word_1_425' title='bbox 738 3793 908 3864; x_wconf 87' lang='lat' dir='ltr'><strong>planetarum</strong></span> <span class='ocrx_word' id='word_1_426' title='bbox 933 3799 1031 3847; x_wconf 90' lang='lat' dir='ltr'><strong>natura</strong></span> <span class='ocrx_word' id='word_1_427' title='bbox 1049 3807 1133 3861; x_wconf 88' lang='lat' dir='ltr'><strong>agens</strong></span> <span class='ocrx_word' id='word_1_428' title='bbox 1151 3793 1245 3863; x_wconf 77' lang='lat' dir='ltr'><strong>Tycha</strong></span> <span class='ocrx_word' id='word_1_429' title='bbox 1263 3791 1342 3862; x_wconf 88' lang='lat' dir='ltr'><strong>dicit,</strong></span> <span class='ocrx_word' id='word_1_430' title='bbox 1365 3793 1454 3847; x_wconf 89' lang='lat' dir='ltr'><strong>inesse</strong></span> <span class='ocrx_word' id='word_1_431' title='bbox 1472 3792 1527 3848; x_wconf 89' lang='lat' dir='ltr'><strong>illis</strong></span> <span class='ocrx_word' id='word_1_432' title='bbox 1546 3793 1605 3848; x_wconf 92' lang='lat' dir='ltr'><strong>ani-</strong></span> 
     </span>
     <span class='ocr_line' id='line_1_39' title="bbox 250 3878 1604 3951; baseline 0.001 -16"><span class='ocrx_word' id='word_1_433' title='bbox 250 3895 335 3948; x_wconf 89' lang='lat' dir='ltr'><strong>mam,</strong></span> <span class='ocrx_word' id='word_1_434' title='bbox 361 3896 415 3948; x_wconf 88' lang='lat' dir='ltr'><strong>qua</strong></span> <span class='ocrx_word' id='word_1_435' title='bbox 438 3879 547 3950; x_wconf 88' lang='lat' dir='ltr'><strong>impulsi</strong></span> <span class='ocrx_word' id='word_1_436' title='bbox 572 3879 776 3951; x_wconf 90' lang='lat' dir='ltr'><strong>regularitatem</strong></span> <span class='ocrx_word' id='word_1_437' title='bbox 799 3878 945 3935; x_wconf 85' lang='lat' dir='ltr'><strong>observent</strong></span> <span class='ocrx_word' id='word_1_438' title='bbox 962 3885 1092 3934; x_wconf 92' lang='lat' dir='ltr'><strong>motuum.</strong></span> <span class='ocrx_word' id='word_1_439' title='bbox 1129 3878 1254 3950; x_wconf 89' lang='lat' dir='ltr'><strong>Denique</strong></span> <span class='ocrx_word' id='word_1_440' title='bbox 1272 3881 1345 3936; x_wconf 90' lang='lat' dir='ltr'><strong>ineat</strong></span> <span class='ocrx_word' id='word_1_441' title='bbox 1366 3879 1436 3935; x_wconf 89' lang='lat' dir='ltr'><strong>libro</strong></span> <span class='ocrx_word' id='word_1_442' title='bbox 1453 3879 1604 3951; x_wconf 81' lang='lat' dir='ltr'><strong>descriptio</strong></span> 
     </span>
     <span class='ocr_line' id='line_1_40' title="bbox 249 3965 1605 4039; baseline 0.001 -17"><span class='ocrx_word' id='word_1_443' title='bbox 249 3967 500 4033; x_wconf 89' lang='lat' dir='ltr'><strong>instrumentorum,</strong></span> <span class='ocrx_word' id='word_1_444' title='bbox 519 3967 619 4036; x_wconf 92' lang='lat' dir='ltr'><strong>quibus</strong></span> <span class='ocrx_word' id='word_1_445' title='bbox 638 3982 705 4023; x_wconf 89' lang='lat' dir='ltr'><strong>usus</strong></span> <span class='ocrx_word' id='word_1_446' title='bbox 724 3975 769 4023; x_wconf 90' lang='lat' dir='ltr'><strong>est</strong></span> <span class='ocrx_word' id='word_1_447' title='bbox 785 3966 889 4039; x_wconf 79' lang='lat' dir='ltr'><strong>Tyeho,</strong></span> <span class='ocrx_word' id='word_1_448' title='bbox 908 3975 936 4021; x_wconf 85' lang='lat' dir='ltr'><strong>et</strong></span> <span class='ocrx_word' id='word_1_449' title='bbox 956 3967 1041 4032; x_wconf 86' lang='lat' dir='ltr'><strong>„arcis</strong></span> <span class='ocrx_word' id='word_1_450' title='bbox 1060 3965 1286 4035; x_wconf 76' lang='lat' dir='ltr'><strong>Uraniburgicae‘</strong></span> <span class='ocrx_word' id='word_1_451' title='bbox 1308 3966 1462 4022; x_wconf 85' lang='lat' dir='ltr'><strong>delineatio.</strong></span> <span class='ocrx_word' id='word_1_452' title='bbox 1481 3997 1515 4006; x_wconf 91' lang='lat'><em>-</em></span> <span class='ocrx_word' id='word_1_453' title='bbox 1535 3965 1605 4023; x_wconf 78' lang='lat' dir='ltr'><strong>Cum</strong></span> 
     </span>
     <span class='ocr_line' id='line_1_41' title="bbox 250 4053 1603 4126; baseline -0.003 -15"><span class='ocrx_word' id='word_1_454' title='bbox 250 4056 297 4111; x_wconf 88' lang='lat' dir='ltr'><strong>Ro</strong></span> <span class='ocrx_word' id='word_1_455' title='bbox 306 4057 467 4111; x_wconf 89' lang='lat' dir='ltr'><strong>thmanno</strong></span> <span class='ocrx_word' id='word_1_456' title='bbox 486 4055 543 4126; x_wconf 85' lang='lat' dir='ltr'><strong>agit</strong></span> <span class='ocrx_word' id='word_1_457' title='bbox 556 4054 649 4124; x_wconf 81' lang='lat' dir='ltr'><strong>Tycho</strong></span> <span class='ocrx_word' id='word_1_458' title='bbox 667 4059 777 4124; x_wconf 89' lang='lat' dir='ltr'><strong>praeter</strong></span> <span class='ocrx_word' id='word_1_459' title='bbox 789 4069 829 4122; x_wconf 90' lang='lat' dir='ltr'><strong>ea,</strong></span> <span class='ocrx_word' id='word_1_460' title='bbox 849 4069 919 4122; x_wconf 89' lang='lat' dir='ltr'><strong>quae</strong></span> <span class='ocrx_word' id='word_1_461' title='bbox 932 4053 1128 4124; x_wconf 89' lang='lat' dir='ltr'><strong>praemisimus,</strong></span> <span class='ocrx_word' id='word_1_462' title='bbox 1148 4053 1182 4109; x_wconf 91' lang='lat' dir='ltr'><strong>de</strong></span> <span class='ocrx_word' id='word_1_463' title='bbox 1194 4053 1356 4110; x_wconf 80' lang='lat' dir='ltr'><strong>retractione</strong></span> <span class='ocrx_word' id='word_1_464' title='bbox 1368 4057 1422 4118; x_wconf 83' lang='lat' dir='ltr'><strong>(cfr.</strong></span> <span class='ocrx_word' id='word_1_465' title='bbox 1435 4057 1468 4108; x_wconf 90' lang='lat'><strong>11.</strong></span> <span class='ocrx_word' id='word_1_466' title='bbox 1483 4059 1535 4108; x_wconf 78' lang='grc'><strong>176</strong></span> <span class='ocrx_word' id='word_1_467' title='bbox 1546 4061 1603 4124; x_wconf 86' lang='lat' dir='ltr'><strong>ss.);</strong></span> 
     </span>
     <span class='ocr_line' id='line_1_42' title="bbox 253 4139 1605 4212; baseline -0.002 -13"><span class='ocrx_word' id='word_1_468' title='bbox 253 4148 368 4212; x_wconf 80' lang='lat' dir='ltr'><strong>„serent¹</strong></span> <span class='ocrx_word' id='word_1_469' title='bbox 388 4141 454 4197; x_wconf 89' lang='lat' dir='ltr'><strong>dicit</strong></span> <span class='ocrx_word' id='word_1_470' title='bbox 471 4142 672 4208; x_wconf 88' lang='lat' dir='ltr'><strong>Rothmannus,</strong></span> <span class='ocrx_word' id='word_1_471' title='bbox 698 4148 797 4198; x_wconf 91' lang='lat' dir='ltr'><strong>natura</strong></span> <span class='ocrx_word' id='word_1_472' title='bbox 819 4139 880 4211; x_wconf 91' lang='lat' dir='ltr'><strong>ipsa</strong></span> <span class='ocrx_word' id='word_1_473' title='bbox 903 4157 946 4196; x_wconf 91' lang='lat' dir='ltr'><strong>me</strong></span> <span class='ocrx_word' id='word_1_474' title='bbox 965 4140 1004 4197; x_wconf 91' lang='lat' dir='ltr'><strong>sic</strong></span> <span class='ocrx_word' id='word_1_475' title='bbox 1027 4139 1155 4210; x_wconf 90' lang='lat' dir='ltr'><strong>docente,</strong></span> <span class='ocrx_word' id='word_1_476' title='bbox 1179 4139 1317 4212; x_wconf 85' lang='lat' dir='ltr'><strong>distinguo</strong></span> <span class='ocrx_word' id='word_1_477' title='bbox 1343 4141 1371 4196; x_wconf 88' lang='lat' dir='ltr'><strong>iu</strong></span> <span class='ocrx_word' id='word_1_478' title='bbox 1395 4141 1558 4197; x_wconf 72' lang='lat' dir='ltr'><strong>massiorem</strong></span> <span class='ocrx_word' id='word_1_479' title='bbox 1577 4150 1605 4196; x_wconf 90' lang='lat' dir='ltr'><strong>et</strong></span> 
     </span>
     <span class='ocr_line' id='line_1_43' title="bbox 251 4227 1606 4298; baseline -0.003 -10"><span class='ocrx_word' id='word_1_480' title='bbox 251 4229 470 4288; x_wconf 83' lang='lat' dir='ltr'><strong>exhalationibus</strong></span> <span class='ocrx_word' id='word_1_481' title='bbox 489 4229 604 4284; x_wconf 84' lang='lat' dir='ltr'><strong>terrenis</strong></span> <span class='ocrx_word' id='word_1_482' title='bbox 624 4230 778 4298; x_wconf 88' lang='lat' dir='ltr'><strong>obnoxium,</strong></span> <span class='ocrx_word' id='word_1_483' title='bbox 798 4235 826 4283; x_wconf 90' lang='lat' dir='ltr'><strong>et</strong></span> <span class='ocrx_word' id='word_1_484' title='bbox 843 4228 997 4297; x_wconf 89' lang='lat' dir='ltr'><strong>inpurum,</strong></span> <span class='ocrx_word' id='word_1_485' title='bbox 1022 4227 1068 4297; x_wconf 91' lang='lat' dir='ltr'><strong>qui</strong></span> <span class='ocrx_word' id='word_1_486' title='bbox 1090 4229 1151 4284; x_wconf 91' lang='lat' dir='ltr'><strong>istis</strong></span> <span class='ocrx_word' id='word_1_487' title='bbox 1174 4228 1390 4285; x_wconf 83' lang='lat' dir='ltr'><strong>exhalationibus</strong></span> <span class='ocrx_word' id='word_1_488' title='bbox 1413 4228 1529 4284; x_wconf 89' lang='lat' dir='ltr'><strong>terrenis</strong></span> <span class='ocrx_word' id='word_1_489' title='bbox 1548 4237 1606 4284; x_wconf 89' lang='lat' dir='ltr'><strong>nou</strong></span> 
     </span>
     <span class='ocr_line' id='line_1_44' title="bbox 251 4313 1607 4391; baseline -0.003 -15"><span class='ocrx_word' id='word_1_490' title='bbox 251 4320 379 4391; x_wconf 87' lang='lat' dir='ltr'><strong>inficitur,</strong></span> <span class='ocrx_word' id='word_1_491' title='bbox 399 4334 449 4374; x_wconf 92' lang='lat' dir='ltr'><strong>nec</strong></span> <span class='ocrx_word' id='word_1_492' title='bbox 467 4318 574 4372; x_wconf 79' lang='lat' dir='ltr'><strong>diversa</strong></span> <span class='ocrx_word' id='word_1_493' title='bbox 587 4316 711 4372; x_wconf 82' lang='lat' dir='ltr'><strong>&#39;aetheris</strong></span> <span class='ocrx_word' id='word_1_494' title='bbox 730 4325 758 4371; x_wconf 90' lang='lat' dir='ltr'><strong>et</strong></span> <span class='ocrx_word' id='word_1_495' title='bbox 776 4315 846 4371; x_wconf 81' lang='lat' dir='ltr'><strong>adsis</strong></span> <span class='ocrx_word' id='word_1_496' title='bbox 865 4314 1002 4385; x_wconf 90' lang='lat' dir='ltr'><strong>diaphaua</strong></span> <span class='ocrx_word' id='word_1_497' title='bbox 1019 4321 1097 4383; x_wconf 89' lang='lat' dir='ltr'><strong>sunt,</strong></span> <span class='ocrx_word' id='word_1_498' title='bbox 1117 4331 1169 4371; x_wconf 92' lang='lat' dir='ltr'><strong>nec</strong></span> <span class='ocrx_word' id='word_1_499' title='bbox 1186 4313 1363 4371; x_wconf 73' lang='lat' dir='ltr'><strong>retractiones</strong></span> <span class='ocrx_word' id='word_1_500' title='bbox 1381 4315 1504 4386; x_wconf 88' lang='lat' dir='ltr'><strong>aliunde,</strong></span> <span class='ocrx_word' id='word_1_501' title='bbox 1523 4331 1607 4387; x_wconf 91' lang='lat' dir='ltr'><strong>quam</strong></span> 
     </span>
     <span class='ocr_line' id='line_1_45' title="bbox 257 4401 1605 4475; baseline -0.004 -12"><span class='ocrx_word' id='word_1_502' title='bbox 257 4425 273 4463; x_wconf 93' lang='lat' dir='ltr'><strong>a</strong></span> <span class='ocrx_word' id='word_1_503' title='bbox 291 4423 384 4465; x_wconf 88' lang='lat' dir='ltr'><strong>crasso</strong></span> <span class='ocrx_word' id='word_1_504' title='bbox 402 4414 431 4463; x_wconf 91' lang='lat' dir='ltr'><strong>et</strong></span> <span class='ocrx_word' id='word_1_505' title='bbox 448 4421 581 4475; x_wconf 81' lang='lat' dir='ltr'><strong>saporose</strong></span> <span class='ocrx_word' id='word_1_506' title='bbox 600 4409 662 4460; x_wconf 82' lang='lat' dir='ltr'><strong>aere</strong></span> <span class='ocrx_word' id='word_1_507' title='bbox 680 4403 787 4460; x_wconf 84' lang='lat' dir='ltr'><strong>causari</strong></span> <span class='ocrx_word' id='word_1_508' title='bbox 804 4406 948 4473; x_wconf 81' lang='lat' dir='ltr'><strong>possunt.“</strong></span> <span class='ocrx_word' id='word_1_509' title='bbox 980 4403 1052 4457; x_wconf 90' lang='lat' dir='ltr'><strong>Dum</strong></span> <span class='ocrx_word' id='word_1_510' title='bbox 1069 4401 1259 4457; x_wconf 83' lang='lat' dir='ltr'><strong>Rothmannua</strong></span> <span class='ocrx_word' id='word_1_511' title='bbox 1278 4406 1366 4457; x_wconf 82' lang='lat' dir='ltr'><strong>adrem</strong></span> <span class='ocrx_word' id='word_1_512' title='bbox 1385 4417 1473 4471; x_wconf 89' lang='lat' dir='ltr'><strong>usque</strong></span> <span class='ocrx_word' id='word_1_513' title='bbox 1491 4403 1527 4459; x_wconf 92' lang='lat' dir='ltr'><strong>ad</strong></span> <span class='ocrx_word' id='word_1_514' title='bbox 1545 4405 1605 4473; x_wconf 92' lang='lat' dir='ltr'><strong>pla·</strong></span> 
     </span>
     <span class='ocr_line' id='line_1_46' title="bbox 255 4489 1604 4564; baseline -0.001 -15"><span class='ocrx_word' id='word_1_515' title='bbox 255 4501 333 4552; x_wconf 89' lang='lat' dir='ltr'><strong>netas</strong></span> <span class='ocrx_word' id='word_1_516' title='bbox 351 4503 495 4551; x_wconf 87' lang='lat' dir='ltr'><strong>extensum</strong></span> <span class='ocrx_word' id='word_1_517' title='bbox 513 4493 603 4564; x_wconf 90' lang='lat' dir='ltr'><strong>ponit,</strong></span> <span class='ocrx_word' id='word_1_518' title='bbox 630 4492 768 4548; x_wconf 86' lang='lat' dir='ltr'><strong>aetherem</strong></span> <span class='ocrx_word' id='word_1_519' title='bbox 787 4490 880 4560; x_wconf 73' lang='lat' dir='ltr'><strong>Tycho</strong></span> <span class='ocrx_word' id='word_1_520' title='bbox 900 4491 934 4547; x_wconf 94' lang='lat' dir='ltr'><strong>ab</strong></span> <span class='ocrx_word' id='word_1_521' title='bbox 952 4495 1029 4560; x_wconf 81' lang='lat' dir='ltr'><strong>aere,</strong></span> <span class='ocrx_word' id='word_1_522' title='bbox 1055 4491 1102 4559; x_wconf 87' lang='lat' dir='ltr'><strong>qui</strong></span> <span class='ocrx_word' id='word_1_523' title='bbox 1127 4490 1200 4546; x_wconf 85' lang='lat' dir='ltr'><strong>circa</strong></span> <span class='ocrx_word' id='word_1_524' title='bbox 1217 4491 1312 4546; x_wconf 81' lang='lat' dir='ltr'><strong>Lunae</strong></span> <span class='ocrx_word' id='word_1_525' title='bbox 1336 4489 1428 4546; x_wconf 88' lang='lat' dir='ltr'><strong>locum</strong></span> <span class='ocrx_word' id='word_1_526' title='bbox 1448 4499 1604 4560; x_wconf 79' lang='lat' dir='ltr'><strong>evanescat,</strong></span> 
     </span>
     <span class='ocr_line' id='line_1_47' title="bbox 257 4577 1607 4654; baseline -0.001 -19"><span class='ocrx_word' id='word_1_527' title='bbox 257 4580 407 4654; x_wconf 86' lang='lat' dir='ltr'><strong>distinguit.</strong></span> <span class='ocrx_word' id='word_1_528' title='bbox 439 4583 556 4650; x_wconf 81' lang='lat' dir='ltr'><strong>Certum,</strong></span> <span class='ocrx_word' id='word_1_529' title='bbox 574 4579 663 4649; x_wconf 88' lang='lat' dir='ltr'><strong>iuquit</strong></span> <span class='ocrx_word' id='word_1_530' title='bbox 680 4579 878 4650; x_wconf 86' lang='lat' dir='ltr'><strong>Rothmenuus,</strong></span> <span class='ocrx_word' id='word_1_531' title='bbox 897 4579 1015 4649; x_wconf 89' lang='lat' dir='ltr'><strong>spatium</strong></span> <span class='ocrx_word' id='word_1_532' title='bbox 1034 4578 1104 4635; x_wconf 83' lang='lat' dir='ltr'><strong>aeris</strong></span> <span class='ocrx_word' id='word_1_533' title='bbox 1123 4579 1153 4648; x_wconf 92' lang='lat' dir='ltr'><strong>(a</strong></span> <span class='ocrx_word' id='word_1_534' title='bbox 1170 4577 1286 4635; x_wconf 73' lang='lat' dir='ltr'><strong>ter-rems</strong></span> <span class='ocrx_word' id='word_1_535' title='bbox 1304 4579 1451 4650; x_wconf 78' lang='lat' dir='ltr'><strong>saporibus</strong></span> <span class='ocrx_word' id='word_1_536' title='bbox 1468 4577 1565 4634; x_wconf 80' lang='lat' dir='ltr'><strong>iniecti</strong></span> <span class='ocrx_word' id='word_1_537' title='bbox 1577 4587 1607 4634; x_wconf 87' lang='lat' dir='ltr'><strong>et</strong></span> 
     </span>
     <span class='ocr_line' id='line_1_48' title="bbox 255 4666 1607 4739; baseline 0.001 -17"><span class='ocrx_word' id='word_1_538' title='bbox 255 4669 404 4739; x_wconf 88' lang='lat' dir='ltr'><strong>crassioris,</strong></span> <span class='ocrx_word' id='word_1_539' title='bbox 422 4667 565 4724; x_wconf 88' lang='lat' dir='ltr'><strong>altitudine</strong></span> <span class='ocrx_word' id='word_1_540' title='bbox 584 4666 776 4722; x_wconf 86' lang='lat' dir='ltr'><strong>semidiametri</strong></span> <span class='ocrx_word' id='word_1_541' title='bbox 793 4667 904 4737; x_wconf 89' lang='lat' dir='ltr'><strong>Terrae)</strong></span> <span class='ocrx_word' id='word_1_542' title='bbox 924 4681 940 4722; x_wconf 88' lang='lat' dir='ltr'><strong>a</strong></span> <span class='ocrx_word' id='word_1_543' title='bbox 958 4667 1030 4724; x_wconf 85' lang='lat' dir='ltr'><strong>Solis</strong></span> <span class='ocrx_word' id='word_1_544' title='bbox 1047 4666 1131 4723; x_wconf 87' lang='lat' dir='ltr'><strong>radiis</strong></span> <span class='ocrx_word' id='word_1_545' title='bbox 1150 4669 1179 4724; x_wconf 91' lang='lat' dir='ltr'><strong>in</strong></span> <span class='ocrx_word' id='word_1_546' title='bbox 1196 4667 1363 4738; x_wconf 86' lang='lat' dir='ltr'><strong>crepusculls</strong></span> <span class='ocrx_word' id='word_1_547' title='bbox 1387 4667 1558 4724; x_wconf 90' lang='lat' dir='ltr'><strong>illuminatur</strong></span> <span class='ocrx_word' id='word_1_548' title='bbox 1577 4675 1607 4724; x_wconf 88' lang='lat' dir='ltr'><strong>et</strong></span> 
     </span>
     <span class='ocr_line' id='line_1_49' title="bbox 257 4753 1607 4826; baseline 0.002 -18"><span class='ocrx_word' id='word_1_549' title='bbox 257 4755 385 4826; x_wconf 85' lang='lat' dir='ltr'><strong>albescit,</strong></span> <span class='ocrx_word' id='word_1_550' title='bbox 404 4757 475 4812; x_wconf 88' lang='lat' dir='ltr'><strong>ultra</strong></span> <span class='ocrx_word' id='word_1_551' title='bbox 492 4756 560 4812; x_wconf 92' lang='lat' dir='ltr'><strong>illud</strong></span> <span class='ocrx_word' id='word_1_552' title='bbox 573 4755 690 4826; x_wconf 88' lang='lat' dir='ltr'><strong>apetium</strong></span> <span class='ocrx_word' id='word_1_553' title='bbox 703 4761 749 4811; x_wconf 82' lang='lat' dir='ltr'><strong>atr</strong></span> <span class='ocrx_word' id='word_1_554' title='bbox 767 4754 801 4808; x_wconf 87' lang='lat' dir='ltr'><strong>ab</strong></span> <span class='ocrx_word' id='word_1_555' title='bbox 820 4754 873 4809; x_wconf 91' lang='lat' dir='ltr'><strong>illis</strong></span> <span class='ocrx_word' id='word_1_556' title='bbox 891 4753 974 4810; x_wconf 89' lang='lat' dir='ltr'><strong>radiis</strong></span> <span class='ocrx_word' id='word_1_557' title='bbox 992 4771 1046 4811; x_wconf 93' lang='lat' dir='ltr'><strong>nou</strong></span> <span class='ocrx_word' id='word_1_558' title='bbox 1063 4753 1210 4810; x_wconf 87' lang='lat' dir='ltr'><strong>illuminari</strong></span> <span class='ocrx_word' id='word_1_559' title='bbox 1228 4758 1328 4825; x_wconf 87' lang='lat' dir='ltr'><strong>potest,</strong></span> <span class='ocrx_word' id='word_1_560' title='bbox 1346 4753 1414 4810; x_wconf 87' lang='lat' dir='ltr'><strong>silas</strong></span> <span class='ocrx_word' id='word_1_561' title='bbox 1433 4761 1527 4810; x_wconf 90' lang='lat' dir='ltr'><strong>essent</strong></span> <span class='ocrx_word' id='word_1_562' title='bbox 1544 4771 1607 4826; x_wconf 89' lang='lat' dir='ltr'><strong>per-</strong></span> 
     </span>
     <span class='ocr_line' id='line_1_50' title="bbox 257 4841 1607 4913; baseline 0.004 -19"><span class='ocrx_word' id='word_1_563' title='bbox 257 4847 342 4910; x_wconf 92' lang='lat' dir='ltr'><strong>petua</strong></span> <span class='ocrx_word' id='word_1_564' title='bbox 359 4843 528 4912; x_wconf 89' lang='lat' dir='ltr'><strong>crepuscula.</strong></span> <span class='ocrx_word' id='word_1_565' title='bbox 565 4847 618 4900; x_wconf 79' lang='lat' dir='ltr'><strong>Aer</strong></span> <span class='ocrx_word' id='word_1_566' title='bbox 634 4843 681 4899; x_wconf 90' lang='lat' dir='ltr'><strong>ille</strong></span> <span class='ocrx_word' id='word_1_567' title='bbox 699 4858 808 4899; x_wconf 90' lang='lat' dir='ltr'><strong>crassus</strong></span> <span class='ocrx_word' id='word_1_568' title='bbox 826 4857 876 4913; x_wconf 89' lang='lat' dir='ltr'><strong>per</strong></span> <span class='ocrx_word' id='word_1_569' title='bbox 893 4857 924 4898; x_wconf 89' lang='lat' dir='ltr'><strong>ss</strong></span> <span class='ocrx_word' id='word_1_570' title='bbox 941 4841 1133 4899; x_wconf 79' lang='lat' dir='ltr'><strong>refractionem</strong></span> <span class='ocrx_word' id='word_1_571' title='bbox 1151 4859 1206 4898; x_wconf 94' lang='lat' dir='ltr'><strong>non</strong></span> <span class='ocrx_word' id='word_1_572' title='bbox 1225 4855 1338 4899; x_wconf 67' lang='lat' dir='ltr'><strong>munere</strong></span> <span class='ocrx_word' id='word_1_573' title='bbox 1355 4847 1460 4912; x_wconf 86' lang='lat' dir='ltr'><strong>potest,</strong></span> <span class='ocrx_word' id='word_1_574' title='bbox 1481 4841 1547 4908; x_wconf 82' lang='lat' dir='ltr'><strong>,sed</strong></span> <span class='ocrx_word' id='word_1_575' title='bbox 1570 4845 1607 4899; x_wconf 94' lang='lat' dir='ltr'><strong>ob</strong></span> 
     </span>
     <span class='ocr_line' id='line_1_51' title="bbox 258 4927 1609 5000; baseline 0 -12"><span class='ocrx_word' id='word_1_576' title='bbox 258 4928 534 4997; x_wconf 63' lang='lat' dir='ltr'><strong>multiplicarentur</strong></span> <span class='ocrx_word' id='word_1_577' title='bbox 574 4931 692 5000; x_wconf 77' lang='lat' dir='ltr'><strong>„Eudios</strong></span> <span class='ocrx_word' id='word_1_578' title='bbox 711 4937 802 4990; x_wconf 88' lang='lat' dir='ltr'><strong>tamen</strong></span> <span class='ocrx_word' id='word_1_579' title='bbox 820 4930 891 4990; x_wconf 82' lang='lat' dir='ltr'><strong>Solis</strong></span> <span class='ocrx_word' id='word_1_580' title='bbox 909 4938 958 4989; x_wconf 84' lang='lat' dir='ltr'><strong>aot</strong></span> <span class='ocrx_word' id='word_1_581' title='bbox 975 4930 1116 4989; x_wconf 85' lang='lat' dir='ltr'><strong>stellarum</strong></span> <span class='ocrx_word' id='word_1_582' title='bbox 1132 4933 1241 4990; x_wconf 84' lang='lat' dir='ltr'><strong>sincere</strong></span> <span class='ocrx_word' id='word_1_583' title='bbox 1259 4929 1411 4990; x_wconf 73' lang='lat' dir='ltr'><strong>audeam</strong></span> <span class='ocrx_word' id='word_1_584' title='bbox 1422 4927 1494 4986; x_wconf 84' lang='lat' dir='ltr'><strong>huuc</strong></span> <span class='ocrx_word' id='word_1_585' title='bbox 1506 4944 1558 4988; x_wconf 87' lang='lat' dir='ltr'><strong>nec</strong></span> <span class='ocrx_word' id='word_1_586' title='bbox 1570 4929 1609 4988; x_wconf 92' lang='lat' dir='ltr'><strong>ob</strong></span> 
     </span>
    </p>
   </div>
   <div class='ocr_carea' id='block_1_6' title="bbox 0 0 1779 5540">
    <p class='ocr_par' dir='ltr' id='par_1_7' title="bbox 0 0 1779 5540">
     <span class='ocr_line' id='line_1_52' title="bbox 0 0 1779 5540; baseline 0 0"><span class='ocrx_word' id='word_1_587' title='bbox 0 0 1779 5540; x_wconf 95' lang='lat' dir='ltr'><strong> </strong></span> 
     </span>
    </p>
   </div>
  </div>
 </body>
</html>
