3588 5540
276 365 342 436 914
785 367 851 427 vice
867 367 982 426 domnis
1000 367 1121 440 Kepler'a

169 539 172 552 '
275 539 404 612 pachium
421 545 453 596 nt
471 554 588 600 mensas
605 539 660 598 hnc
676 541 766 600 mittet
783 559 871 601 orara
901 543 1009 602 Litaras
1027 543 1073 602 bic
1089 543 1176 602 habes
1194 560 1211 602 a
1227 542 1293 616 ilis,
1312 560 1380 616 quas
1398 561 1486 618 nuper
1504 546 1636 604 curandas

277 625 313 684 ad
331 643 375 684 me
391 626 511 686 Dnrlaco
529 628 611 685 misit.
647 629 690 687 Eo
708 647 825 702 namque
842 633 1046 702 familiaritatis,
1063 633 1136 688 bona
1154 648 1215 689 cum
1234 640 1378 704 pacatus,
1396 635 1589 706 processimus,
1606 643 1636 692 ιιι

275 712 350 786 quod
367 719 491 771 amantes
504 713 596 772 solent
607 715 724 774 subinde
740 717 828 776 literis
845 719 961 776 inuicem
980 718 1160 790 appellemus.
1185 719 1224 774 Ει
1240 719 1364 791 proiecto
1382 722 1461 779 ualde
1479 723 1555 778 illam
1567 738 1634 796 ano,

276 807 335 858 tum
354 800 419 870 quia
437 808 486 859 tua
504 808 555 875 est,
573 809 634 859 tum
653 802 734 861 etiam
753 806 827 877 quod
845 807 874 862 in
894 807 954 876 ejus
972 805 1096 878 epistolis
1113 805 1228 862 mirifica
1241 808 1377 878 quaedam
1395 817 1423 866 et
1442 825 1527 882 supra
1545 825 1638 866 sexum

274 887 424 960 prudentia
442 889 539 947 ιιιιιιι.
569 891 631 960 Ego
646 889 704 960 jam
723 891 812 950 denuo
825 895 858 960 D.
872 893 1045 950 Bartschinm
1064 895 1098 950 de
1121 894 1267 952 ambienda
1284 893 1334 952 ills
1351 896 1510 956 submoneo.
1535 897 1637 966 Faciet,

276 975 301 1033 ai
318 975 406 1048 sapit,
433 992 485 1033 uec
503 993 552 1034 scs
570 977 719 1049 negabitis,
744 982 912 1039 ιιιιιιιιιιιιι
929 982 1048 1039 hominis
1066 997 1118 1038 suo
1136 983 1242 1054 pretio,
1267 983 1341 1053 quod
1364 983 1468 1056 facitis,
1494 985 1636 1042 aestimare

275 1063 403 1134 potestis.
441 1065 521 1121 Certe
541 1065 627 1122 sires
652 1065 688 1122 sd
710 1073 803 1123 votum
826 1068 964 1140 procedit,
985 1069 1044 1139 iam
1061 1087 1134 1128 nuuc
1153 1085 1230 1142 spem
1247 1069 1353 1127 firmam
1371 1072 1508 1142 concipio,
1532 1071 1591 1128 fore
1607 1079 1638 1127 ut

213 1177 216 1184 ·
277 1151 341 1211 olim
359 1153 388 1212 in
406 1155 460 1212 hac
477 1155 539 1227 ipsa
557 1159 624 1215 urhe
644 1156 672 1213 iu
691 1161 800 1212 tuorum
819 1156 933 1225 (quihus
947 1163 975 1212 et
986 1173 1030 1212 me
1048 1157 1129 1212 velim
1141 1160 1317 1228 annumeres)
1336 1159 1466 1228 amplexu
1478 1167 1637 1231 conspectu-

276 1257 330 1312 que
349 1243 471 1314 quietum
491 1253 519 1300 et
537 1252 663 1316 optatum
681 1243 831 1302 senectutis
849 1243 942 1301 nidum
961 1243 1096 1305 invenias.
1130 1247 1205 1302 Deus
1225 1253 1253 1302 ιι
1270 1245 1341 1302 faxit
1360 1246 1456 1316 Teque
1468 1247 1516 1302 Vir
1534 1261 1636 1304 summe

275 1329 388 1400 publico
406 1330 478 1387 bono
499 1331 650 1390 diutissime
669 1331 811 1388 florentem
829 1328 1018 1401 valentemque
1036 1338 1135 1389 ιιιιιιι.
1171 1333 1247 1390 Vale.
1281 1335 1316 1389 D.
1333 1336 1359 1391 5.
1378 1335 1437 1391 Jul.
1457 1335 1532 1391 1629.

381 1421 842 1502 KeplernsBerneggcro
871 1421 903 1484 S.
926 1423 961 1487 P.
985 1424 1023 1483 D.
1061 1424 1128 1485 Non
1150 1425 1287 1503 equidem
1315 1426 1433 1488 fortuna
1463 1433 1524 1501 est,
1558 1443 1634 1504 quse
1699 1473 1702 1478 .

277 1515 374 1576 honos
393 1513 491 1590 juvat,
513 1529 573 1573 nou
597 1515 673 1572 enim
697 1515 778 1572 coeci
801 1511 858 1572 hoc
881 1519 936 1572 est.
973 1511 1074 1572 Bonus
1098 1521 1127 1574 et
1150 1515 1214 1591 ipse
1236 1515 1341 1590 genius
1364 1521 1409 1575 est
1432 1514 1579 1588 oculatus,
1604 1520 1655 1573 ut·

277 1603 329 1680 qul
353 1601 489 1672 maxime,
513 1608 543 1660 et
567 1599 681 1660 videns.
725 1597 786 1659 Hic
807 1601 945 1659 nimirum
967 1600 1035 1674 tibi,
1061 1599 1229 1662 Clarissima
1252 1603 1487 1678 amicissimeque
1511 1602 1582 1676 Vir,
1605 1605 1634 1660 in

278 1695 406 1752 mentem
430 1685 526 1762 dedit,
552 1696 584 1748 nt
606 1686 707 1748 literas
729 1686 886 1748 Bartschio
908 1687 1062 1764 inscriptas
1092 1689 1164 1748 mihi
1186 1691 1316 1750 mitteres
1339 1697 1467 1768 apertas.
1513 1688 1635 1750 Condu-

280 1778 367 1838 nahis
390 1775 448 1836 hoc
469 1775 507 1856 (si
530 1777 619 1836 etism
642 1774 789 1835 fortunam
811 1771 960 1856 agnoscis)
989 1774 1054 1851 ejus
1084 1784 1114 1836 et
1135 1793 1201 1836 meo
1225 1778 1352 1850 numini,
1383 1776 1463 1854 quod
1486 1777 1543 1838 hac
1566 1779 1635 1854 qui-

282 1864 351 1926 dem
375 1864 439 1924 ricc
462 1861 568 1923 frustra
591 1864 742 1940 scripsisti.
788 1860 875 1938 Quod
898 1864 943 1921 sir
965 1861 1015 1922 ille
1039 1880 1075 1924 ex
1097 1863 1197 1924 multis
1220 1863 1335 1924 iudiciis
1367 1864 1444 1926 vello
1467 1864 1634 1940 videbatur,

279 1953 323 2014 sic
355 1959 469 2026 ιιιιιιιι,
502 1959 535 2010 ιιι
566 1948 744 2012 verecundia
773 1956 826 2009 out
852 1957 1062 2027 praeposterae
1095 1953 1220 2012 actionis
1255 1954 1460 2030 aspernatione
1488 1952 1635 2012 cohibitus

279 2038 447 2117 significare
470 2055 558 2114 quam
582 2045 683 2114 aperte
703 2044 804 2114 petere
826 2036 944 2112 mallet,
967 2036 997 2096 id
1016 2038 1079 2115 Jam
1102 2040 1228 2099 atrihus
1250 2041 1399 2100 mensibus
1423 2041 1560 2100 omnihus
1575 2041 1634 2100 iere

280 2127 414 2207 epistolis
436 2125 574 2187 iucmcet
604 2125 703 2185 Homo
726 2125 923 2202 philosophici
945 2127 1044 2201 moris,
1066 2133 1115 2186 sat
1136 2126 1257 2201 hahens,
1280 2129 1305 2186 si
1328 2145 1347 2186 a
1367 2127 1464 2188 verbis
1487 2131 1634 2207 expressis

279 2217 429 2278 abstineat
457 2230 583 2292 eamque
611 2213 763 2274 solennem
791 2211 932 2290 loquendi
958 2212 1081 2274 formans
1111 2215 1284 2274 ceremoniis
1314 2215 1443 2293 politicis
1465 2215 1563 2276 solam
1586 2233 1634 2276 re-

279 2309 388 2377 servet,
411 2303 526 2374 interim
550 2300 868 2376 circumlocutionibus,
892 2299 999 2376 quihus
1022 2299 1104 2360 nullo
1120 2318 1194 2380 opus
1211 2299 1336 2380 Oedipo,
1360 2319 1475 2364 omnem
1491 2303 1634 2364 consilio-

279 2407 344 2450 rnm
366 2405 486 2449 suorum
509 2390 614 2450 seriem
638 2385 811 2450 edisserens.
856 2387 961 2464 ltaque
984 2389 1141 2450 incentivis
1169 2390 1226 2448 tuis
1250 2407 1324 2466 opus
1347 2408 1406 2450 non
1430 2400 1484 2451 est.
1530 2390 1633 2468 Scrip-

280 2479 346 2540 sisti
367 2483 400 2536 tn
423 2478 475 2551 ita,
499 2482 532 2535 nt
552 2475 640 2536 facilc
664 2478 730 2552 quis
753 2475 843 2535 alium
867 2477 925 2534 tuis
948 2475 1046 2535 verbis
1067 2475 1236 2554 loquentem
1258 2475 1634 2552 animadvertentibus,

280 2581 428 2645 papyrus,
459 2566 623 2625 encomium
646 2562 685 2625 ad
708 2563 885 2640 elegantiam
908 2565 1090 2640 composita,
1121 2582 1211 2642 supra
1240 2564 1400 2627 familiares
1431 2566 1516 2626 vobis
1539 2583 1637 2626 mores

281 2657 449 2729 assurgunt.
494 2650 652 2712 Praeterea
674 2668 740 2713 cum
762 2651 870 2729 hospes
893 2650 1055 2712 adventum
1076 2669 1162 2712 suum
1184 2651 1256 2712 mihi
1278 2652 1437 2730 significet,
1461 2671 1561 2714 mcum
1585 2657 1639 2714 crit

284 2741 369 2801 illum
393 2745 578 2816 exspectare,
607 2737 763 2801 ridiculum
785 2741 861 2798 enim
881 2739 944 2816 jam
966 2741 1101 2802 invitare.
1147 2739 1246 2802 Causa
1268 2741 1340 2800 mihi
1362 2740 1465 2802 eadem
1488 2759 1569 2805 nunc
1592 2749 1637 2802 te-

282 2826 373 2889 nendi
396 2826 521 2902 silentii,
550 2825 650 2904 quoad
680 2843 818 2904 expresse
844 2842 944 2904 roger,
968 2844 1044 2902 qnae
1068 2829 1148 2905 prins
1173 2827 1308 2890 eliciendi
1338 2828 1403 2905 ejus
1425 2831 1515 2889 animi
1539 2847 1637 2902 sensa,

283 2915 449 2994 longinqua
470 2931 510 2978 sc.
532 2913 612 2974 filiae
634 2931 718 2975 meae
741 2914 885 2975 absentie.
923 2912 971 2974 lbi
993 2915 1169 2989 metuebam,
1193 2933 1229 2976 ne
1253 2917 1392 2992 opinione
1414 2933 1494 2977 vana
1517 2916 1639 2979 delusus

283 3019 368 3063 meae
390 3001 469 3062 filiae
493 3001 647 3062 commoda
669 3001 851 3079 negligerem
874 3000 1115 3078 conditionesque
1139 3001 1213 3062 alias
1233 3005 1432 3081 praeterirem,
1455 3003 1504 3065 hic
1527 3021 1640 3066 caven-
1709 3051 1712 3064 .

284 3089 355 3151 dum
374 3089 436 3168 jam
460 3088 540 3164 mihi,
564 3107 600 3150 ne
623 3091 701 3150 hono
725 3090 788 3149 viro
813 3087 884 3166 quid
905 3091 1073 3166 promittam
1096 3088 1161 3168 (aut
1184 3089 1263 3168 quod
1293 3092 1430 3168 promissi
1459 3099 1539 3154 esset
1560 3094 1639 3168 loco,

284 3184 366 3238 tuam
397 3175 552 3256 epistolam
580 3176 619 3237 ad
647 3194 713 3238 eum
743 3176 884 3256 mittam),
908 3176 988 3254 quod
1010 3178 1144 3238 fortassis
1171 3196 1255 3239 meae
1282 3181 1422 3255 potestati
1445 3196 1503 3240 non
1527 3183 1580 3241 sit:
1615 3183 1640 3240 si

285 3266 423 3325 nimirum
446 3267 558 3325 interea
578 3267 774 3342 prospiciatur
796 3282 880 3325 meaa
903 3266 1071 3342 acognatis
1093 3282 1198 3342 resque
1221 3267 1340 3327 sitnon
1363 3266 1490 3345 amplius
1514 3269 1640 3344 integra.

285 3351 320 3413 In
344 3369 435 3412 causa
457 3369 534 3412 nunc
556 3359 710 3412 versantur
731 3353 803 3429 islep
828 3361 939 3412 utnon
964 3355 1058 3413 visam
1080 3370 1099 3413 a
1119 3370 1166 3412 me
1188 3361 1271 3431 petat
1294 3355 1355 3431 ipse
1378 3373 1529 3431 uunquam
1547 3357 1639 3429 visus,

286 3441 475 3517 impertinens
505 3441 653 3500 existimat
683 3445 714 3500 et
741 3445 840 3500 tamen
867 3456 966 3500 morae
996 3449 1041 3500 est
1068 3441 1239 3518 impatiens,
1272 3440 1371 3517 quoad
1394 3445 1423 3502 in
1446 3451 1641 3520 conspectum

286 3529 387 3589 v'enire
409 3527 512 3604 possit.
549 3527 687 3589 Destinat
708 3527 854 3588 nundinas
875 3527 1146 3589 Franccfnrtcnses.
1185 3529 1229 3588 Ex
1251 3535 1304 3590 tna
1325 3547 1396 3592 uero
1418 3530 1457 3591 ad
1472 3529 1556 3592 illam
1573 3532 1641 3609 epi-

286 3615 363 3696 stola
384 3613 478 3674 multa
501 3611 580 3675 disco
603 3623 659 3678 ιιι.
1646 3693 1654 3698 .

353 3767 358 3772 ,
389 3701 440 3763 Μι
463 3707 561 3762 tamen
583 3702 687 3764 horum
709 3701 782 3762 nihil
805 3709 906 3776 terret,
931 3701 1000 3762 dum
1022 3709 1143 3780 reputo,
1167 3702 1317 3764 hominem
1340 3703 1515 3766 industrium
1540 3712 1572 3766 et
1593 3703 1643 3766 la·

284 3791 436 3852 boriosam
461 3807 535 3864 esse,
559 3792 610 3867 qui
633 3807 727 3868 aeque
749 3789 823 3851 forte
846 3789 932 3852 facilc
947 3793 1057 3851 victum
1073 3809 1212 3868 quaerere
1235 3792 1329 3868 possit
1350 3799 1439 3870 atque
1461 3792 1643 3870 locupletior

283 3877 401 3955 aliquis,
424 3875 476 3938 sed
498 3876 660 3956 negligens,
685 3877 741 3938 hac
763 3885 939 3956 tempestate
962 3879 1047 3938 bouis
1070 3880 1132 3938 suis
1155 3877 1299 3942 excidere.
1344 3880 1389 3940 Τιι
1412 3881 1502 3958 igitur
1517 3884 1552 3940 si
1569 3879 1643 3958 quid

284 3965 388 4042 habos,
412 3963 491 4043 qnod
513 3967 541 4026 ei
562 3967 640 4027 serio
663 3965 810 4043 significes
834 3966 870 4026 de
893 3965 1075 4044 professione
1091 3965 1307 4043 argentinensi,
1331 3968 1431 4029 alteris
1446 3969 1542 4030 literis
1565 3970 1643 4030 scri-

286 4055 366 4130 bito,
390 4053 570 4131 argumentis
592 4056 791 4132 persuasionis
813 4052 877 4130 ejus
900 4055 952 4127 rei,
976 4071 1064 4131 quam
1086 4056 1151 4131 ipsc
1174 4053 1250 4114 ultro
1268 4053 1378 4115 dudum
1399 4057 1469 4133 agit,
1496 4073 1565 4117 cum
1581 4073 1641 4116 uon

285 4143 324 4203 sit
347 4157 432 4219 opus,
454 4140 522 4202 vide
544 4141 642 4218 igitur,
665 4157 704 4200 an
726 4158 795 4202 vere
818 4139 856 4200 ιιι
877 4158 960 4219 spem
982 4142 1172 4219 professionis
1194 4143 1283 4204 iaciat
1305 4141 1378 4203 haec
1400 4150 1500 4204 nostra
1523 4145 1644 4221 agitata

283 4227 425 4305 affinitas,
456 4235 487 4310 et
507 4229 693 4289 sic-tandem
712 4245 771 4302 non
793 4236 863 4289 veto
886 4231 957 4306 quin
988 4230 1113 4304 scribas,
1145 4245 1211 4290 cum
1233 4229 1412 4292 subuliacics
1434 4231 1499 4310 ejus
1523 4229 1562 4294 dc
1587 4231 1644 4292 hac

283 4317 427 4380 affinitate
450 4315 583 4391 consilia,
607 4315 700 4377 sideri
722 4315 779 4376 hoc
801 4329 859 4376 nou
883 4334 987 4394 parum
1010 4315 1048 4377 sd
1070 4335 1130 4378 rem
1155 4324 1210 4378 etc.

386 4403 498 4464 Verum
520 4401 587 4481 plus
611 4409 664 4476 est,
688 4401 767 4478 quod
786 4398 845 4464 tihi
867 4404 1043 4482 significem,
1067 4411 1100 4464 ut
1123 4422 1238 4466 omnem
1260 4405 1448 4468 consiliorum
1471 4414 1642 4470 nostrorum

283 4492 387 4554 seriem
419 4492 589 4569 perspicias.
634 4489 726 4550 Miser
753 4489 803 4552 ille
832 4507 925 4569 nuper
947 4491 985 4550 ad
1009 4510 1055 4554 me
1078 4495 1172 4569 venit,
1201 4493 1324 4556 consiha
1346 4513 1402 4556 sua
1424 4495 1462 4556 de
1484 4496 1568 4556 vitae
1592 4495 1642 4553 in-

282 4581 387 4641 stituto
416 4596 506 4656 supra
537 4576 615 4639 dicto
642 4595 755 4639 mecum
779 4580 1059 4654 communicaturus,
1090 4590 1177 4658 puto,
1208 4587 1240 4641 ut
1267 4599 1320 4659 spe
1348 4581 1427 4644 facta
1452 4583 1642 4661 propinquae

284 4665 477 4728 habitationis
500 4666 579 4726 riam
602 4673 727 4726 strueret
750 4663 787 4726 ad
810 4673 883 4726 sota
905 4685 961 4727 sua
981 4669 1114 4746 proxime
1137 4667 1351 4746 patefacienda.
1389 4669 1482 4747 Atqui
1504 4687 1563 4748 ege
1588 4669 1641 4744 illi,

283 4751 362 4830 qnod
386 4752 494 4814 candor
514 4752 653 4830 jubebat,
685 4753 800 4814 ostendi
829 4753 930 4814 literas
954 4755 992 4815 D.
1016 4752 1150 4817 Thomas
1171 4755 1401 4833 Lindeomsnoi,
1429 4760 1553 4820 rectoris
1576 4757 1642 4818 Ro-

282 4839 474 4918 stochiensis,
505 4842 613 4920 quibus
643 4858 680 4904 ex
710 4840 850 4903 mandato
880 4841 1000 4921 quidem
1022 4843 1115 4907 Ducis
1138 4843 1326 4908 Fridlandiae
1354 4847 1402 4926 (ut
1424 4848 1475 4926 qui
1497 4843 1641 4908 ducatum
