3612 5538
303 409 389 480 1012
815 413 878 472 aru
893 413 1008 472 Joauuia
1026 412 1146 486 Keplcrl.

302 589 371 652 dere
393 589 490 652 liceat.
526 591 675 670 Bipartlta
696 595 921 668 ecceotricitate,
946 593 1204 654 observationibus
1225 588 1419 668 geocentricia
1440 587 1478 648 ad
1500 586 1652 648 bellocen-

299 682 388 739 tricas
411 676 562 740 translatis
584 682 680 758 ipsam
703 680 782 742 Solis
804 683 949 742 theoriam
971 682 1140 742 emendavit
1161 681 1284 756 ejusque
1312 678 1556 738 eooentricitatem
1579 691 1653 736 cou-

290 769 411 841 -stitult,
439 784 536 844 neque
559 771 655 828 minus
679 769 814 846 apsidum
837 771 1022 848 planetarum
1044 771 1137 828 lineas
1159 767 1336 843 easdemque
1361 763 1503 824 nodorum
1526 766 1653 824 circutu-

299 856 426 932 saripsit.
472 855 609 932 Amplius
631 857 860 934 pervestigando
884 859 940 919 boo
963 875 1082 934 quoquc
1105 855 1270 931 expedivit,
1293 852 1390 930 qualis
1413 861 1491 912 essa
1512 851 1652 928 planeta-

300 959 364 1004 rum
388 944 502 1003 orbinm
526 948 555 1002 in
586 943 752 1020 eclipticam
779 944 931 1006 inclinatio
961 944 1099 1026 (latitudo
1122 937 1358 1024 belioceutrica),
1386 939 1465 1000 Solia
1492 948 1522 999 et
1545 939 1652 998 llartia

298 1030 466 1108 parallaxes
490 1051 510 1091 a
524 1031 665 1110 'l’ycbone
688 1033 762 1092 lalsc
785 1042 973 1111 computatas
995 1035 1120 1093 conexit
1142 1037 1173 1091 ct
1194 1030 1252 1090 boe
1273 1028 1361 1090 modo
1383 1031 1505 1104 propius
1527 1027 1654 1086 accessit

299 1118 335 1177 sd
360 1135 420 1192 ces,
445 1137 521 1194 qnae
545 1137 633 1180 verae
655 1128 732 1193 sunt,
756 1121 940 1197 planetarum
953 1140 974 1181 a
989 1119 1059 1180 Sole
1083 1120 1248 1192 distantiae,
1272 1133 1349 1194 qnae
1364 1115 1481 1192 quidem
1498 1133 1516 1174 a
1531 1112 1654 1190 Kepleri

299 1207 415 1266 demum
447 1208 667 1268 erroressoribue
697 1211 920 1285 perfectioribus
950 1209 1150 1268 instrumentis
1178 1216 1209 1268 et
1237 1205 1370 1279 auxiliis,
1401 1220 1477 1278 quac
1507 1204 1564 1278 ipsi
1594 1206 1653 1260 noir

298 1294 445 1366 adessent,
469 1298 635 1355 accuratius
658 1307 727 1354 sunt
749 1299 937 1356 constitutae.
967 1295 1120 1356 Mentionc
1144 1311 1262 1371 quoque
1285 1292 1405 1368 dignum
1427 1299 1473 1350 eat
1494 1288 1653 1366 Kepleria·
1678 1349 1682 1356 ,

297 1398 375 1455 nom,
400 1381 480 1458 quod
504 1382 616 1456 dicitur,
643 1379 853 1462 „Problema“,
877 1401 936 1460 quo
959 1385 988 1441 iu
1004 1380 1149 1443 solvendo
1165 1381 1302 1458 permulti
1316 1380 1425 1439 versati
1443 1387 1513 1437 sunt
1535 1375 1654 1436 matbe-

297 1472 405 1530 matici.
451 1469 516 1529 Hoc
539 1480 599 1530 eet:
626 1471 726 1551 „Data
748 1489 818 1532 area
840 1475 933 1548 partie
956 1471 1130 1531 semicirculi
1154 1469 1283 1545 datoque
1305 1475 1414 1544 puncto
1437 1465 1580 1539 diametri,
1605 1467 1654 1523 iu·

299 1559 397 1617 venire
419 1575 518 1616 arcum
542 1569 571 1616 et
593 1558 734 1634 angulum
757 1558 795 1618 ad
818 1558 891 1619 illud
914 1568 1065 1635 punctum,
1090 1558 1176 1632 cujus
1191 1555 1291 1633 anguli
1307 1555 1438 1615 cruribus
1460 1561 1491 1613 et
1506 1569 1565 1630 quo
1580 1569 1652 1612 arcu

297 1645 366 1704 date
382 1661 450 1704 arca
466 1644 750 1721 comprehenditur“,
775 1647 839 1708 vel:
866 1664 984 1720 ,aream
998 1645 1173 1705 semicirculi
1195 1662 1231 1704 ex
1254 1643 1429 1719 quocun‘quo
1452 1649 1561 1718 puncto
1584 1639 1653 1698 dia-

298 1734 380 1791 metri
404 1733 434 1790 in
457 1731 528 1791 data
550 1735 664 1792 ratione
686 1750 795 1794 secare.
840 1734 915 1792 blibi
937 1729 1045 1794 suflicit
1067 1733 1192 1806 credere,
1215 1732 1293 1790 solvi
1316 1750 1334 1789 a
1356 1733 1450 1807 priore
1480 1745 1539 1788 non
1561 1745 1653 1804 posse

297 1827 414 1896 proptor
445 1835 529 1878 arcus
553 1828 583 1879 et
611 1823 692 1880 sinus
716 1819 915 1900 saapoyssssuv.
961 1822 1075 1880 Erranti
1100 1821 1169 1879 mibi
1193 1821 1362 1894 quicunque
1392 1819 1470 1876 viam
1502 1822 1653 1876 monstra·

219 1921 222 1935 '
299 1911 381 1980 verit,
405 1910 430 1965 is
453 1909 507 1966 erit
529 1907 600 1966 milri
624 1927 748 1984 magnus
771 1907 976 1985 Apollonius.“
1016 1908 1126 1968 Aliter:
1152 1908 1251 1987 „Data
1274 1905 1423 1966 anomalia
1444 1903 1542 1964 media
1564 1909 1654 1980 (tem-

295 2013 351 2072 pos
374 1993 530 2054 artificiose
554 1996 773 2056 denominatum
796 1998 920 2073 ejusque
944 2013 1080 2056 mensura
1102 1997 1183 2070 aree)
1206 2003 1363 2071 quaeratur
1386 1991 1534 2054 monialis
1562 2007 1655 2052 coae-

295 2089 387 2159 quata
417 2085 607 2158 (apparentia
636 2102 723 2143 arcus
751 2083 912 2160 aplencta
944 2083 1081 2159 descripti
1109 2085 1194 2159 quasi
1224 2100 1260 2142 ex
1290 2077 1406 2152 Sole“).
1452 2080 1498 2138 Dc
1528 2080 1653 2140 vocibus

297 2170 456 2246 ,aequatio
484 2173 599 2246 optica,
628 2171 768 2248 physica,
800 2170 948 2231 anomalia
974 2171 1088 2244 media,
1117 2173 1242 2229 eccentri
1268 2177 1296 2229 et
1326 2164 1520 2243 coaequata“,
1545 2168 1654 2242 quibua

295 2255 353 2316 boo
375 2256 440 2316 loco
464 2257 610 2334 Keplerus
634 2263 732 2332 utitur,
756 2259 830 2318 bano
853 2259 904 2318 dat
919 2259 1074 2318 Fabricio:
1097 2258 1254 2316 Anomalia
1276 2256 1373 2316 media
1396 2274 1415 2316 a
1437 2273 1482 2314 ma
1506 2255 1586 2314 diota
1608 2261 1655 2314 est

297 2361 437 2404 numerus
460 2363 615 2418 morarum,
639 2349 764 2406 eccentri
787 2346 936 2405 anomalia
959 2355 1004 2405 cst
1026 2362 1111 2405 arcas
1134 2346 1254 2419 itineris,
1277 2351 1441 2419 coaequata
1463 2351 1508 2402 est
1523 2342 1654 2420 angulus

297 2433 418 2490 visionis
442 2449 478 2491 ex
501 2433 580 2492 Sole.
621 2433 693 2509 Ego,
717 2437 755 2492 mi
779 2433 906 2505 Fabrici,
930 2437 955 2492 si
980 2435 1188 2492 astronomiam
1212 2432 1248 2490 de
1270 2447 1350 2491 noro
1375 2429 1529 2503 traderem,
1553 2433 1597 2489 sic
1619 2437 1655 2488 ut

297 2521 370 2579 milri
392 2535 451 2578 uon
475 2527 553 2579 esset
576 2539 650 2598 opus
672 2520 754 2596 loqui
777 2539 842 2581 cum
866 2523 1004 2598 antiquis,
1030 2535 1125 2582 uterer
1141 2519 1264 2578 vocibus
1280 2519 1361 2578 aliis:
1386 2518 1511 2578 dicerem
1527 2534 1653 2590 moram,

296 2624 412 2680 arcam,
443 2607 599 2684 angulum,
634 2608 791 2684 circulum3
823 2625 908 2668 arcus
938 2609 1060 2685 elliptioi
1091 2625 1211 2682 nomen,
1248 2623 1346 2666 morae
1378 2623 1559 2678 mensnram,
1592 2608 1652 2665 cir-

298 2695 356 2756 culi
379 2711 487 2756 aream.

402 2780 511 2841 Omnia
532 2799 578 2854 ea,
601 2800 678 2859 quae
702 2783 789 2842 modo
814 2782 949 2854 diximus,
972 2799 1060 2855 nora,
1084 2781 1246 2859 inopinata,
1270 2779 1404 2840 inaudita
1425 2787 1519 2840 erant.
1565 2779 1654 2856 Kep-

298 2869 386 2940 leras,
409 2871 597 2946 proiectura
620 2869 702 2930 salsis
725 2871 949 2944 conditionibus,
981 2873 1034 2947 ipsi
1059 2872 1097 2929 ab
1119 2889 1163 2943 ea,
1187 2887 1263 2947 quae
1292 2879 1353 2928 turn
1376 2875 1448 2941 erat,
1472 2870 1655 2928 astronomia

297 2955 408 3029 allatis,
437 2974 591 3035 perversas
615 2967 644 3017 et
666 2957 756 3017 lalsas
787 2975 837 3018 eae
868 2975 932 3018 esse
963 2957 1182 3030 demonstravit,
1207 2967 1237 3018 et
1259 2959 1440 3032 apparentiis
1471 2955 1653 3016 coelestibus

298 3043 445 3102 indefesso
469 3043 567 3104 studio
590 3044 628 3103 ad
651 3044 837 3106 collationem
863 3045 1004 3104 adhibitis
1026 3055 1057 3104 et
1079 3047 1206 3104 inventis
1234 3047 1307 3104 mira
1331 3045 1541 3123 imaginatione
1565 3045 1656 3102 novis

298 3133 514 3208 ingeniosisquc
531 3133 702 3204 rationibus,
726 3151 801 3209 quae
816 3131 854 3191 ad
871 3132 1081 3193 examinandas
1096 3149 1142 3192 ree
1157 3143 1186 3191 ct
1201 3131 1323 3190 traditas
1340 3141 1369 3190 et
1384 3132 1422 3190 ab
1446 3133 1510 3208 ipso
1527 3133 1655 3207 excogi-

299 3227 377 3278 tatas
404 3219 571 3291 adhiberet,
605 3231 709 3280 cuncta
736 3221 862 3296 denique
886 3221 1121 3280 accuratissimos
1146 3219 1335 3279 calculationi
1361 3219 1496 3294 subiecit.
1549 3218 1656 3294 Neque

298 3307 378 3384 prius
401 3305 536 3366 discessit
558 3307 597 3366 ab
619 3310 736 3386 incepta
757 3311 886 3382 ratione,
917 3325 1006 3384 quam
1031 3309 1167 3367 vitiosam
1190 3325 1254 3366 earu
1283 3323 1348 3366 asse
1371 3305 1574 3366 ratiocinando
1598 3310 1656 3366 de·

299 3399 489 3452 monstrasset
512 3404 541 3453 et
563 3393 619 3453 boc
642 3394 728 3454 modo
752 3395 869 3454 tandem
886 3403 952 3472 post
968 3397 1065 3454 varios
1082 3411 1192 3454 errores
1208 3402 1237 3454 et
1251 3393 1411 3472 permultas
1427 3396 1568 3470 ambages
1585 3387 1656 3471 porss

301 3483 380 3540 veuit
396 3479 432 3540 ad
448 3484 637 3560 propositum.
664 3481 747 3558 Quae
759 3491 827 3541 sunt
840 3481 996 3560 achlero
1009 3481 1154 3560 expedita,
1165 3484 1374 3540 astronomiam
1389 3489 1481 3541 totam
1497 3485 1527 3539 in
1543 3497 1655 3541 noram

276 3585 422 3644 ·camque
447 3561 599 3628 'rnreliorem
628 3577 829 3648 permutarunt
851 3581 880 3628 et
903 3572 990 3630 etiarn
1013 3587 1091 3629 nunc
1118 3574 1211 3628 omnis
1238 3571 1412 3645 cognitionis
1437 3572 1655 3630 mutuomicae

298 3655 434 3716 babenda
449 3656 638 3716 fundamenta
655 3665 731 3717 eunt.
765 3659 968 3716 Assentiamur
990 3659 1079 3734 igitur
1101 3657 1286 3730 Delambrio,
1310 3659 1362 3732 qui
1377 3659 1520 3716 maximas
1536 3656 1654 3732 laudes,

298 3746 441 3804 maximos
474 3744 600 3804 bonores
629 3745 672 3803 illi
696 3754 726 3806 et
748 3745 905 3804 fortissimo
929 3752 958 3804 et
988 3745 1178 3821 sagacissimo
1209 3755 1377 3803 astronomo
1408 3746 1528 3804 attribui
1554 3745 1653 3819 jubet,

298 3833 346 3908 qui
363 3831 533 3892 coelestium
549 3840 681 3891 motuum
697 3832 787 3908 leges,
812 3849 877 3892 cum
899 3831 959 3892 alia
982 3833 1096 3892 deesset
1119 3835 1177 3903 ria,
1201 3833 1344 3891 invenerit
1360 3833 1592 3895 ratiocinatione.
1609 3865 1653 3878 -·

405 3918 508 3994 Neque
531 3937 601 3978 vero
624 3919 770 3997 Keplerus
791 3919 822 3978 id
843 3920 939 3980 solum
963 3923 1036 3996 egit,
1068 3927 1100 3978 ut
1121 3922 1332 3979 astronomiam
1361 3921 1389 3978 in
1422 3937 1531 3979 noram
1561 3927 1654 3996 atque

298 4005 392 4081 magis
415 4005 552 4065 idoneam
574 4007 698 4066 sormam
721 4007 881 4084 redigeret,
911 4009 996 4083 cujus
1026 4007 1115 4066 studii
1137 4009 1246 4066 fructus
1270 4009 1297 4064 in
1322 4024 1371 4080 eo,
1403 4006 1439 4066 de
1462 4023 1522 4084 quo
1553 4007 1654 4068 adbuc

297 4090 495 4166 disseruimus,
520 4111 607 4172 opere
631 4097 775 4172 exposuit,
799 4095 851 4154 sed
874 4097 962 4154 etiam
985 4102 1018 4153 ut
1041 4097 1240 4170 investigaret,
1265 4113 1340 4172 quac
1364 4098 1392 4153 in
1409 4111 1565 4174 corporum
1581 4113 1654 4156 coe-

296 4179 413 4240 leetium
437 4189 518 4240 motu
542 4186 710 4258 symmetria
733 4191 762 4242 et
785 4183 939 4242 harmonia
961 4184 1081 4244 inesset.
1130 4183 1232 4258 ltaque
1262 4199 1320 4258 quo
1352 4191 1484 4258 tempore
1507 4183 1654 4244 observa-

296 4267 392 4328 tiones
414 4267 564 4344 'l'ychonie
588 4271 785 4343 examinabat,
809 4287 960 4347 nunquam
984 4269 1071 4330 desiit
1094 4263 1242 4342 neuun,
1266 4287 1325 4346 quo
1347 4269 1435 4330 modo
1459 4277 1558 4330 motus
1581 4282 1654 4330 coe-

295 4351 386 4414 lestes
408 4354 446 4413 ad
469 4359 662 4431 geometriam
683 4364 802 4436 possent
825 4359 937 4432 referri,
961 4375 1050 4434 quarn
1073 4359 1241 4435 opinionem
1269 4357 1332 4432 jam
1355 4360 1384 4416 in
1406 4355 1572 4418 Prodromo
1595 4375 1650 4419 suo

296 4451 493 4520 expresserat,
524 4459 619 4520 neque
650 4463 720 4505 rero
744 4445 880 4505 omnibus
907 4449 1036 4504 numeris
1058 4445 1238 4519 absolutam,
1271 4443 1399 4504 nondum
1429 4447 1507 4505 enim
1537 4447 1565 4506 ei
1589 4454 1654 4506 turn

295 4527 412 4602 licebat,
436 4530 553 4590 illarum
574 4533 812 4593 observationum
836 4534 921 4608 qussi
944 4532 1133 4592 laudamento
1158 4535 1220 4593 niti.
1259 4533 1351 4610 Igitur
1368 4532 1430 4608 jam
1453 4549 1532 4593 auno
1558 4537 1653 4595 1599.

296 4617 325 4674 in
347 4617 439 4676 literis
469 4617 506 4677 ad
530 4617 720 4680 Maostlinum
751 4621 922 4694 magistrum
956 4629 984 4679 et
1008 4620 1045 4680 ad
1069 4619 1254 4680 Hernartnm
1284 4622 1428 4680 fautorem
1456 4637 1543 4680 suum
1574 4621 1653 4680 datis

295 4721 360 4763 esse
383 4705 440 4764 sibl
464 4705 613 4764 inanimo
637 4709 679 4766 ait
702 4709 738 4766 de
762 4705 861 4765 mundi
886 4707 1043 4767 harmonia
1065 4709 1171 4768 librum
1194 4709 1387 4768 conscribere·
1425 4707 1521 4786 Saepe
1536 4725 1570 4767 se
1585 4724 1653 4768 esse

296 4790 485 4864 meditatum,
509 4793 658 4868 quomodo
682 4794 718 4853 ad
743 4793 933 4853 illustrandae
956 4813 1001 4854 ree
1025 4797 1175 4856 naturales
1197 4799 1359 4872 geometria
1381 4803 1483 4874 posset
1505 4795 1651 4855 adhiberi.

297 4877 414 4940 Vereari
437 4881 627 4956 geometriam
651 4885 728 4943 circa
749 4882 952 4960 proportiones
974 4890 1004 4943 et
1025 4883 1196 4974 analogias:
1221 4887 1428 4963 proportiones
1450 4883 1560 4962 ligures
1573 4899 1652 4962 geo-
