3612 5538
605 419 648 479 De
664 419 758 480 amieis
776 427 806 480 ct
821 419 974 480 fautoribus
992 421 1113 496 Kepleri.
1217 429 1218 432 ’
1474 421 1539 494 969

188 609 263 676 turn,
294 599 504 664 incolumitatis
535 601 654 664 sanan
676 605 938 682 prosperitatisque
968 594 1265 680 studiosissimomr‘a,
1298 607 1390 684 primo
1421 619 1539 683 quoqne
1614 608 1618 619 '

188 699 317 768 tempore
341 691 516 767 tranquillos
536 709 572 752 er
594 692 651 752 hac
673 701 756 770 parte
777 690 892 753 reddas.

297 779 359 838 Etsi
383 795 451 838 vero
476 796 613 856 magnum
637 779 693 839 hcc
717 781 774 858 ipsi
796 781 925 840 futurum
949 787 993 836 eet
1016 779 1170 853 augurium
1186 780 1299 840 consilii
1315 797 1453 858 prospere
1471 797 1540 840 sus·
1607 837 1611 844 .

188 868 280 942 cepti,
304 867 330 924 si
352 884 371 925 a
394 869 452 926 tuis
476 866 599 926 aedibus
622 875 652 926 et
675 869 813 926 convictu
837 859 894 925 non
918 863 1112 926 excludantur
1144 866 1361 942 adolescentes,
1392 871 1418 928 si
1441 876 1540 927 tamen

186 955 329 1031 inopinati
352 953 440 1030 qnid,
474 953 552 1030 quod
576 973 594 1013 a
617 954 814 1015 Miitschelino
843 970 902 1012 nou
933 955 1062 1030 potuerit
1090 955 1207 1030 aperiri,
1240 958 1450 1027 intercesserit,
1479 971 1539 1031 quc

188 1043 284 1100 mhrne
307 1039 343 1100 dc
366 1043 424 1100 tuis
446 1041 569 1102 aedibus
593 1041 640 1100 sei
664 1043 801 1102 conuictu
831 1041 994 1102 consentire
1024 1043 1135 1116 possis:
1165 1045 1239 1119 petit
1261 1041 1428 1103 Generosos
1451 1043 1539 1117 Baro,

187 1137 219 1189 ut
241 1127 330 1188 aliurn
354 1145 405 1206 pro
429 1130 500 1206 ipsis
522 1128 629 1202 locum,
654 1131 704 1205 qui
727 1137 808 1189 tutus
824 1132 862 1188 sit
876 1147 895 1188 a
909 1126 1053 1190 sodalitiis
1076 1131 1175 1205 pravis
1193 1132 1421 1207 commodusque
1439 1132 1539 1207 fruga-

188 1217 254 1276 liter
276 1215 409 1276 educatis
432 1225 461 1275 et
484 1216 599 1276 modico
623 1219 777 1291 contentis,
801 1216 939 1294 dispicias
962 1222 991 1274 et
1005 1217 1032 1274 si
1047 1233 1106 1290 qna
1129 1217 1242 1277 ratione
1265 1220 1416 1278 commode
1432 1221 1541 1296 poteris

191 1319 398 1384 praeoccupes,
423 1305 452 1361 in
475 1321 563 1380 quem
588 1306 643 1380 ipsi
667 1307 760 1382 primo
784 1307 882 1364 statim
906 1301 1035 1362 adventu
1058 1319 1112 1362 suo
1135 1307 1333 1379 commigrent.
1371 1305 1490 1365 Habere
1507 1323 1540 1366 se

187 1390 257 1450 dicit
273 1392 452 1467 Argentinae
475 1394 520 1450 sni
537 1391 780 1465 studiosissimos,
804 1394 854 1468 qui
878 1392 903 1451 si
925 1393 1093 1462 recensent,
1118 1391 1223 1451 chriae
1245 1393 1413 1469 hujrrsmodi
1437 1393 1540 1453 condi-

145 1489 148 1494 '
186 1480 280 1538 tiones
304 1478 390 1538 laturi
415 1481 482 1551 sint,
506 1480 562 1539 sihi
587 1495 656 1538 vero
680 1496 731 1539 eas
748 1479 786 1540 ob
802 1479 985 1556 disciplinam
1003 1478 1152 1551 domuum,
1176 1479 1213 1538 oh
1238 1497 1333 1539 mores
1355 1481 1538 1540 dominorum

187 1574 216 1626 et
238 1566 432 1642 frequentiam
459 1567 624 1642 juventutis
653 1565 812 1628 indomitae
839 1583 898 1628 nou
927 1567 1076 1626 athletam
1106 1567 1178 1626 satis
1205 1569 1323 1628 minime
1347 1569 1473 1647 probari.
1497 1601 1539 1614 -

186 1653 243 1716 Sed
267 1653 353 1714 adest
374 1653 502 1712 famulus
524 1653 748 1731 Starenhergiue
752 1697 857 1718 .....

180 1757 183 1764 ’
293 1741 336 1800 Er
350 1743 538 1819 responsione
553 1742 729 1820 Berneggeri
745 1745 780 1814 (d.
801 1744 825 1800 d.
848 1745 886 1800 tt.
905 1743 973 1814 Maii
991 1744 1080 1810 1624)
1109 1740 1182 1800 haec
1198 1739 1255 1801 huc
1270 1744 1430 1818 pertinent:
1455 1741 1539 1803 Felix

186 1843 290 1902 essem,
315 1831 341 1888 si
363 1828 419 1890 hac
442 1837 501 1890 tam
525 1829 675 1907 praeclara
698 1831 852 1890 occasione
874 1829 948 1887 bene
971 1828 1099 1888 marerrdi
1117 1828 1153 1888 de
1169 1828 1340 1888 charissima
1364 1831 1458 1908 patria
1473 1847 1540 1890 mea

187 1917 282 1992 deque
306 1925 365 1976 tam
389 1917 493 1976 illustri
516 1916 636 1990 familia,
660 1934 748 1993 quam
771 1933 895 1994 propes
913 1933 1012 1990 puero,
1036 1915 1251 1976 haeretante
1275 1924 1368 1976 annos
1385 1922 1425 1978 28
1442 1926 1471 1977 et
1487 1924 1537 1992 29,

185 2021 251 2063 curn
273 2006 303 2062 in
327 2003 474 2064 Wclsensi
504 2007 659 2082 gymnasio
691 2021 780 2064 cauea
808 2002 970 2063 studiorum
997 2021 1130 2079 egerem,
1162 2003 1319 2065 observare
1347 2015 1376 2064 et
1407 2007 1539 2064 venerari

185 2093 279 2168 coepi,
304 2093 346 2152 nti
369 2091 440 2150 mihi
463 2092 605 2153 licuisset.
650 2091 762 2151 Verum
783 2094 886 2168 iniqua
908 2107 971 2150 sors
995 2091 1071 2150 hanc
1093 2091 1164 2150 mihi
1187 2091 1355 2152 felicitatem
1379 2100 1481 2169 negat,
1505 2107 1540 2153 ec

185 2179 264 2256 quod
296 2167 385 2237 vidua
409 2181 509 2256 magni
540 2179 619 2239 illius
641 2178 671 2239 J.
696 2179 728 2240 C.
753 2180 888 2256 Dionysii
913 2176 1085 2238 Gothofredi
1110 2181 1221 2249 (monui
1245 2199 1317 2240 anno
1340 2184 1423 2252 1622)
1446 2197 1541 2256 quae-

184 2281 300 2342 cunque
322 2267 437 2342 reliqua
466 2267 556 2328 habui
586 2265 740 2326 conclavia
762 2269 804 2326 sic
827 2267 1001 2342 occuparit,
1033 2275 1065 2326 nt
1092 2265 1131 2324 ad
1160 2266 1362 2341 excipiendum
1395 2267 1541 2344 hospitem

183 2353 297 2414 nullam
319 2353 390 2414 mihi
414 2362 509 2414 vacet.
539 2354 658 2414 Interim
682 2355 823 2430 inquisivi
844 2352 948 2414 sedule
972 2353 1008 2413 de
1031 2353 1089 2414 alio
1106 2353 1234 2428 hospitio
1257 2363 1286 2414 et
1302 2357 1438 2430 quamvis
1452 2355 1543 2414 nihil·-

185 2442 254 2502 dnm
277 2444 347 2501 certi
371 2443 526 2516 constitui,
559 2449 656 2504 tamen
680 2445 801 2504 saniant
823 2441 910 2502 modo
935 2438 1078 2501 Generosi
1097 2440 1238 2514 Domini,
1271 2441 1356 2502 fallor
1385 2451 1438 2502 aut
1460 2445 1542 2520 ipsos

183 2537 262 2590 recte
285 2529 405 2588 curabo.
428 2563 472 2574 --
1530 2585 1532 2590 ,

287 2615 430 2676 Redimus
453 2617 492 2678 ad
514 2633 560 2676 res
581 2614 704 2693 Kepleri
727 2616 836 2693 ipsius,
866 2632 941 2690 quas
964 2632 1030 2675 cunr
1053 2615 1240 2693 Berneggero
1267 2634 1320 2693 per
1347 2617 1447 2677 literas
1469 2620 1540 2695 egit.

184 2702 383 2780 Starenbergii
414 2704 482 2764 filiis
506 2706 732 2780 Argentoratum
763 2704 930 2780 petentibus
959 2701 1059 2762 literas
1083 2703 1132 2762 dat
1161 2702 1200 2764 ad
1227 2705 1444 2780 llerneggeram
1471 2723 1542 2782 per-

182 2789 797 2866 ferendastd.20.Maji1624),nnueians
827 2788 958 2850 Tabulas
989 2789 1193 2866 Rcdclphinas
1222 2808 1297 2867 pene
1326 2791 1479 2853 absolutas
1510 2800 1541 2854 et

174 2877 338 2951 ,consiliam
362 2889 464 2955 petens
488 2881 526 2938 ab
554 2881 663 2950 amico,
697 2895 756 2954 qua
778 2879 891 2938 ratione
921 2885 951 2936 et
973 2895 1031 2953 quo
1056 2876 1122 2938 loco
1149 2880 1331 2955 temporibus
1354 2879 1413 2938 illis
1435 2881 1541 2940 turbu-

184 2965 271 3028 leatis
294 2969 372 3043 typis
395 2969 602 3043 exprimantur.
641 2966 844 3042 Berneggeros
867 2967 971 3024 iterum
994 2967 1101 3024 invitat
1122 2965 1293 3043 Keplerum,
1317 2973 1349 3025 ut
1371 2965 1410 3026 ad
1433 2985 1464 3028 se
1481 2967 1540 3027 Ar-

183 3055 333 3130 gentinam
356 3062 493 3128 transeat,
518 3052 626 3113 dubius
647 3071 717 3114 vere
741 3060 786 3113 est
808 3052 844 3112 de
867 3052 1068 3130 typographis,
1092 3071 1215 3129 quorum
1234 3055 1408 3134 „avaritiam
1431 3063 1461 3114 et
1475 3073 1540 3114 eor-

184 3140 256 3202 des“
274 3143 365 3204 timet.
395 3141 541 3218 Keplercs
557 3139 674 3202 Ulmum
698 3150 897 3217 transgressus
912 3155 991 3200 anno
1009 3147 1090 3200 1626
1115 3141 1202 3202 refert
1216 3141 1412 3218 Berneggerc,
1437 3151 1538 3220 typum

185 3230 282 3306 operis
306 3230 346 3290 ihi
371 3233 520 3306 inceptum
543 3242 607 3288 etse
630 3227 758 3288 addensr
790 3229 898 3304 „Furit
920 3227 1012 3300 Deua,
1035 3245 1071 3286 ne
1096 3231 1125 3287 in
1149 3228 1246 3290 medio
1268 3237 1376 3289 conatu
1399 3247 1537 3290 atrocum-

183 3317 262 3376 ham.
290 3316 338 3374 Ita
361 3320 479 3393 quidem
502 3333 566 3376 eum
589 3316 745 3392 profectus,
769 3333 804 3375 ac
826 3318 876 3392 qni
899 3316 938 3374 ait
961 3331 1138 3376 reversurus.
1176 3317 1284 3391 Ingens
1307 3328 1405 3377 tamen
1430 3318 1539 3378 sulcus

186 3403 326 3464 indictum
355 3414 400 3464 est
429 3405 567 3464 Austriac
595 3409 726 3476 noemae,
759 3421 794 3464 ex
826 3419 884 3479 quo
915 3404 1042 3464 animam
1072 3421 1160 3479 agere
1191 3405 1317 3467 ridetur.
1362 3405 1467 3481 Itaque
1498 3405 1537 3466 ad

189 3509 290 3552 omnes
312 3509 399 3552 casus
422 3501 538 3568 oportet
561 3507 626 3552 cese
640 3497 834 3567 attemperata
849 3490 971 3550 consilia
987 3490 1273 3568 deliberationesque
1289 3509 1379 3554 meas.
1417 3493 1463 3552 Τιι
1480 3497 1540 3555 ita·

185 3597 241 3655 qne
272 3595 338 3638 cum
364 3579 529 3658 fautoribus
551 3578 618 3638 aliis
640 3579 777 3655 subjicite
800 3577 922 3638 consilia
946 3586 1059 3652 vestra,
1083 3595 1227 3656 quonam,
1251 3583 1275 3638 si
1299 3583 1340 3639 ite
1362 3582 1435 3640 ferat
1458 3597 1539 3656 nens,

184 3683 230 3726 me
252 3683 318 3726 cunr
342 3684 430 3744 grege
452 3685 505 3728 sex
520 3667 676 3726 liberorum
692 3661 873 3743 recipiam?“
915 3665 1117 3742 Berneggems
1141 3669 1227 3727 tertio
1250 3669 1358 3730 invitat
1378 3667 1539 3746 Keplernm

184 3754 333 3814 scribens:
367 3755 418 3828 „Si
442 3751 571 3815 incolatu
600 3752 716 3830 placeat
745 3755 845 3812 urhcm
878 3751 1039 3825 honorare,
1070 3769 1127 3812 non
1157 3754 1261 3814 dubito
1291 3762 1318 3815 te
1342 3757 1539 3832 gratissimum
1595 3775 1605 3798 ι’

184 3843 321 3902 omnihus
343 3841 489 3918 hospitem
512 3843 651 3900 futurum.
683 3841 737 3900 Est
758 3839 829 3900 mihi
847 3840 951 3898 domos
973 3839 1072 3916 ample
1093 3843 1167 3901 eatis
1191 3859 1256 3902 cum
1279 3848 1345 3903 a‘e'rs
1362 3853 1538 3918 permeante,

184 3937 246 3988 tum
269 3940 300 3988 et
322 3928 407 3991 horto
430 3931 647 4002 amoenissimo,
672 3946 707 3988 ex
732 3945 791 4004 qua
813 3927 997 4004 hypocausta
1021 3927 1090 4002 duo,
1114 3929 1281 3990 cubiculum
1306 3947 1410 4002 annm,
1434 3930 1538 3990 cellam

183 4015 370 4093 culicemque
393 4026 576 4094 separatam,
609 4023 638 4076 et
660 4016 739 4092 quod
770 4022 939 4090 capulent,
971 4017 1100 4076 animum
1131 4016 1169 4076 ad
1198 4019 1297 4076 omrria
1329 4018 1538 4094 hospitalitatis

185 4104 282 4164 officie
304 4107 533 4184 promtissimam
558 4105 656 4177 offero,
680 4105 705 4162 si
729 4105 860 4178 seneria3
882 4111 986 4178 pactus
1009 4103 1180 4176 mercedem,
1204 4123 1264 4180 qua
1279 4104 1360 4164 nulla
1375 4104 1445 4163 mihi
1469 4123 1539 4181 pre-

183 4193 303 4252 ciosior:
328 4192 489 4268 alloquium
512 4193 825 4266 conversationemque
841 4201 920 4250 tuem
937 4190 1168 4264 quotidianam.“
1200 4191 1315 4252 Deinde
1338 4193 1438 4265 refert,
1462 4195 1538 4252 lma-

181 4281 279 4355 ginem
303 4279 424 4356 Kepleri
447 4279 599 4340 dedicasse
629 4296 661 4338 se
690 4277 887 4338 bibliothecae
917 4277 1087 4339 academiae
1111 4281 1385 4356 argentoratensis,
1399 4311 1403 4318 ·
1417 4279 1539 4358 „vident

184 4367 265 4426 iilam
289 4367 431 4442 qnotidie,
455 4371 505 4444 qni
529 4361 647 4426 istam“.
694 4365 741 4424 Ad
763 4365 839 4426 hanc
862 4363 1013 4425 liberalem
1036 4369 1240 4427 invitationem
1265 4365 1334 4442 quid
1355 4367 1539 4442 responderit

182 4455 343 4531 Keplercs,
375 4471 481 4514 musas
502 4471 672 4524 recensens,
697 4454 803 4530 quibus
827 4461 923 4512 motus
946 4449 1027 4512 illam
1050 4471 1108 4512 non
1132 4457 1263 4530 accipere
1286 4456 1381 4530 possit
1405 4463 1476 4526 etc,
1508 4455 1538 4513 id

183 4543 389 4619 praemisimus
414 4541 473 4601 sol.
499 4541 551 4600 Vl.
575 4559 603 4616 p.
630 4546 691 4600 620
714 4542 838 4611 ss.,=uhi
863 4543 951 4601 stiam
976 4538 1175 4617 deprehendes
1198 4541 1353 4617 epistolas,
1378 4542 1406 4596 in
1430 4543 1538 4617 qnibns

182 4633 245 4706 agit
267 4629 417 4706 Keplercs
440 4645 506 4688 cum
529 4631 625 4688 amico
648 4627 685 4687 de
708 4627 904 4687 distrahendis
927 4628 1036 4687 tahulis
1053 4627 1258 4702 Redolphinis.
1296 4626 1343 4684 De
1365 4627 1452 4687 rehne
1475 4633 1538 4689 suis

182 4719 308 4793 privatis
332 4717 427 4793 deque
450 4725 528 4800 stetu
552 4717 691 4776 nustriae
713 4713 788 4776 hacc
810 4716 897 4775 refert
919 4714 1064 4789 Keplercs
1080 4714 1173 4790 Aprili
1197 4719 1397 4774 menee1628
1423 4720 1537 4778 amico:

184 4803 294 4880 ,Soita
318 4819 365 4864 me
389 4805 546 4881 circumagi
568 4803 694 4862 fatorum
718 4803 861 4862 machinis
884 4819 938 4862 nee
962 4803 1017 4861 mei
1041 4819 1105 4862 esse
1128 4801 1240 4859 arbitrii
1263 4808 1316 4859 aut
1331 4802 1454 4862 consilii.
1490 4805 1536 4864 'Pu

181 4893 206 4951 si
226 4907 294 4954 meo
317 4891 384 4954 loco
408 4907 498 4967 esses,
521 4891 650 4952 timidior
671 4891 747 4951 forte
768 4893 798 4950 in
823 4889 1061 4963 obsecundando,
1085 4885 1157 4948 nihil
1179 4896 1277 4947 mmen
1299 4887 1413 4951 felicior
1434 4893 1464 4952 in
1486 4909 1536 4955 re·
