3624 5554
861 405 942 470 1598.
1457 411 1522 480 701

155 585 285 649 haolitis
315 584 580 663 inundationibus,
616 603 694 664 quac
724 587 813 646 ctiam
846 603 948 648 meme
974 585 1112 663 Augusto
1149 587 1247 663 suae,
1279 583 1428 664 impediti,
1461 603 1522 648 nou

158 673 235 736 ultra
263 681 306 736 30
331 677 560 750 convenerunt).
604 673 737 736 Tandem
768 681 816 734 17.
849 681 900 734 at.
924 675 1005 752 Sept.
1035 682 1103 735 ante
1131 674 1210 736 Solis
1237 691 1375 738 occasum
1402 676 1522 736 univer-

162 781 208 824 sos
229 779 287 824 nos
310 767 451 841 princeps
473 764 543 824 urbe
566 765 690 839 migrare
717 771 836 838 etpost
861 763 960 824 linitos
988 764 1098 838 primos
1123 771 1139 824 't
1163 764 1226 824 dies
1257 767 1335 824 exire
1363 764 1522 839 provinciis

165 853 302 912 atrociori
324 851 582 912 commendatione
601 851 699 927 jussit
744 849 850 925 Itaque
878 850 914 910 de
937 851 1061 912 consilio
1088 858 1120 912 et
1145 851 1231 926 jussu
1251 868 1405 938 procerum
1426 852 1523 911 exivi-

164 955 242 1014 mus,
272 938 384 1000 relictis
415 939 606 1016 conjugibus,
636 938 706 998 hinc
733 937 802 997 iude
830 937 953 1015 dispersi
979 940 1014 1010 ‚in
1037 935 1185 1015 Ungariae
1214 947 1244 999 et
1275 940 1410 1000 croatiae
1440 937 1523 1012 fines,

166 1027 215 1088 uhi
253 1026 365 1088 Caesar
394 1029 529 1104 imperat
581 1025 696 1088 Salaria
728 1027 907 1086 obtinuimus
941 1026 1146 1103 nihilominus,
1183 1029 1293 1087 viatica
1321 1031 1440 1104 insuper
1471 1043 1523 1086 ac-

168 1117 314 1192 cepimus,
333 1115 412 1191 jussi
434 1116 512 1176 bane
533 1118 577 1176 sie
597 1113 722 1175 tolerare
743 1114 910 1188 fortunam,
935 1113 1004 1174 dum
1028 1122 1189 1175 conventus
1216 1115 1370 1176 habeatur.
1415 1114 1446 1174 Is
1468 1114 1524 1174 ad-

168 1203 223 1264 buc
246 1212 390 1279 speratur.
437 1203 502 1279 Ego
524 1211 593 1278 post
614 1219 742 1262 mensem
766 1202 853 1277 redii,
880 1203 980 1278 jussus
1004 1221 1022 1262 a
1044 1205 1183 1298 principis
1212 1205 1366 1278 ministris,
1399 1206 1448 1279 qui
1477 1221 1523 1260 me

170 1299 318 1350 uerutum
341 1287 491 1354 dicebant.
526 1289 700 1367 Supplicavi
715 1299 823 1364 muron,
847 1291 899 1364 uti,
923 1292 992 1365 quia
1005 1291 1142 1368 gencrale
1161 1299 1240 1350 esset
1263 1289 1419 1365 decretum,
1442 1294 1524 1367 prin-

170 1395 237 1456 ceps
261 1377 392 1440 officium
414 1395 512 1438 meum
535 1379 668 1440 neutrale
691 1395 756 1438 esse
778 1386 926 1438 exemtum
950 1377 1121 1452 declararet,
1144 1396 1181 1438 ne
1204 1378 1255 1438 illo
1271 1379 1387 1440 decreto
1408 1380 1523 1438 veniam

171 1469 199 1524 in
222 1466 396 1542 periculum,
419 1469 445 1526 ai
469 1483 562 1528 morer
585 1468 615 1524 iu
638 1467 798 1543 provincia.
835 1465 1021 1542 Responsum
1044 1472 1089 1526 est
1111 1459 1157 1525 his
1180 1467 1291 1526 uerbis:
1318 1467 1386 1543 ,Ihr
1401 1466 1522 1526 Durchl.

169 1553 276 1614 suurn
299 1571 369 1614 susa
393 1553 520 1616 soudcrn
542 1553 659 1631 gnadun
683 1553 840 1634 verwilligt
867 1553 979 1628 haben,
1008 1552 1077 1613 dass
1100 1553 1275 1630 Supplicant
1296 1551 1452 1631 Ungeacht
1474 1553 1524 1613 der

170 1641 289 1718 general
311 1641 521 1719 aussehadung
543 1651 598 1702 etc.
630 1641 708 1702 noch
737 1641 837 1717 lenger
859 1641 949 1701 allide
972 1640 1142 1702 rerblciben
1162 1646 1259 1719 mdge.
1305 1642 1392 1702 Doch
1414 1641 1471 1702 soll
1493 1658 1524 1702 er

169 1729 233 1790 sich
255 1727 458 1790 allenthalben
480 1729 664 1807 gebiiriicher
680 1727 928 1790 Beschaidenheit
948 1729 1136 1805 gebrauchsn
1159 1730 1219 1791 und
1241 1730 1305 1789 sich
1327 1730 1391 1790 also
1407 1730 1524 1790 Vnuer-
1592 1721 1597 1728 ’

169 1815 299 1876 weislieh
321 1817 484 1892 verbalten,
508 1817 600 1877 demit
621 1816 661 1878 Ir.
683 1816 805 1876 Durchl.
828 1815 950 1878 solliehe
971 1816 1051 1893 guad
1072 1817 1162 1878 wider
1184 1818 1367 1894 aufzuheben
1391 1820 1435 1878 nit
1457 1833 1524 1879 ser-

170 1904 288 1964 ursacht
310 1901 437 1965 werde.“
483 1905 598 1966 Dicitur
625 1907 762 1982 princeps
792 1903 930 1966 delectari
953 1907 1025 1964 meis
1050 1905 1284 1982 inventionibus,
1315 1915 1345 1966 et
1366 1905 1526 1966 muschio

172 1991 291 2069 quidam
314 1993 500 2054 consiliarius
521 1993 597 2054 solet
619 1991 658 2052 ad
681 2011 727 2052 rue
749 1992 884 2065 scribere,
908 1993 985 2055 uude
1007 1993 1156 2055 laventem
1177 1993 1274 2056 habeo
1297 1993 1406 2054 aulam.
1447 1993 1525 2068 Quid

172 2079 293 2140 autem?
327 2080 520 2143 Manchane?
558 2083 599 2140 At
621 2098 657 2141 ex
679 2082 815 2140 omnibus
842 2081 936 2140 tribus
957 2083 1116 2157 prouinciis
1139 2084 1235 2142 exacti
1257 2084 1382 2142 ministri
1404 2082 1525 2160 publici,

174 2167 265 2228 latent
289 2168 358 2229 bino
381 2168 449 2230 iude
472 2170 580 2246 privati
603 2171 632 2226 in
655 2169 781 2228 arcibus.
828 2167 869 2228 At
890 2171 916 2228 si
938 2172 1005 2244 qum
1027 2171 1085 2228 cisi
1107 2172 1247 2246 principis
1270 2172 1398 2232 uenienti
1414 2173 1526 2248 petenti

171 2257 294 2332 porrigit
321 2263 554 2331 sacramentum,
587 2265 616 2316 et
638 2257 701 2332 ipse
723 2255 850 2332 pellitur.
896 2255 1019 2316 Civibus
1046 2259 1189 2334 imperata
1212 2263 1263 2318 26.
1286 2258 1363 2318 Nos.
1386 2257 1527 2335 parochia

172 2344 260 2416 urhis,
284 2361 305 2404 a
327 2361 388 2422 qua
409 2349 511 2420 petant
533 2345 726 2421 baptismum,
756 2343 976 2404 benedictiones
998 2345 1201 2421 conjugiorum
1226 2347 1305 2423 ,und
1328 2345 1435 2408 audere
1459 2346 1527 2406 der-

172 2430 307 2506 gleichen
338 2431 482 2494 heilsame
510 2430 699 2492 Sacramenta
729 2431 789 2490 und
820 2429 1281 2510 Gottesdienetbesuechungeu“.
1325 2435 1381 2494 Ibo
1411 2433 1526 2510 igitur?
1621 2453 1630 2474 ²

172 2519 211 2578 nt
233 2535 311 2578 uror
332 2519 475 2580 adhaeret
496 2521 580 2580 bouis
602 2521 664 2580 suis
687 2525 717 2578 et
732 2520 796 2596 spei
811 2519 955 2578 bonorum
969 2523 1138 2596 patriorum.
1168 2520 1313 2580 Videntur
1328 2523 1425 2581 omnia
1441 2522 1526 2582 dese·
1551 2579 1555 2584 ,

173 2605 273 2680 rends,
296 2613 388 2684 atque
411 2609 477 2684 ipsa
499 2607 574 2668 adeo
598 2609 734 2684 privigna
756 2623 823 2666 mea
838 2612 856 2666 8
873 2624 1024 2682 annorum,
1047 2609 1136 2684 paulo
1150 2614 1220 2684 post
1233 2613 1357 2686 papatui
1372 2589 1525 2683 initianda,

172 2696 344 2754 sinistram
366 2696 492 2754 amittat
538 2694 613 2754 Turn
637 2695 795 2772 quiescit,
828 2697 878 2772 qui
902 2703 996 2756 status
1018 2713 1072 2756 nos
1095 2699 1133 2754 sit
1155 2697 1320 2773 posthaec
1342 2704 1526 2772 excepturus.

172 2779 316 2842 llaturnit
339 2781 488 2842 vindemia
515 2784 574 2842 irae
596 2782 654 2842 Dei
678 2785 768 2842 etiam
790 2782 869 2859 apud
892 2799 955 2854 nos.
1001 2782 1229 2844 Tumultuantur
1257 2786 1364 2844 omnia
1409 2784 1525 2860 ltaque,

173 2868 250 2944 quod
270 2869 335 2945 Jam
358 2868 471 2946 pridem
493 2887 560 2946 ago,
583 2888 670 2947 agere
685 2887 816 2947 pergem.
847 2870 950 2947 Neque
965 2869 1207 2948 wirtembergieo
1222 2871 1406 2948 supplicabo,
1429 2874 1527 2947 prius-

173 2957 401 3033 quam'penitus
425 2957 577 3032 eineder,
607 2975 703 3034 neque
725 2961 751 3018 si
775 2975 834 3033 qua
855 2957 1026 3018 Stuocardia
1055 2958 1127 3018 mihi
1151 2962 1282 3018 imminet
1308 2962 1445 3034 vocatio,
1469 2961 1527 3018 im-

173 3044 292 3121 pediam
315 3053 368 3104 aut
390 3045 560 3122 impeditam
583 3048 704 3122 optabo.
741 3045 818 3106 Nam
840 3047 864 3104 si
888 3046 957 3106 talis
981 3063 1072 3106 causa
1093 3045 1239 3123 horologii
1264 3050 1380 3106 vocabo
1404 3048 1526 3120 venerit,

171 3149 286 3208 semper
307 3131 381 3192 mihi
396 3135 451 3192 erit
466 3134 619 3210 integrum,
644 3132 804 3194 deliberare
820 3131 857 3192 de
872 3133 1076 3210 amplectenda
1097 3141 1150 3196 aut
1172 3134 1346 3195 declinanda
1362 3135 1423 3195 illa.
1461 3134 1527 3194 Nisi

172 3219 251 3285 aliud
275 3229 309 3280 tu
332 3230 362 3280 ct
385 3219 524 3296 Collegae
548 3229 577 3280 et
598 3222 636 3280 D.
658 3220 875 3282 Haienrefferus
898 3221 1072 3296 consulatis,
1096 3239 1220 3298 quorum
1248 3225 1378 3284 omnium
1403 3221 1527 3284 consilia

172 3310 225 3366 atsi
247 3307 338 3368 toeda
360 3307 417 3368 hac
438 3325 528 3368 manu
550 3316 581 3367 et
601 3311 716 3386 pictura
737 3307 839 3370 literae
867 3327 904 3368 er
926 3312 1024 3369 auimo
1052 3319 1150 3370 tamen
1173 3319 1203 3370 st
1225 3329 1292 3371 cum
1315 3311 1415 3372 debita
1437 3327 1524 3372 reve·

171 3397 266 3456 rectia
288 3403 410 3473 expeto:
433 3403 600 3472 praestatus
623 3413 670 3456 me
692 3395 740 3456 hie
762 3415 849 3474 agere
871 3397 1118 3471 mathematicum,
1141 3397 1258 3474 qualem
1272 3397 1375 3476 Tycho
1398 3397 1523 3480 (ratione

171 3481 227 3544 loci
249 3499 311 3543 non
335 3481 520 3563 eruditionis)
542 3485 571 3542 in
587 3484 694 3556 Dacia,
716 3485 879 3556 solitarium
902 3502 943 3545 sc.
966 3503 1021 3546 nec
1042 3489 1098 3546 nisi
1113 3489 1230 3562 scriptis
1253 3486 1323 3546 olim
1345 3487 1523 3563 loquentem,

172 3588 208 3629 au
231 3588 304 3631 vero
330 3573 431 3632 venari
463 3573 632 3632 occasiones
658 3571 799 3648 loquendi
830 3573 865 3631 da
898 3573 1037 3634 cathedra
1064 3576 1094 3632 in
1116 3573 1217 3650 aliqua
1242 3575 1316 3636 sorte
1346 3575 1523 3637 academia?

172 3655 269 3733 Quam
292 3661 497 3737 quaestionem
510 3657 578 3720 loco
591 3659 796 3720 valedictionis
819 3668 849 3722 et
864 3659 1014 3722 officiosae
1029 3660 1215 3723 salutationis
1231 3664 1366 3724 omnibus
1381 3681 1525 3742 propono.

173 3744 290 3822 valete,
313 3747 476 3824 pronubis
499 3754 589 3810 orate.
628 3754 657 3808 9.
680 3747 802 3808 Decem.
827 3756 863 3808 st.
886 3765 917 3810 n.
941 3754 991 3810 98.

470 3835 515 3894 Ex
536 3835 571 3897 Τ.
607 3835 703 3896 Notus
1155 3836 1198 3898 M.
1222 3837 1347 3916 Kepler,

967 3923 1126 3986 Procerum
1146 3925 1263 4006 Styriae
1285 3927 1523 3988 Mathematicus.

274 4103 459 4160 Herwarto
478 4103 513 4160 de
530 4103 625 4160 eadem
643 4101 798 4159 calamitate
817 4101 926 4171 scripsit
939 4101 965 4160 d.
981 4105 1022 4160 16.
1034 4103 1209 4162 Decembris:
1234 4101 1358 4180 Quaeris
1388 4100 1424 4161 dc
1452 4101 1525 4159 meis

171 4186 274 4246 studiis
298 4197 330 4248 et
352 4206 472 4266 operam
494 4188 641 4265 polliceris
663 4185 833 4264 adjutandis
855 4189 929 4246 meis
951 4187 1217 4250 observationibus.
1255 4191 1294 4248 Et
1314 4189 1526 4248 humanitatem

171 4273 329 4352 hausjam
352 4275 467 4353 pridem
490 4276 660 4356 degustavi,
691 4283 793 4351 gratus
821 4291 966 4350 Quosco,
997 4293 1051 4338 nec
1073 4293 1119 4336 me
1147 4275 1264 4336 hercule
1291 4285 1446 4337 contemno
1473 4283 1526 4334 aut

171 4363 281 4440 rejicio.
328 4363 466 4426 Ceterum
488 4366 519 4422 in
540 4363 614 4424 haec
637 4371 769 4439 tempora
791 4361 955 4438 incidimus,
978 4365 1008 4420 in
1032 4365 1139 4441 quibus
1161 4363 1318 4425 hebescere
1340 4358 1525 4423 solertissimi

171 4452 313 4530 cujusque
329 4455 435 4526 aciem,
460 4450 659 4512 defervescere
674 4450 816 4526 ardorem,
841 4459 962 4513 conatus
981 4454 1104 4529 opprimi
1120 4469 1240 4512 neccsse
1255 4452 1301 4510 sit.
1334 4449 1411 4524 Quid
1426 4449 1525 4510 euim?

172 4541 198 4597 in
225 4539 326 4619 Scyria
357 4539 517 4602 maneam?
545 4556 582 4599 an
613 4537 782 4601 discedam?
819 4537 921 4614 Neque
950 4556 997 4600 me
1026 4541 1168 4616 reprimo,
1199 4541 1249 4616 qui
1277 4536 1439 4598 studiorum
1470 4539 1525 4598 tibi

168 4645 299 4692 meorum
323 4646 418 4706 quam
441 4629 654 4703 penitissimum
676 4627 811 4686 notitiam
825 4629 937 4703 aperui,
961 4629 1032 4703 quin
1048 4635 1078 4688 et
1092 4628 1213 4688 affectus
1236 4627 1324 4684 animi
1339 4626 1524 4701 patefaciam.

166 4714 250 4792 Quod
274 4727 310 4779 tu
332 4718 463 4777 tortasse
485 4714 598 4792 gaudes
621 4717 669 4790 (ut
690 4722 759 4774 sunt
780 4713 930 4788 humana),
952 4715 983 4774 id
1006 4733 1052 4775 me
1075 4715 1173 4776 dolere
1194 4713 1381 4773 acerbissime
1405 4731 1525 4776 necesse

163 4816 214 4868 est.
261 4807 459 4868 Christianus
479 4821 554 4878 sum,
578 4801 782 4879 Augustanam
805 4801 1018 4864 consessionem
1041 4820 1077 4862 ex
1100 4803 1283 4860 institutione
1304 4807 1466 4878 parentum,
1490 4822 1526 4864 er

159 4897 328 4961 redonibus
353 4891 479 4968 saepius
501 4891 540 4952 ad
562 4893 701 4954 trutinam
723 4892 883 4967 revocatis,
906 4908 943 4952 ax
966 4892 1159 4952 tentationum
1181 4887 1417 4964 quotidianarum
1440 4909 1526 4956 exer-
