3624 5554
832 389 912 448 tete.
1477 387 1542 460 tlt

186 569 288 626 Terrae
304 569 517 638 drauhtinom,
542 568 607 626 laiac
623 568 697 636 ieri,
722 573 754 625 ut
776 572 909 638 cognatae
930 571 1023 637 partas
1046 569 1159 636 propter
1183 565 1364 636 sympathiam
1380 565 1544 638 principium

187 673 266 720 auum
284 664 313 714 et
331 657 468 727 originem
484 652 624 728 repetant
654 656 709 713 Sed
727 656 780 712 boc
798 661 828 711 tn
846 670 901 711 uon
920 653 988 710 satis
1012 654 1085 710 clare
1104 654 1250 725 explanare
1274 655 1349 712 risus
1367 671 1411 726 es,
1434 655 1544 726 quando

187 746 317 802 mirabihs
337 752 366 801 ιι
384 745 550 803 artificiosas
573 751 726 802 structurae
748 743 828 800 molis
852 747 977 799 ιιπιιιιι
994 742 1140 798 meministi
1158 749 1186 798 ιι
1204 748 1300 799 contra
1324 743 1439 800 aliorum
1455 743 1543 815 philo-

188 836 340 905 sophorum
358 835 532 904 sententiam,
550 849 567 888 ι
584 835 666 890 bruta
683 837 711 887 et
729 829 830 887 sriabili
848 831 963 890 materia
979 837 1120 894 assertam,
1138 831 1255 887 animam
1273 831 1359 886 eidem
1371 837 1543 902 vegetantem

185 924 315 994 indidisti,
335 938 406 993 quae
425 923 598 994 operationes
615 935 679 976 suas
696 934 746 988 per
763 918 903 976 filemeuta
920 925 949 975 et
966 933 1049 974 renas
1066 925 1175 974 exserat
1192 923 1220 974 et
1237 919 1378 976 commode
1396 920 1543 977 admodum

185 1027 265 1081 pomo
284 1011 439 1081 comparari
456 1009 553 1080 possit,
572 1008 650 1077 cnjus
662 1005 780 1078 potiolus
798 1012 841 1060 est
858 1006 888 1062 in
905 1005 1038 1076 magnetis
1057 999 1118 1060 loco
1136 1005 1169 1078 t,
1189 1007 1276 1063 altere
1292 1023 1357 1064 vero
1376 1024 1392 1064 e
1409 1007 1542 1066 diametro

186 1098 249 1154 huic
266 1099 396 1168 opposita
413 1115 478 1169 pars
495 1097 524 1152 iu
541 1097 578 1167 B,
596 1104 666 1166 quae
683 1110 733 1166 per
744 1109 828 1150 venas
846 1109 876 1151 se
894 1099 987 1150 mutuo
1007 1095 1172 1164 contingant.
1196 1097 1240 1152 Ex
1258 1111 1312 1166 quo
1331 1097 1409 1166 sequi
1426 1097 1541 1170 ridetur,

186 1186 258 1257 quod
276 1187 306 1242 iu
324 1186 435 1242 conditu
447 1185 547 1242 Terrae
566 1183 673 1241 duobus
691 1183 720 1237 in
738 1181 814 1251 locis,
832 1181 861 1236 in
880 1183 1064 1251 septentrione
1082 1189 1111 1238 et
1127 1184 1156 1238 in
1173 1183 1294 1254 meridie,
1312 1185 1398 1240 Terra
1415 1201 1450 1240 ex
1467 1201 1542 1256 mag·

185 1275 256 1330 netis
274 1274 389 1330 materia
410 1271 559 1328 constituto
582 1272 630 1337 ιιι,
647 1287 718 1340 quae
736 1285 787 1338 per
811 1282 895 1324 venas
914 1276 942 1324 ιι
959 1278 1065 1326 meatus
1083 1286 1113 1326 se
1130 1279 1225 1328 mutuo
1244 1272 1396 1343 excipiunt,
1412 1271 1542 1344 quemad-

186 1363 296 1418 modum
317 1364 347 1418 in
370 1377 452 1433 pomo
477 1361 518 1417 fit.
554 1361 592 1415 Et
616 1357 685 1412 haec
710 1363 759 1412 tua
786 1355 922 1412 sententia
940 1373 976 1413 ex
994 1373 1026 1414 eo
1046 1360 1127 1416 etiam
1151 1359 1308 1431 deducitur,
1335 1360 1409 1430 quod
1426 1359 1542 1418 eandem

188 1451 320 1508 ιιιιιιιιιι
340 1449 495 1505 distantiam
513 1446 639 1519 polorum
656 1444 761 1501 zodiaci
779 1451 807 1500 ιι
824 1445 878 1500 loci
893 1445 1041 1516 magnetici
1059 1463 1076 1502 ι
1093 1448 1157 1518 polo
1170 1448 1273 1508 mundi.
1303 1449 1358 1504 Sed
1377 1448 1440 1519 quia
1457 1449 1541 1518 recla7
1590 1449 1593 1466 '

187 1545 245 1594 mat
262 1538 441 1608 experientia,
459 1552 511 1592 nec
529 1551 649 1605 unquam
667 1539 843 1603 conpertum,
862 1534 993 1604 lingulam
1010 1537 1199 1607 magneticam,
1220 1537 1242 1592 si
1259 1537 1320 1607 quis
1332 1535 1377 1592 vel
1395 1539 1467 1593 circa
1478 1553 1540 1607 pro·

183 1627 348 1682 montorium
364 1625 454 1682 bonae
471 1625 530 1696 spei
547 1622 700 1691 navigaret,
717 1621 761 1677 ιιι
777 1620 864 1692 ipsius
886 1629 977 1680 terrae
993 1623 1191 1692 Magallanicae
1208 1625 1290 1681 litora
1307 1625 1422 1696 legeret,
1449 1641 1481 1680 eo
1500 1625 1541 1680 in·

184 1713 295 1784 chuare,
313 1715 379 1769 hinc
396 1728 462 1782 ergo
480 1712 610 1783 sequitur,
628 1709 733 1768 nullum
750 1709 859 1766 omnino
878 1711 979 1766 circum
997 1711 1089 1781 polum
1107 1713 1287 1768 antarcticum
1305 1727 1366 1769 esse
1377 1719 1538 1782 magnetem.

290 1801 451 1871 Quanquam
468 1809 499 1858 tu
517 1800 665 1868 existimas,
682 1800 770 1856 Deum
787 1797 816 1854 in
834 1799 922 1868 primo
940 1798 1051 1855 conditu
1069 1799 1173 1870 eadem,
1184 1815 1262 1870 -quae
1280 1817 1331 1858 noa
1346 1802 1404 1870 jum
1423 1801 1539 1857 decursu

183 1889 254 1948 solia
272 1895 302 1946 et
320 1888 511 1946 commoditate
529 1889 603 1944 orbis
621 1886 722 1944 conditi
741 1886 899 1955 cogitamus,
918 1885 1036 1956 agitasse
1053 1888 1182 1958 consilia,
1202 1905 1306 1959 nosque
1323 1889 1465 1946 rationalis
1482 1889 1540 1944 aui·

183 1993 243 2032 mac
262 1977 396 2032 beneflcio
415 1976 501 2032 multa
518 1977 625 2033 diuinae
642 1975 726 2030 menti
744 1974 893 2030 conformia
910 1973 1026 2044 arguero
1046 1990 1141 2045 posse,
1166 1991 1227 2032 cum
1249 1975 1365 2033 eundem
1382 1977 1411 2032 iu
1430 1976 1540 2033 modum

184 2065 365 2120 ratiocinetur
382 2069 411 2120 ct
429 2061 544 2120 affectus
563 2063 607 2133 ait,
626 2068 658 2120 ut
675 2077 725 2118 nos
743 2063 850 2118 annuus:
870 2063 1007 2118 tamenin
1025 2079 1057 2120 eo
1075 2081 1130 2120 non
1147 2063 1228 2120 facile
1246 2063 1296 2122 tibi
1312 2065 1447 2120 assentior
1447 2105 1539 2122 .....

183 2153 303 2210 Disaerie
320 2159 353 2208 ιιι
371 2166 406 2206 ex
424 2150 531 2206 mtione
549 2157 577 2206 ιι
593 2150 700 2208 erudite
718 2148 843 2219 quidem,
863 2167 912 2207 cur
928 2151 1005 2206 Deus
1024 2150 1097 2206 ultra
1114 2150 1274 2220 quadrantis
1292 2157 1416 2222 quartem
1434 2159 1540 2222 partem

184 2239 276 2296 Solem
294 2240 406 2310 evagari
423 2255 478 2294 non
489 2254 588 2308 passos
600 2241 645 2307 sit,
663 2253 715 2294 nec
726 2245 818 2294 tamen
829 2239 858 2294 iu
870 2237 1026 2307 aequatoris
1038 2238 1140 2296 circulo
1153 2239 1317 2296 immobilem
1329 2245 1403 2297 stare
1415 2240 1540 2308 soluerit,

183 2335 212 2384 et
227 2343 365 2397 menaea,
384 2327 409 2383 si
426 2327 523 2382 horum
541 2325 607 2395 quid
619 2325 787 2396 contigisset,
805 2325 880 2381 varia
892 2325 1072 2392 incommoda,
1090 2343 1161 2395 quae
1178 2345 1233 2398 pro
1243 2327 1400 2385 diversitate
1417 2328 1541 2385 locorum

184 2416 334 2472 Terrarum
350 2414 456 2472 incolas
475 2413 640 2470 afflixissent
650 2420 679 2469 ct
690 2413 853 2470 habitationi
865 2412 1021 2468 inidoneum
1032 2412 1144 2469 Terram
1156 2414 1347 2484 reddidissent,
1365 2417 1437 2474 hanc
1449 2423 1541 2474 autem

181 2519 243 2560 ease
261 2503 383 2559 omnium
400 2502 531 2573 optimam
548 2507 577 2556 ιι
589 2500 840 2570 commodissimam,
859 2517 922 2556 oum
939 2499 1074 2569 ejusmodi
1087 2501 1142 2556 Soli
1160 2499 1260 2560 limites
1279 2503 1334 2560 sint
1351 2505 1442 2575 positi,
1462 2511 1493 2560 ut
1510 2506 1540 2561 in

180 2591 275 2648 multis
292 2591 396 2646 Terrae
421 2589 547 2660 partibus
571 2595 694 2646 senetur
716 2589 835 2646 medium
860 2590 931 2646 inter
954 2589 1039 2658 frigus
1058 2594 1086 2644 ιι
1103 2595 1209 2645 aestum
1227 2597 1256 2646 ιι
1279 2591 1353 2661 quod
1371 2592 1492 2661 aequalia
1511 2599 1541 2650 ot

184 2678 422 2737 commonefacta
440 2677 477 2733 sit
493 2674 561 2734 lucis
580 2682 608 2732 et
625 2675 799 2732 tenebrarum
818 2676 921 2733 divisio.
951 2675 1030 2744 Quae
1047 2675 1138 2732 omnia
1155 2692 1209 2732 uon
1227 2692 1306 2747 nego,
1325 2677 1373 2732 sed
1391 2679 1499 2734 interim
1511 2685 1541 2736 et

180 2769 235 2840 hoc
247 2768 320 2836 dico,
338 2768 426 2822 Deum
439 2765 519 2821 aliam
534 2779 623 2833 aeque
634 2763 782 2834 perlectam
795 2763 920 2834 potuisse
931 2761 1032 2818 mundo
1050 2763 1144 2820 indere
1161 2763 1291 2818 formam“
1306 2771 1357 2820 etc.
1388 2765 1445 2821 Sub
1458 2765 1540 2822 finem

178 2857 315 2927 longioris
332 2855 415 2924 hujus
435 2853 568 2923 epistolae
585 2853 750 2908 mentionem
767 2851 833 2908 facit
850 2851 1074 2920 Zehentmqierus
1092 2851 1187 2908 mortis
1205 2852 1237 2906 D.
1255 2852 1429 2909 Forstmanni
1447 2857 1475 2908 et
1492 2854 1540 2910 ad·

180 2944 237 3000 dit:
257 2943 339 3011 ,dam
356 2943 499 3012 experiris,
517 2948 546 2997 ιι
562 2942 637 2997 haud
655 2955 753 2996 vanum
770 2940 931 2996 insumaiase
947 2937 1070 2996 laborem
1088 2939 1116 2993 in
1134 2937 1277 2996 scribendo
1288 2939 1432 3011 Epicadio.
1459 2939 1542 2995 hiltte
1622 2985 1627 2996 .

179 3047 288 3103 quaeso
307 3031 376 3086 mihi
393 3029 533 3100 exemplar
551 3037 580 3084 ιι
596 3029 664 3086 meis
682 3028 818 3086 sumtibus
836 3027 925 3084 denuo
943 3026 1127 3084 recudendum
1145 3042 1219 3081 cura.
1247 3027 1286 3096 (lu
1304 3033 1432 3096 prioribus
1449 3029 1540 3097 literis,

179 3139 269 3174 nanae
287 3124 383 3172 hiartio
402 3123 478 3188 datia,
497 3126 655 3172 excusaverat
671 3135 698 3170 aa
716 3119 935 3186 Zebentmajerna,
954 3120 1022 3183 quod
1038 3117 1102 3168 ialso
1120 3118 1314 3168 Forstmannnm
1332 3123 1459 3168 mortuum
1475 3131 1540 3168 nun·

179 3213 302 3280 ιιιιιτιις
321 3213 389 3262 idom
406 3213 472 3262 torte
489 3211 560 3277 dicit,
579 3209 649 3275 quod
666 3223 745 3275 snpra
765 3237 793 3246 —
814 3212 839 3262 ι.
860 3209 956 3274 Aprilis
975 3235 1008 3246 -
1027 3209 1174 3257 contionem
1192 3205 1296 3272 Keplerl
1313 3203 1482 3272 laudaverat.)

290 3297 336 3352 Ad
354 3296 423 3352 haec
440 3295 533 3351 statim
549 3294 724 3364 respondisse
742 3293 890 3364 Keplerum
908 3308 943 3348 ex
960 3291 1004 3346 bis
1022 3289 1222 3358 Zehentmcjeri
1237 3289 1324 3345 literis
1343 3291 1378 3360 td.
1396 3295 1440 3346 ιιι.
1458 3291 1541 3360 Jnnll)

177 3393 312 3456 apparet:
340 3383 465 3451 ,Literna
482 3390 543 3440 tuas
561 3383 603 3438 16.
622 3381 698 3437 Juuii
722 3387 848 3438 exaratas
865 3380 925 3436 heri
943 3381 1037 3450 accepi
1038 3417 1133 3436 .....
1174 3377 1327 3448 Εριιιοιιιιι
1343 3384 1427 3445 tuom,
1450 3379 1541 3434 ιιιιιιι

180 3475 318 3544 scriptum
336 3481 385 3528 aut
402 3471 620 3528 dissertationem
632 3469 857 3541 philosophicam,
876 3468 1031 3526 avidissime
1041 3467 1155 3538 perlegi.
1184 3468 1248 3522 Non
1266 3467 1333 3524 satis
1351 3464 1429 3536 potui
1447 3467 1542 3536 exqui-

180 3563 263 3618 m'nm
281 3568 360 3618 tuam
377 3558 556 3615 eruditionem
574 3567 603 3614 ιι
616 3558 713 3627 judicii
736 3557 926 3614 dexteritatem
944 3557 1084 3622 admirari,
1105 3573 1161 3626 qua
1185 3554 1275 3611 dubiis
1292 3555 1360 3612 ιιιιι
1384 3554 1541 3612 satisfecisti

183 3661 212 3707 ιι
228 3652 344 3718 iusuper
359 3646 493 3716 judicium
510 3661 574 3702 rere
591 3645 768 3702 christianum
786 3646 821 3702 de
838 3646 978 3716 praesenti
996 3644 1129 3702 ecclesiae
1147 3649 1223 3700 statu
1240 3643 1410 3715 suggessisti.
1424 3645 1428 3664 '
1440 3644 1500 3700 Nae
1511 3647 1542 3698 ιιι
1624 3670 1628 3678 ·

183 3738 251 3794 milri
269 3745 369 3808 terque
386 3741 539 3805 quaterque
556 3734 622 3789 felir
641 3749 680 3803 es,
700 3734 747 3804 qui
764 3740 822 3788 ιιιι
839 3733 965 3802 ingentes
977 3733 1122 3790 thesauros
1140 3733 1275 3790 humanae
1287 3740 1316 3790 et
1335 3732 1442 3788 divinae
1454 3731 1541 3788 scieu-

185 3827 239 3884 tiae
251 3823 380 3896 possides
400 3831 428 3878 et
444 3829 523 3878 tauta
534 3820 700 3878 dexteritate
718 3823 805 3878 ardua
818 3837 942 3892 quaeque
960 3831 988 3877 ιι
999 3821 1136 3878 communi
1153 3822 1291 3878 bominum
1308 3819 1460 3877 intellectui
1479 3819 1541 3875 abs·

186 3914 296 3972 condite
318 3913 394 3968 nosti
417 3925 527 3978 cruere,
546 3910 671 3980 judicare
694 3919 722 3968 et
746 3911 874 3980 scopulos
897 3925 1019 3965 errorum
1043 3917 1072 3965 et
1096 3907 1254 3966 offendiculi
1271 3916 1327 3964 tam
1354 3915 1433 3964 cante
1453 3907 1540 3962 decli·

186 4017 249 4058 aare
260 4009 290 4058 ιι
307 4001 438 4056 ιιιιιιιιιι
449 3999 478 4053 in
487 3998 584 4054 mediis
596 3998 765 4054 aniramibus
778 3997 903 4054 vitiorum
920 4005 977 4054 tam
994 3999 1116 4055 studiose
1124 3987 1125 3992 ¹
1134 4001 1220 4069 sequi.
1244 3999 1289 4054 Ad
1307 3998 1433 4053 eximiam
1449 3995 1539 4066 philo·

186 4089 299 4159 sophiae
316 4087 504 4156 cognitionem
522 4086 597 4143 Deus
615 4101 697 4142 sorae
715 4085 826 4155 pietalis
839 4085 940 4142 donum
957 4087 986 4141 in
1002 4093 1032 4143 ιι
1044 4086 1167 4154 contulit,
1185 4087 1223 4142 ita
1242 4086 1360 4157 quidem,
1379 4092 1409 4141 ut
1420 4087 1539 4140 hnmana

185 4177 316 4247 sapientia
333 4174 448 4231 exculta
459 4173 489 4228 iu
501 4179 528 4230 ιι
540 4175 610 4230 ratio
628 4175 737 4231 minime
755 4181 895 4246 pervertat
907 4175 1008 4232 Christi
1026 4191 1145 4246 sensum,
1165 4181 1194 4232 et
1206 4182 1236 4233 ιιι
1248 4175 1350 4244 ubique
1364 4172 1460 4243 judicii
1472 4171 1539 4227 dex·

186 4265 291 4322 tentato
313 4260 460 4334 praeditus
484 4261 629 4331 genuinam
658 4262 713 4318 acia
741 4261 903 4318 sententiam
925 4260 1027 4333 eligere
1054 4270 1084 4318 ιι
1106 4279 1200 4320 verum
1223 4262 1333 4320 aluiso
1361 4261 1537 4330 distinguere,

186 4355 260 4412 Certe
277 4349 479 4410 adhormtioue
502 4347 564 4419 illa,
591 4365 673 4418 quam
695 4349 730 4406 de
753 4347 858 4406 afflicta
880 4349 1014 4407 ecclesiae
1036 4350 1192 4408 conditione
1209 4357 1238 4406 ιι
1254 4349 1389 4406 communi
1408 4337 1538 4404 scandalo

180 4444 303 4516 injecisti,
324 4440 445 4498 mirifica
464 4455 524 4496 snm
541 4439 656 4496 affectus
675 4445 704 4493 at
715 4443 824 4494 erectus
825 4477 915 4498 .....
945 4441 978 4496 Iu
989 4439 1104 4496 eandem
1115 4446 1206 4497 ιιιιιιιι
1217 4439 1354 4496 descendo
1367 4435 1536 4507 seutentiam,

175 4539 262 4595 Deum
280 4549 340 4591 non
360 4536 472 4588 mutum
489 4534 604 4585 externa
627 4527 725 4585 ιιιιιιιι
747 4541 862 4599 amana,
886 4535 953 4601 puta
974 4529 1086 4586 verbum
1104 4534 1133 4584 ιι
1150 4531 1332 4594 samamenta,
1357 4523 1455 4594 quibus
1474 4524 1537 4580 risi·

173 4629 232 4688 tilia
250 4621 396 4684 ecclesiae
415 4617 592 4687 congregatio
609 4616 637 4672 iu
655 4632 739 4672 uuam
757 4631 856 4687 corpus
874 4616 992 4689 coaluit,
1010 4617 1060 4673 sed
1078 4617 1172 4676 omnia
1186 4613 1268 4669 ιιιιιιιι
1286 4616 1441 4680 magnatum
1458 4625 1536 4682 prae·

167 4720 235 4780 sidia
253 4713 343 4775 nobis
363 4709 446 4764 huuc
462 4707 492 4761 ia
509 4705 591 4762 inem
609 4704 771 4762 subtrahere
785 4711 814 4761 ιι
830 4706 956 4778 abolere,
974 4714 1007 4764 nt
1022 4705 1076 4776 ipsi
1093 4703 1147 4762 soli
1164 4701 1258 4771 fidere,
1276 4697 1350 4754 verbi
1369 4699 1422 4755 rim
1440 4705 1469 4758 et
1484 4699 1537 4757 vir·

164 4817 249 4874 mm
269 4803 340 4865 siae
360 4810 421 4874 ope
439 4794 562 4858 humeae
579 4793 682 4856 cantho
700 4801 737 4867 ιι,
753 4801 786 4852 ιιι
802 4795 902 4856 uiues
919 4795 1084 4860 ιιιιιιὶιιιοι
1102 4791 1189 4860 decet,
1207 4789 1236 4846 in
1252 4803 1357 4848 summa
1378 4789 1536 4860 infirmitate
