3612 5538
302 395 388 470 1026
711 414 717 422 ·
812 397 876 456 vita
891 395 1006 458 Joauuis
1024 399 1144 472 Koplsri.

300 578 464 640 Harmonia
492 579 580 639 etiem
611 578 641 636 ln
668 591 794 652 errores,
826 579 934 655 quibos
964 560 1161 640 astronomiae
1190 594 1270 638 nora
1295 578 1428 656 jaetnrm
1456 573 1644 638 fundamenta

300 667 458 746 lmplleltus
480 673 551 740 erat,
574 681 633 724 neu
656 664 770 727 dubitet
792 665 929 729 iuducere
950 667 1076 728 lectores
1099 668 1166 750 („ut
1195 672 1278 726 tanto
1305 665 1411 727 melius
1437 671 1566 738 constet,
1594 681 1644 724 cur

298 756 376 817 bano
397 755 581 834 potissimum
604 755 683 814 uiam
705 749 855 830 irsrim“).
886 755 1059 833 Epitome
1081 755 1338 816 Astrcuemiae
1362 752 1644 831 Gopernicanec

298 861 387 918 uere,
409 842 448 902 ad
470 859 558 920 quam
580 857 658 902 nuno
681 843 846 915 transimus,
869 840 899 902 id
921 843 1012 903 babet
1033 845 1112 918 nevi,
1135 841 1266 920 quodie
1289 859 1325 902 ea
1347 840 1491 918 Keplerus
1513 841 1645 916 magistri

298 933 361 1009 agit
382 936 480 1010 partes
503 936 532 990 et
554 928 634 1006 qood
655 946 771 990 summa
792 931 902 1007 ingenii
924 933 955 990 vi
977 932 1195 1008 excogitaverat
1223 929 1300 989 idem
1322 931 1396 988 mira
1424 927 1544 988 solertia
1571 929 1645 986 tiro-

297 1021 386 1080 uibus
414 1017 527 1078 tradere
550 1018 684 1078 instituit.
738 1015 797 1092 Qul
824 1017 899 1078 liber
928 1025 1009 1078 tauta
1037 1020 1218 1097 compositus
1246 1024 1291 1077 est
1321 1017 1527 1095 perspicuitate
1556 1021 1645 1090 atque

298 1105 459 1180 euidentia,
483 1112 516 1163 nt
537 1105 574 1164 iis
597 1106 647 1182 qui
671 1105 736 1181 ejus
759 1104 795 1169 da
818 1103 914 1166 Marte
929 1105 977 1165 vel
993 1103 1029 1166 ds
1044 1104 1208 1182 Harmonia
1228 1101 1333 1164 librum
1348 1104 1541 1182 perlegerunt,
1564 1118 1646 1160 sum-

298 1213 377 1254 mam
400 1203 518 1253 mereat
541 1192 776 1265 admirationem
800 1209 896 1270 neque
918 1192 1038 1254 dubium
1062 1201 1116 1268 est,
1139 1194 1210 1270 quin
1233 1209 1269 1252 ca
1290 1207 1336 1250 ros
1358 1193 1414 1270 ipsi
1431 1193 1503 1250 mira
1517 1191 1554 1248 sit
1572 1190 1644 1260 risa,

298 1284 407 1361 qnippe
429 1283 480 1356 qui
503 1279 590 1340 mede
610 1280 679 1356 joce
701 1279 790 1339 mode
812 1283 889 1342 serio
911 1279 1007 1340 soleat
1029 1279 1065 1340 de
1080 1289 1188 1358 agnato
1204 1278 1389 1338 obscuritatis
1411 1280 1484 1337 uitio
1507 1278 1645 1352 conqueri

297 1369 394 1446 (relnt
415 1368 584 1444 Brenggero
607 1369 702 1428 amico
724 1368 838 1427 scribit:
874 1384 982 1449 „quam
1005 1370 1035 1426 in
1058 1375 1109 1427 tue
1132 1367 1211 1446 stylo
1234 1365 1384 1426 mirilicam
1406 1366 1643 1443 perspicuitatem

297 1455 459 1530 exercetor,
484 1472 519 1515 ea
540 1453 613 1513 milri
635 1453 762 1516 naturali
786 1457 858 1515 uitio
886 1473 975 1534 saepe
999 1451 1125 1531 deest“).
1170 1453 1248 1530 Quin
1271 1457 1358 1514 etiam
1387 1459 1470 1512 teuta
1497 1459 1543 1512 est
1564 1450 1643 1510 illius

207 1611 211 1618 ,
296 1545 447 1623 lipltemes
469 1543 663 1622 praestantia,
694 1548 727 1602 ut
748 1543 811 1602 sine
840 1559 948 1620 magno
974 1541 1076 1604 labore
1098 1545 1128 1602 iu
1159 1540 1363 1620 compendium
1385 1539 1582 1600 muouemiae
1606 1537 1644 1598 ed

295 1631 385 1710 bana
407 1633 512 1692 aetatis
534 1647 620 1690 nsum
642 1631 737 1708 possit
758 1631 898 1704 converti,
922 1637 1012 1708 atque
1033 1632 1097 1692 siue
1119 1630 1210 1691 dnbio
1233 1627 1338 1705 maj0ri
1361 1629 1425 1688 neni
1456 1628 1530 1688 toret
1552 1643 1640 1703 quam

295 1719 379 1780 multi
407 1716 551 1796 ejusmodi
579 1716 663 1791 libri,
694 1729 768 1793 quoe
797 1719 937 1794 proximis
964 1721 1083 1795 triginta
1110 1719 1195 1778 anuis
1225 1717 1334 1777 librarii
1363 1731 1471 1791 magna
1492 1715 1642 1774 hominurn
1725 1733 1731 1740 ·

296 1805 427 1868 discendi
449 1804 609 1882 cupiditate
633 1803 751 1882 impulsi
775 1804 979 1882 vulgaverunt.
1025 1805 1059 1864 ln
1082 1823 1117 1866 ea
1140 1805 1284 1866 elementa
1299 1805 1503 1876 astronomiae,
1527 1801 1643 1879 qualem

294 1893 442 1972 Keplerus
464 1910 529 1952 eam
552 1891 589 1952 de
612 1895 723 1968 integre
745 1891 934 1967 laudaverat,
962 1892 1193 1954 luculentissime
1221 1898 1404 1968 exponuntur
1426 1897 1455 1951 et
1476 1907 1523 1950 res
1544 1891 1583 1950 ab
1606 1905 1642 1950 eo

294 1984 431 2042 intentae
454 1981 593 2057 legesque
614 1982 653 2039 ab
669 1996 705 2040 eo
727 1987 856 2040 statutae
878 1997 943 2040 cnm
966 1980 1080 2057 reliqna
1095 1981 1290 2041 astronomica
1312 1976 1466 2056 disciplina
1479 1983 1548 2054 apte
1570 1993 1643 2037 cco-

289 2069 462 2148 juoguntnr.
502 2067 640 2127 Alienum
656 2074 787 2127 anostra
809 2068 922 2134 ratione
944 2067 974 2126 id
998 2085 1088 2128 unum
1110 2076 1163 2142 est,
1188 2066 1267 2143 qued
1290 2083 1355 2125 earu
1371 2065 1549 2126 catecbetieo
1563 2081 1644 2125 mere

293 2158 467 2234 composuit,
490 2171 668 2233 quamquam
692 2154 771 2213 illios
794 2155 933 2231 temporis
954 2153 1111 2230 lectoribus
1126 2173 1163 2216 ea
1177 2155 1271 2214 terma
1284 2170 1471 2230 nequaquam
1485 2168 1565 2212 nera
1579 2153 1643 2210 luit

288 2243 373 2318 Ideo,
397 2259 486 2319 qnum
513 2250 577 2302 tota
603 2243 727 2303 materie
752 2244 783 2299 ln
813 2243 1054 2318 interrogationes
1081 2250 1111 2304 et
1132 2258 1273 2319 responsa
1299 2241 1458 2313 dirimatur,
1481 2257 1570 2318 saepo
1593 2255 1645 2298 ac·

293 2331 372 2405 uidit,
396 2338 429 2390 et
451 2331 695 2406 interrogationes
717 2331 803 2387 nimis
827 2328 914 2406 longe
936 2337 1113 2407 repetantur.
1152 2329 1287 2390 Ceterum
1302 2327 1491 2406 plurimarum
1513 2325 1646 2404 discipli-

291 2435 394 2479 narum
426 2417 569 2478 elementa
591 2425 653 2476 tum
675 2415 779 2478 eodem
802 2415 889 2476 mode
910 2417 985 2476 tradi
1007 2417 1156 2492 solebant,
1180 2433 1303 2493 eamque
1326 2418 1447 2476 termam
1471 2421 1503 2474 ut
1526 2413 1645 2491 eligeret

292 2522 382 2583 quum
404 2505 471 2566 aliis
493 2505 580 2564 robus
602 2513 663 2564 turu
687 2521 722 2564 ea
745 2521 835 2563 causa
848 2502 994 2580 Kepleros
1018 2503 1133 2564 ridetur
1154 2503 1298 2564 adductus
1312 2520 1389 2578 esse,
1421 2501 1501 2578 quod
1523 2505 1587 2579 ipse
1609 2517 1645 2560 ex

291 2593 441 2654 Maestlini
464 2593 539 2651 libre
556 2591 658 2654 eadem
680 2593 792 2653 ratione
808 2593 972 2668 consmipte
987 2591 1135 2668 quondam
1154 2593 1362 2652 mnenemlam
1377 2590 1526 2650 didicerat
1558 2587 1644 2664 Quid,

209 2708 213 2714 ·
291 2681 371 2758 quod
393 2679 441 2742 uel
464 2681 541 2758 typis
563 2679 681 2756 ligneis,
706 2696 780 2756 ques
802 2677 976 2739 Maestlinus
990 2678 1028 2738 ad
1043 2697 1126 2740 suam
1141 2679 1295 2756 Epitemen
1310 2676 1512 2738 illustrandam
1533 2675 1645 2736 ienen-

292 2768 345 2830 dos
368 2777 530 2840 curaverat,
554 2769 597 2826 uti
619 2769 648 2825 lu
673 2770 770 2827 animo
793 2766 906 2828 habuit.
946 2766 1049 2843 Neque
1071 2783 1141 2828 vero
1164 2773 1217 2840 cet,
1242 2767 1319 2844 qued
1343 2765 1508 2838 doleamus,
1531 2763 1645 2824 Masat-

292 2857 385 2916 llnum
407 2853 536 2932 Keplerc
558 2856 673 2932 roganti
696 2871 747 2920 ecs
769 2871 828 2914 uuu
850 2855 1032 2931 permisisse:
1064 2854 1122 2914 illis
1143 2855 1220 2914 enim
1248 2855 1348 2930 liguris
1373 2852 1513 2912 adhibitis
1537 2852 1585 2912 lric
1608 2848 1645 2910 ad

290 2942 447 3003 multorum
470 2945 696 3002 inveteratorum
711 2943 909 3002 astronomiae
932 2959 1061 3004 errorum
1083 2959 1235 3002 censuram
1258 2943 1392 3002 aberrare
1414 2947 1535 3000 coaetus
1557 2943 1644 2998 meet.
1743 2987 1751 3012 ,

291 3029 412 3107 Kepleri
434 3028 554 3108 figurae,
579 3045 757 3106 quamquam
779 3047 798 3088 a
818 3029 1002 3106 xylogrepbo
1016 3047 1118 3106 parum
1134 3028 1285 3089 commode
1304 3045 1460 3104 expressae
1482 3027 1645 3104 partimque

291 3124 351 3178 tam
374 3115 450 3176 male
473 3115 620 3189 redditae,
644 3124 676 3175 ut
699 3115 856 3176 nonnullae
877 3115 974 3177 lineae
996 3125 1026 3176 et
1046 3116 1147 3176 literae
1175 3115 1213 3176 nd
1236 3118 1444 3176 sententiarum
1467 3113 1645 3174 intellectum

291 3221 410 3282 prorsus
432 3207 615 3265 necessariae
637 3221 724 3280 aegre
746 3213 957 3280 agnoscantur,
981 3211 1079 3264 tamen
1101 3203 1251 3264 Maestliui
1273 3203 1373 3279 liguris
1395 3200 1488 3262 multe
1511 3201 1646 3262 meliores

270 3301 322 3354 .et
344 3293 471 3368 aptiores
493 3299 570 3351 snut.
608 3290 706 3369 Atque
728 3291 784 3352 lroc
798 3289 923 3367 aliisque
946 3292 1072 3352 externis
1095 3293 1238 3367 epitomes
1252 3290 1447 3366 Kepleriauao
1463 3291 1543 3349 vitiis
1567 3291 1646 3365 (per-

292 3387 448 3456 angustum
472 3380 547 3438 enim
570 3387 616 3439 est
637 3380 810 3455 paginarum
832 3381 974 3455 spatium,
998 3377 1077 3454 qnod
1100 3379 1139 3438 ad
1162 3377 1311 3440 Manstliui
1333 3394 1406 3454 epus
1428 3376 1647 3438 accuratissime

292 3464 543 3527 accommodatum
566 3472 625 3540 eat,
656 3465 760 3526 literne
789 3475 891 3526 tenues
914 3472 944 3527 et
963 3481 1053 3544 saepe
1076 3467 1202 3542 pessime
1223 3481 1388 3542 expressae,
1411 3464 1512 3524 charta
1535 3462 1603 3522 uilis
1618 3470 1647 3522 et

292 3554 431 3614 subfusca
453 3551 501 3614 vel
525 3550 727 3634 soboaernlea)
749 3553 858 3614 lanum
881 3569 945 3614 esse
969 3553 1098 3626 videtur,
1128 3561 1162 3613 ut
1189 3569 1284 3630 usqne
1312 3561 1373 3612 tom
1401 3557 1473 3628 quet
1502 3567 1556 3628 par
1584 3557 1647 3610 erat

291 3641 417 3702 lectores
439 3648 526 3701 nacta
548 3643 600 3714 sit,
631 3649 660 3700 et
682 3641 891 3701 recentioribus
918 3657 1013 3717 posue
1044 3643 1146 3716 ignota
1174 3641 1321 3701 manserit.
1367 3639 1428 3700 Nes
1450 3637 1558 3698 multas
1581 3637 1647 3698 illas

291 3728 400 3806 figuras
430 3727 579 3806 pulchrius
610 3735 640 3788 et
669 3731 770 3805 purius
799 3729 958 3804 exprimere
990 3728 1167 3800 auduimus,
1205 3730 1331 3804 optime
1353 3744 1406 3786 uos
1436 3725 1647 3801 adjuvantibus

291 3819 409 3894 egregie
431 3823 531 3876 nostre
553 3817 649 3874 amico
663 3815 791 3890 Kellero,
815 3815 977 3892 prelssserc
999 3818 1131 3892 picturae
1151 3813 1270 3875 linearis
1293 3816 1323 3873 iu
1345 3813 1448 3876 ecbola
1461 3811 1533 3874 reali
1549 3811 1646 3872 Stutt-

291 3906 425 3982 gartiana
455 3911 485 3963 et
507 3900 656 3978 Allgaierc
687 3909 717 3963 et
741 3902 821 3980 Sigla
853 3903 961 3962 inclitis
989 3903 1179 3980 xylegrapbis
1207 3901 1444 3978 Stuttgartianis,
1475 3901 1526 3977 qui
1557 3903 1646 3961 etiam

292 3999 404 4052 eeteros
426 3989 515 4066 hujus
536 3988 603 4049 libri
625 3989 741 4050 tabulae
770 3990 849 4068 ligno
873 3990 1075 4068 exprimendas
1100 3997 1284 4050 curaverunt
1329 3989 1431 4064 lmego
1456 3987 1542 4048 titulo
1572 3989 1647 4048 sexti

201 4120 205 4130 t
291 4078 459 4151 voluminis,
483 4075 562 4153 qued
584 4075 737 4154 Epitomon
760 4087 790 4138 et
811 4077 952 4154 moj0rem
974 4085 1086 4154 partem
1103 4076 1283 4139 Tabularum
1298 4076 1551 4153 Rndolpbiuurnm
1574 4091 1647 4137 con·

291 4167 379 4241 tinet,
410 4164 550 4241 adjuncta
572 4164 731 4225 secuudum
753 4165 872 4242 Kopleri
901 4164 1049 4246 exemplar
1071 4183 1090 4226 a
1111 4163 1231 4225 Kollero
1253 4165 1417 4242 professore
1448 4162 1596 4225 delineata
1618 4171 1647 4222 et

259 4283 262 4288 ·
293 4253 506 4329 aDertingerc
529 4250 741 4329 Stuttgartiane
773 4252 987 4331 cbaleegrapbo
1010 4269 1119 4314 excusa
1140 4259 1194 4312 eet.

399 4341 550 4417 Epitemce
579 4348 780 4416 argumentum
806 4341 869 4418 jam
902 4339 961 4403 vol.
985 4339 1037 4400 Vl.
1068 4357 1136 4418 pag.
1165 4345 1270 4400 4-13
1304 4341 1453 4417 copiosius
1483 4337 1645 4412 retulimus,

294 4426 421 4503 ideoque
443 4443 692 4503 superuacaneum
716 4435 760 4488 est
783 4426 838 4488 lroo
861 4427 890 4488 ld
912 4427 978 4488 loce
1000 4436 1140 4504 repetere.
1186 4427 1222 4486 ld
1244 4445 1335 4490 unum
1358 4427 1521 4504 adjiciatur,
1547 4417 1646 4496 earnm

292 4532 397 4590 rerum,
421 4516 527 4591 quibus
550 4514 608 4575 hcc
630 4513 750 4592 Keplerl
775 4531 848 4591 epus
872 4533 890 4575 a
915 4514 1061 4575 similibus
1092 4516 1207 4592 scriptis
1230 4523 1260 4576 et
1281 4515 1413 4592 ejusdem
1436 4523 1466 4574 et
1488 4515 1594 4590 prioris
1617 4520 1646 4572 et

293 4603 500 4680 subsequentis
523 4604 660 4678 temporis
683 4601 778 4662 differt
799 4605 893 4677 lisque
915 4608 1054 4679 praestat,
1077 4618 1247 4680 nourpcsse
1268 4619 1413 4662 summam
1435 4600 1556 4662 centini:
1581 4617 1644 4660 cru-

294 4691 379 4750 ulbus
402 4693 480 4751 enim
507 4691 640 4766 partibus
662 4706 770 4750 novum
793 4697 882 4764 atque
909 4693 1026 4750 unicum
1049 4698 1110 4764 est,
1134 4697 1166 4750 ut
1188 4688 1309 4767 Kepleri
1332 4687 1438 4767 Opticu
1461 4697 1491 4748 et
1512 4690 1587 4750 liber
1608 4686 1644 4747 de

293 4773 389 4838 Marte
412 4778 601 4852 conscripum,
624 4775 750 4853 ideoque
773 4773 884 4836 nullam
908 4779 1027 4836 omniuo
1049 4777 1120 4838 licet
1134 4780 1382 4854 comparationem
1398 4778 1549 4837 instituere
1571 4777 1660 4856 iuter

293 4861 367 4924 illud
389 4872 419 4926 et
441 4861 552 4926 debilia
575 4879 675 4927 eorum
697 4862 813 4941 studia,
836 4865 888 4941 qui
909 4873 962 4926 aut
985 4871 1113 4928 voterem
1136 4869 1345 4928 mnenomlam
1367 4883 1386 4926 a
1408 4866 1575 4927 restitutore
1595 4869 1643 4923 at·
