3662 5544
261 432 325 504 772
772 430 837 490 Vita
853 431 970 491 loannis
987 431 1110 505 liepleri.

258 617 288 674 in
311 631 358 674 me
380 613 483 672 merita
504 619 574 672 sunt
595 611 702 674 viliora
723 612 847 690 reddita,
871 621 1027 694 postquam
1047 614 1110 692 jam
1126 611 1240 690 aliquot
1254 629 1349 672 annos
1368 612 1440 674 mibi
1454 613 1614 674 laetissime

258 701 442 786 tructidcant,
465 717 561 778 usque
584 703 706 764 verbum
724 721 803 764 ame
820 703 929 762 dictum
945 705 1076 764 revocari
1100 701 1298 778 indictumque
1314 701 1375 762 deri
1392 709 1490 778 potest
1504 702 1615 760 multo-

259 791 434 866 queminus
457 789 595 848 iniectum
624 808 783 852 vanescere
814 790 911 852 debet.
958 792 1068 868 Accipe
1091 792 1179 867 igitur
1201 809 1220 851 a
1242 807 1289 852 me
1310 789 1388 850 banc
1413 807 1496 850 meae
1519 791 1549 850 in
1571 789 1615 849 'l'c

255 877 438 952 justissimae
460 878 622 938 uoluntatis
644 878 888 956 significationem
912 886 967 938 etc

363 985 530 1042 Barwitio
548 985 617 1042 haec
634 986 721 1044 refert
738 987 875 1056 Kepleras
894 987 978 1056 (VIII.
995 985 1036 1041 ld.
1050 985 1124 1055 Sept.
1142 986 1233 1054 lidii:
1253 979 1327 1042 Cum
1344 983 1486 1060 superiori
1502 988 1615 1042 aestate

258 1069 288 1126 in
310 1067 439 1146 Styriam
461 1069 608 1147 proiectus
636 1089 731 1132 assem
754 1070 907 1132 domestici
929 1073 1040 1146 negotii
1063 1087 1178 1142 causa„
1197 1071 1275 1130 bono
1298 1068 1428 1146 quodam
1450 1070 1614 1130 studiorum

257 1173 389 1216 meorum
411 1157 473 1216 lato
495 1159 610 1231 accidit,
634 1168 667 1218 ut
681 1158 816 1218 venalem
833 1157 945 1218 Grastii
969 1159 1130 1217 invenirem
1153 1157 1285 1218 libellum
1301 1156 1451 1216 Laurentii
1467 1156 1614 1236 Suslygse

258 1243 373 1318 Poloni,
397 1246 444 1302 eui
468 1245 584 1306 titulum
607 1247 691 1306 lecit:
723 1247 770 1306 De
792 1247 879 1306 Auno
903 1253 983 1306 ortus
1006 1253 1036 1306 et
1057 1247 1160 1306 mortis
1183 1245 1312 1304 Domini.
1358 1245 1452 1322 Cujus
1474 1245 1541 1305 libri
1564 1263 1614 1304 ar-

257 1337 398 1407 gumento
420 1332 541 1394 mirifice
568 1333 732 1394 delectatus
762 1337 846 1412 coepi
878 1334 914 1394 de
946 1351 982 1393 eo
1003 1334 1042 1392 ad
1073 1351 1168 1394 meum
1198 1333 1332 1392 libellum
1355 1332 1391 1392 de
1413 1333 1501 1392 Nova
1522 1332 1615 1392 Stulte

258 1417 446 1496 Serpentarii,
471 1438 557 1497 quem
582 1429 651 1482 tunc
675 1421 845 1494 meditabar,
869 1419 1119 1482 accommodando
1143 1424 1272 1498 cogitare
1274 1463 1382 1481 .....
1429 1420 1503 1480 Cum
1527 1423 1615 1496 igitar

257 1504 482 1585 descriptionem
505 1510 599 1586 ipsam
615 1508 735 1584 Stellae,
760 1527 795 1570 cx
812 1509 909 1570 oificio
931 1511 1079 1587 scriptam,
1103 1509 1182 1569 Suae
1198 1509 1281 1568 Caes.
1298 1507 1450 1584 Majestati
1471 1515 1504 1566 ut
1527 1507 1615 1568 debui

258 1591 464 1669 dedicaverim,
487 1595 564 1656 hanc
587 1600 691 1657 unicae
714 1597 802 1673 bujnn
819 1599 1053 1666 circumstantiae
1069 1599 1272 1675 temporariae,
1297 1605 1387 1674 quoto
1410 1607 1489 1680 unnp
1507 1595 1613 1654 Christi

256 1681 371 1742 fulserit
393 1691 494 1744 nostra
516 1681 619 1758 stella,
652 1683 894 1760 elucidationem,
922 1687 952 1744 in
974 1684 1027 1744 illo
1050 1702 1115 1746 meo
1138 1687 1200 1746 otio
1222 1683 1357 1761 Styriaco
1379 1687 1535 1762 scriptam,
1566 1685 1613 1744 cui

255 1771 354 1848 potius
378 1770 507 1844 offeram,
532 1789 621 1849 quam
636 1772 683 1831 lll.
700 1773 786 1832 Dom.
803 1772 895 1844 Tuae,
919 1784 960 1846 ut,
985 1775 1061 1834 sicut
1084 1771 1145 1832 illic
1166 1771 1245 1832 Suae
1259 1771 1412 1848 MaJestati
1435 1771 1523 1831 officii
1543 1773 1612 1844 mei,

256 1859 299 1916 sic
321 1857 369 1918 bic
391 1860 443 1919 otii
467 1877 518 1938 per
539 1859 583 1920 'l'e
605 1861 676 1920 mibi
706 1864 853 1939 procurati
883 1863 1025 1920 rationem
1048 1859 1116 1920 'libi
1145 1859 1290 1920 reddam?
1329 1859 1483 1919 Accedunt
1505 1857 1551 1920 lli.
1576 1859 1613 1918 D.

256 1943 340 2004 Tuae
362 1947 466 2005 merita
488 1964 554 2008 cum
577 1950 606 2006 in
637 1957 714 2008 artes
744 1965 845 2009 omnes
875 1959 904 2008 et
925 1950 1110 2028 potissimum
1133 1949 1163 2006 in
1185 1950 1394 2008 astronomiam
1419 1946 1613 2022 Brabeanam,

257 2038 319 2091 tum
340 2050 411 2092 vero
434 2038 464 2094 et
486 2036 515 2092 in
539 2053 638 2095 earum
663 2036 791 2098 cultores
813 2053 919 2114 meque
943 2037 1018 2096 adeo
1042 2038 1148 2113 ipsum,
1172 2041 1205 2093 ut
1227 2052 1351 2112 qnorum
1373 2036 1567 2113 patrocinium
1583 2036 1615 2092 in

255 2119 313 2180 hac
335 2121 472 2196 Augusta
494 2121 574 2183 Aula
596 2125 639 2184 sic
660 2126 824 2202 suscepisti,
851 2133 884 2184 ut
906 2124 982 2183 bane
1003 2121 1131 2200 palmam
1156 2122 1243 2182 cedas
1266 2125 1385 2186 nemini.
1431 2124 1530 2198 Atque
1555 2121 1614 2180 uti-

257 2223 325 2268 nam
347 2207 459 2286 aliquid
482 2227 501 2270 a
523 2227 570 2270 ms
593 2210 737 2289 proficisci
761 2213 863 2290 possit,
888 2211 968 2286 quod
983 2211 1051 2270 'libi
1075 2217 1189 2270 tantum
1211 2211 1308 2287 pariat
1323 2210 1493 2289 voluptatis,
1518 2227 1614 2287 quau-

258 2301 319 2356 tum
342 2313 378 2356 er
402 2296 457 2356 bac
479 2297 545 2357 Tua
569 2298 662 2358 tutela
686 2317 741 2376 ego
764 2301 842 2359 sensi
865 2298 1002 2358 utilitatis
1026 2299 1177 2358 hactenus.
1204 2331 1240 2342 -

358 2395 482 2453 desultae
500 2397 668 2467 Mogontiaci
687 2415 704 2454 a
722 2400 839 2454 Pistoris
859 2397 1004 2467 epistolam
1022 2397 1137 2467 Kepleri
1155 2396 1191 2452 ad
1210 2395 1377 2466 Scaligorum
1395 2403 1446 2456 (lv.
1462 2404 1504 2460 et)
1524 2399 1614 2456 datam

255 2498 328 2538 auno
349 2483 417 2538 tono
436 2484 579 2552 legendam
598 2493 764 2556 acceperunt
784 2501 898 2556 eamque
916 2485 989 2555 typis
1009 2484 1197 2540 excudendum
1221 2484 1276 2540 sibi
1293 2493 1506 2554 proposuerunt
1541 2486 1614 2554 Kep-

258 2570 333 2626 lerus
352 2571 387 2628 ad
407 2573 593 2640 quaestionem
606 2573 731 2629 Jesuitas
745 2573 846 2629 Scrarii
858 2573 1010 2642 respoudit,
1030 2573 1156 2643 priuatim
1174 2587 1205 2627 ss
1223 2572 1259 2626 ad
1278 2573 1444 2643 Scaligsrum
1463 2573 1614 2644 scripsisse,

260 2657 351 2728 itaque
372 2673 477 2728 rogare,
498 2659 634 2728 siquidem
653 2662 762 2718 omniuo
781 2663 960 2718 coustitutum
978 2663 1081 2718 habeat
1100 2661 1181 2717 edere
1202 2660 1361 2731 epistolum,
1380 2667 1412 2716 ut
1428 2659 1457 2715 id
1476 2661 1615 2728 Scaligero

260 2745 397 2814 significet
421 2752 450 2802 et
467 2762 628 2817 responsum
648 2747 682 2802 ab
702 2750 762 2820 ipso
786 2756 878 2819 petat,
903 2749 977 2818 qnod
1002 2749 1138 2819 epistolas
1162 2765 1229 2804 snae
1248 2747 1439 2817 subjungatur.
1476 2747 1614 2817 Scaligero

258 2851 323 2890 vero
342 2835 436 2890 scribit
454 2835 598 2906 Koplerus,
617 2837 750 2893 nuncians
774 2837 815 2892 illi
834 2838 934 2893 Serarii
951 2839 1139 2909 propositum:
1166 2834 1314 2912 Rescripsi
1329 2851 1366 2894 ue
1381 2833 1499 2905 faceret,
1518 2847 1614 2908 neque

260 2922 337 2982 enim
360 2937 500 2980 noueram
523 2921 684 2995 bominem,
707 2939 802 3000 neque
825 2927 941 3000 privata
962 2922 1088 3002 publicis
1110 2923 1225 2982 misceri
1249 2923 1340 2980 volui.
1384 2919 1451 2980 Non
1474 2922 1615 2980 abstinuit

259 3017 367 3082 tarnem
391 3011 460 3084 quin
484 3025 550 3068 meo
572 3011 688 3069 nomine
712 3013 741 3068 in
765 3015 881 3088 nuperis
904 3009 1043 3070 nundinis
1065 3016 1203 3071 uteretur.
1249 3009 1333 3070 Haec
1356 3010 1444 3084 igitur
1465 3009 1502 3069 ad
1522 3017 1560 3080 te,
1583 3013 1616 3066 ut

259 3097 358 3168 scires,
383 3112 429 3154 me
453 3097 545 3156 inscio
567 3095 654 3171 sacta,
678 3105 707 3156 et
729 3113 766 3157 ne
789 3115 849 3175 qua
870 3115 985 3170 remora
1006 3107 1085 3168 esset
1106 3100 1136 3158 in
1159 3097 1342 3176 impetrando
1366 3097 1420 3156 abs
1443 3105 1471 3156 te
1486 3097 1614 3172 negotio,

260 3183 341 3259 quod
363 3181 420 3243 bae
442 3183 568 3262 epistola
589 3201 647 3261 ago
670 3185 796 3261 publice,
820 3203 880 3262 qua
902 3187 978 3247 lecta
1002 3185 1074 3263 quid
1098 3185 1187 3246 velim
1209 3189 1285 3246 scies
1308 3193 1363 3246 etc.
1393 3188 1614 3257 Epistolaqaarn

260 3273 326 3328 dicit
345 3273 498 3344 Keplerus,
523 3275 587 3330 dats
611 3281 654 3330 est
670 3275 782 3331 Octobri
806 3277 869 3330 anni
894 3279 964 3334 1607
983 3284 1011 3332 et
1028 3283 1120 3332 exstat
1138 3278 1155 3330 1.
1177 3293 1201 3330 c.
1217 3293 1245 3346 p.
1266 3277 1319 3334 102
1339 3292 1377 3333 ss.
1413 3267 1524 3332 Initium
1549 3273 1615 3331 iacit

260 3361 396 3430 petendo,
421 3377 456 3416 ne
481 3361 590 3418 sinistre
615 3365 648 3418 de
671 3379 701 3418 se
720 3363 843 3435 Scaliger
866 3366 1000 3434 suspicari
1023 3364 1139 3434 incipiat
1162 3365 1197 3419 ob
1225 3366 1424 3434 ,importunam
1448 3364 1613 3418 mentionem

264 3449 397 3518 epistolae
416 3448 450 3504 ad
471 3456 499 3504 te
519 3450 647 3518 scriptae,
665 3467 746 3520 quam
766 3451 890 3507 Serarius
908 3467 951 3506 me
970 3453 1056 3507 inscio
1075 3459 1172 3509 nactus
1191 3457 1260 3509 est“.
1298 3451 1425 3506 Ceterum
1444 3451 1614 3506 occasionem

261 3539 333 3593 hanc
350 3553 430 3592 suum
454 3538 482 3592 in
507 3553 585 3593 mum
604 3541 697 3610 vertit,
725 3539 788 3595 inde
805 3539 839 3596 ab
857 3555 890 3595 eo
916 3548 1037 3611 tempore
1060 3557 1111 3612 per
1133 3541 1287 3610 complures
1310 3555 1397 3596 annos
1421 3555 1484 3594 cum
1500 3537 1614 3596 Jesuitla

261 3625 459 3695 Hoguntiacis,
482 3627 630 3696 praecipue
652 3627 789 3683 ioanne
813 3625 984 3696 Zieglero,
1009 3627 1143 3684 derebus
1162 3627 1361 3698 chronologicis
1379 3631 1433 3697 (tv.
1454 3635 1504 3683 111
1523 3628 1568 3696 ss.)
1587 3633 1615 3681 et

262 3713 451 3771 astronomicis
472 3718 513 3782 (Π.
534 3719 593 3768 828.
613 3719 670 3768 vll.
689 3717 715 3782 e)
734 3723 921 3771 conversatus.
957 3716 1098 3786 Zieglerus
1116 3717 1201 3772 refert
1220 3718 1254 3772 de
1272 3715 1511 3773 observationibus
1529 3713 1614 3782 eclip-

263 3800 398 3871 sium‚'de
417 3802 540 3871 cometis,
559 3801 673 3856 Romam
691 3803 725 3856 sd
746 3799 866 3857 Clavitrm
884 3803 979 3858 literas
998 3803 1053 3874 dat,
1072 3811 1104 3858 ut
1116 3804 1265 3873 Heplerum
1283 3804 1395 3874 adjuvet
1412 3804 1440 3859 in
1457 3801 1616 3872 colligendis

263 3890 381 3961 plurium
405 3890 546 3960 eclipsium
572 3887 817 3947 observationibus.
848 3891 988 3961 (Occurrit
1011 3891 1039 3946 in
1063 3892 1181 3961 epistola
1204 3891 1323 3960 Zieglsri
1346 3891 1415 3946 mira
1440 3905 1508 3945 sane
1529 3888 1615 3944 Clarii

263 3979 415 4034 confessio:
443 3978 494 4046 ,ds
513 3977 644 4048 'lychnus
666 3992 721 4031 nou
743 3993 856 4047 possum
881 3979 971 4034 dicere
988 3993 1076 4035 meam
1095 3981 1271 4050 sententiam,
1298 3999 1360 4038 cnm
1379 3981 1440 4049 ejus
1459 3993 1543 4048 opera
1561 3993 1616 4033 uon

264 4065 414 4135 viderim.“)
449 4065 574 4121 Honeuti
591 4064 717 4132 Zieglsro
738 4082 788 4130 ,uc
800 4065 923 4138 patiaris,
942 4067 1127 4136 exspectando
1145 4068 1396 4123 mathematicorum
1414 4083 1449 4121 cx
1461 4067 1528 4121 orbe
1541 4067 1616 4120 Chri·

265 4159 353 4212 stiano
377 4171 510 4225 responsa
533 4153 568 4208 de
594 4152 677 4208 solari
703 4153 756 4208 hoc
780 4155 900 4224 deliquio
920 4157 954 4225 (v.
973 4175 992 4210 s.
1011 4175 1039 4226 p.
1059 4159 1132 4224 rot),
1159 4155 1400 4224 Hipparchum
1417 4159 1494 4208 tuum
1513 4152 1614 4207 diutius

266 4245 378 4316 publico
398 4247 518 4308 carere“,
536 4241 679 4309 respondit
696 4242 832 4310 Koplsrus
851 4245 907 4313 (rt.
926 4244 1010 4299 Febr.
1028 4245 1126 4312 studi:
1146 4239 1347 4317 Hipparchum
1369 4255 1466 4298 meum
1488 4255 1614 4314 aequum

155 4341 158 4346 '
265 4339 311 4391 est
332 4347 420 4406 quam
443 4329 659 4388 limatissimum
682 4325 811 4402 prodire,
843 4345 880 4387 ne
910 4320 1148 4388 honestissimum
1172 4327 1288 4387 titulum
1317 4327 1406 4404 paulo
1430 4325 1563 4386 callidius
1586 4333 1615 4384 et

265 4420 448 4494 arrogantius
475 4423 646 4492 susceptum
673 4412 781 4472 foedet.
834 4418 919 4473 Simul
946 4418 1090 4488 profitetur
1118 4434 1148 4474 se
1173 4419 1330 4487 apartibus
1359 4419 1502 4488 doparnici
1528 4425 1613 4474 stare:

267 4506 485 4583 Copcruicanus
509 4513 588 4563 totus
610 4518 684 4575 sum,
708 4517 774 4562 cum
798 4501 836 4560 ob
859 4503 1084 4562 concinnitatem
1105 4505 1219 4578 positus
1242 4506 1357 4564 orbium
1380 4511 1410 4563 ct
1431 4503 1510 4563 Solis
1532 4505 1613 4581 φιλο·

267 4613 481 4672 ooqraorasqr,
513 4591 586 4652 nibil
609 4590 710 4650 contra
731 4588 901 4665 proficiente
926 4589 1083 4650 Aristotele
1106 4589 1181 4651 libro
1203 4588 1243 4649 Il.
1270 4591 1309 4650 de
1332 4591 1439 4666 Coelo,
1469 4607 1526 4668 quo
1547 4590 1612 4649 loco

268 4680 466 4741 Aristarchum
500 4699 534 4740 ex
565 4679 696 4757 professo
726 4677 852 4736 refutare
881 4677 982 4736 nititur
1009 4679 1063 4738 snb
1091 4677 1363 4756 Pythagoraeorum
1392 4681 1521 4752 nomine,
1552 4685 1613 4736 tum

268 4769 355 4826 etiam
378 4771 416 4828 ob
439 4769 611 4846 Hysterium
636 4765 925 4842 Cosmograplricum,
948 4783 1025 4824 anno
1050 4772 1100 4825 96.
1124 4766 1249 4840 editum,
1274 4775 1304 4828 et
1327 4783 1448 4843 corpora
1469 4765 1615 4844 regularia

268 4854 343 4914 iuter
365 4857 459 4919 orbes.
503 4857 551 4917 Ita
572 4855 645 4916 nihil
668 4871 715 4916 me
737 4851 905 4932 parallaxes
926 4854 1079 4930 ignoratae
1100 4869 1276 4932 suspensum
1297 4859 1406 4916 tenent.
1423 4897 1431 4916 .
1449 4898 1482 4917 ..
1526 4853 1616 4917 Hisce
