3624 5554
817 414 894 472 159⁷.
1023 395 1026 400 “
1429 414 1527 488 quq
1593 497 1602 516 .

166 606 229 666 uec,
252 589 373 654 caedere
397 592 493 654 velint
514 611 551 654 au
574 611 649 669 uon,
678 610 807 672 unquam
830 611 928 656 secum
951 595 1009 673 ipsi
1031 595 1169 672 cogitant
1213 596 1303 656 Docti
1331 596 1523 674 mediocriter,

168 695 226 754 quo
247 689 318 740 suut
339 681 556 759 prudentiores,
579 682 635 743 hoo
658 687 772 744 centina
794 699 859 744 sese
880 685 1044 744 immiscent
1064 683 1145 744 hisce
1167 683 1441 746 mathematicorum
1461 685 1524 746 liti-

168 767 233 828 bus.
271 766 352 844 Quin
368 773 429 830 imo
445 769 580 830 fascinari
604 777 742 847 possunt,
765 771 844 848 qnod
867 778 1005 848 expertus
1027 771 1141 848 loquor,
1165 775 1340 833 anctoritate
1355 772 1523 834 matheseos

169 858 344 932 peritorum3
373 866 406 918 ut
433 874 500 918 oum
523 859 661 932 audiunt,
693 875 767 934 quas
795 859 857 934 jam
887 859 1048 920 babeamus
1070 859 1279 936 Ephemerides
1309 877 1345 920 ex
1368 861 1524 936 Copernici

169 943 383 1022 hypothesibus
416 953 576 1018 extructae,
611 948 778 1023 quicunque
810 946 898 1010 hodio
928 948 1057 1008 scribent
1084 946 1293 1025 Ephemerides
1331 947 1524 1033 Ceperoioum

172 1047 272 1092 omues
295 1034 390 1110 sequi,
415 1042 448 1093 ut
469 1051 534 1094 cum
556 1034 594 1093 ab
617 1036 690 1112 ipsis
713 1033 888 1112 postulatur,
912 1043 945 1096 ut
967 1033 1143 1108 concedant,
1164 1035 1244 1112 quod
1267 1037 1383 1096 nonnisi
1406 1037 1435 1094 in
1458 1055 1524 1096 ma-

172 1117 245 1178 thesi
275 1120 417 1182 institutis
431 1120 636 1202 ,demonstrari
665 1125 772 1199 possit,
802 1123 1006 1200 phaenomena
1034 1125 1097 1183 siue
1119 1132 1202 1184 motu
1224 1123 1332 1185 Terrae
1362 1123 1523 1186 consistere

172 1224 227 1266 non
251 1225 350 1285 posse.
386 1204 468 1270 Nam
496 1211 552 1270 etsi
582 1209 656 1272 haec
676 1209 828 1288 postulata
858 1210 905 1270 vel
928 1215 1122 1288 pronunciata
1143 1227 1203 1272 nou
1225 1218 1294 1272 sunt
1315 1210 1523 1288 demonstrata,

172 1301 239 1354 sunt
266 1305 364 1356 mmeu
392 1313 411 1356 a
439 1314 497 1358 nou
528 1297 742 1358 mathematicis
771 1298 967 1360 concedenda.
1019 1300 1151 1375 Cumque
1181 1301 1240 1358 sint
1270 1317 1358 1373 vera,
1387 1297 1438 1359 cur'
1464 1316 1524 1358 non

171 1398 223 1459 pro
247 1383 475 1444 irrefutabiliboa
498 1384 744 1447 obtunderentur?
780 1385 905 1447 Restant
927 1389 1015 1463 igitur
1037 1387 1093 1446 soli
1115 1387 1324 1461 mathematici,
1348 1388 1523 1463 quibuscum

172 1470 276 1547 majori
298 1471 400 1533 labore
422 1475 528 1550 agitur.
573 1473 599 1534 Ii
622 1492 689 1534 cum
711 1491 817 1536 nomeu
844 1474 911 1534 iude
934 1474 1081 1548 babeant,
1104 1491 1163 1534 nou
1187 1473 1351 1535 concedunt
1373 1474 1524 1551 postulata

172 1560 234 1618 aine
249 1557 508 1626 demonstratione.
546 1559 676 1637 Quorum
699 1579 758 1637 quo
774 1563 935 1638 imperitior
949 1564 1082 1640 quisque,
1106 1563 1162 1622 hoc
1184 1561 1251 1640 plus
1266 1563 1376 1638 negotii
1392 1563 1522 1622 lacessit.

174 1645 371 1708 Veruntamen
395 1655 426 1708 et
446 1647 495 1709 hio
515 1649 674 1710 remedium
697 1649 838 1710 adhibere
859 1657 958 1728 potest
985 1649 1124 1714 solitudo.
1169 1649 1222 1709 Est
1248 1651 1277 1708 in
1301 1651 1432 1727 quolibet
1455 1648 1522 1710 loco

172 1734 397 1796 mathematicus
420 1735 512 1813 hous3
544 1735 575 1796 id
598 1738 649 1798 uhi
678 1745 736 1811 est,
768 1741 908 1814 optimum
933 1743 986 1799 est.
1032 1737 1108 1798 Tum
1130 1737 1155 1796 sl
1178 1737 1269 1798 habet
1297 1737 1369 1798 alibi
1391 1737 1522 1798 locorum

173 1825 319 1900 opinionis
341 1824 463 1898 socium,
485 1824 585 1884 literas
607 1824 646 1886 ab
669 1827 734 1902 lpso
757 1827 905 1902 impetret,
929 1843 988 1904 qua
1010 1826 1123 1886 ratione
1146 1827 1315 1886 monstratis
1337 1824 1429 1888 literis
1451 1822 1523 1906 (quo

172 1928 284 1970 rursum
307 1913 396 1972 ctiam
419 1911 491 1970 mihi
513 1919 581 1973 tuae
603 1909 737 1989 prosunt)
761 1915 928 1988 opinionem
950 1912 1027 1973 hano
1050 1914 1198 1974 inanimis
1222 1913 1373 1973 doctorum
1397 1913 1524 1974 excitare

171 2007 283 2074 potest,
315 2003 401 2076 quasi
430 2017 530 2060 omues
559 1999 689 2077 undique
718 2001 897 2077 professores
920 2000 1130 2062 matbematnm
1160 2003 1366 2062 consentirent.
1411 2001 1523 2060 Verum

173 2088 240 2163 quid
264 2086 368 2146 lraude
391 2104 466 2163 opus
489 2087 555 2148 est‘l
593 2088 714 2148 Confido
730 2087 845 2150 Galilee
861 2095 890 2149 et
904 2088 1088 2167 progredere.
1127 2089 1157 2150 Si
1180 2090 1255 2150 benc
1271 2089 1413 2166 conjecto,
1435 2090 1524 2166 pauci

172 2174 207 2234 de
228 2176 397 2253 praecipuis
420 2176 557 2252 Europae
582 2175 798 2236 mathematicis
826 2178 953 2237 anobis
980 2176 1117 2238 secedere
1148 2176 1262 2238 volent:
1293 2184 1376 2238 tanta
1404 2178 1450 2236 vis
1479 2183 1524 2236 cst

172 2264 313 2322 venusta.
351 2261 384 2322 Si
406 2263 461 2322 tibi
483 2262 571 2323 ltalla
592 2266 688 2324 minus
711 2272 757 2324 est
778 2264 885 2324 idonea
908 2265 945 2324 ad
960 2263 1190 2342 publicationem
1213 2267 1289 2326 etsi
1313 2265 1413 2343 aliqua
1435 2264 1524 2324 habi-

172 2357 251 2410 turos
275 2367 308 2410 ca
330 2349 549 2428 impedimenta,
570 2351 669 2412 forsan
693 2349 852 2413 Germania
873 2353 959 2413 nobis
981 2353 1059 2413 hano
1080 2351 1245 2413 libertatem
1267 2353 1417 2414 concedet.
1463 2352 1523 2414 Sed

171 2437 207 2498 de
227 2439 273 2498 hir
297 2440 380 2498 satis.
425 2437 472 2498 Tu
494 2439 600 2500 saltem
626 2441 741 2518 scriptis
770 2441 841 2500 rnihi
871 2443 1054 2502 communica
1084 2441 1236 2518 privatim,
1269 2443 1295 2500 si
1323 2441 1442 2518 publice
1462 2457 1523 2502 non

170 2527 274 2604 placet,
298 2528 324 2584 si
347 2525 419 2602 quid
440 2529 470 2584 in
493 2526 645 2604 Cupernioi
669 2529 853 2588 commodum
876 2529 1024 2590 invenisti.

271 2613 359 2674 Nunc
381 2615 434 2672 aba
456 2622 486 2674 te
508 2615 607 2692 placet
628 2615 741 2692 aliquid
764 2615 1003 2677 observationum
1025 2615 1192 2692 postulare:
1223 2615 1337 2676 scilicet
1358 2615 1446 2688 milri,
1471 2618 1522 2692 qui

170 2703 368 2762 insuumcotis
395 2717 495 2774 cereo,
524 2702 750 2780 confugiendum
781 2711 827 2765 est
848 2703 886 2764 ad
910 2704 995 2764 alios.
1040 2703 1142 2764 Habes
1171 2701 1378 2779 quadrantem,
1409 2706 1439 2760 in
1462 2721 1521 2779 quo

169 2793 262 2868 possis
287 2795 391 2848 notare
412 2788 530 2865 singula
551 2791 689 2868 scrupula
710 2793 805 2868 prima
828 2799 857 2852 et
878 2791 1057 2868 quadrantes
1079 2789 1261 2868 primorum?
1285 2789 1420 2850 Observa
1434 2791 1523 2866 igitur

169 2877 417 2938 circa19.Dec.
447 2877 575 2936 futurum
604 2877 787 2939 altitudinem
817 2879 981 2940 eductionis
1009 2878 1123 2940 caudae
1154 2880 1182 2936 in
1206 2876 1282 2937 Ursa
1312 2879 1468 2937 maximam
1492 2885 1523 2938 at

168 2968 318 3025 minimam
341 2965 445 3025 eadem
467 2973 562 3026 noma.
607 2965 657 3026 Sio
679 2968 823 3031 circaue.
840 2967 912 3030 Dec.
936 2967 1063 3029 observa
1083 2965 1218 3026 similiter
1240 2972 1394 3042 auumque
1417 2965 1522 3026 stellae

168 3054 276 3131 polaris
300 3052 496 3113 altitudinem.
541 3053 668 3113 Primam
690 3055 807 3115 stellam
830 3055 957 3116 observa
979 3057 1068 3116 etiarn
1092 3055 1168 3114 circa
1193 3059 1243 3113 19.
1260 3052 1359 3112 hlartii
1382 3055 1452 3112 anni
1469 3059 1521 3114 98.

169 3141 323 3200 altitudine
344 3147 488 3200 nocturna
509 3139 660 3214 herald,
690 3139 812 3202 alteram
835 3159 861 3203 c.
886 3145 937 3205 28.
961 3142 1042 3219 Sept.
1072 3144 1161 3202 etiam
1193 3140 1266 3200 hora
1291 3147 1340 3200 12.
1386 3139 1462 3200 Nam
1485 3143 1521 3215 si,

168 3228 245 3307 quod
269 3236 351 3305 opto,
375 3226 539 3289 differentia
561 3229 707 3304 quaedam
729 3233 804 3290 inter
826 3230 911 3291 binas
934 3231 1156 3292 ohservationes
1179 3227 1340 3314 intercedet
1364 3228 1448 3286 unlus
1471 3234 1521 3288 at·

167 3334 221 3394 quc
244 3317 368 3377 alterius
391 3315 530 3392 scrupuli,
552 3319 646 3394 magis
668 3319 699 3377 si.
720 3325 758 3378 10
783 3325 835 3378 ant
859 3324 915 3385 15.
946 3321 987 3378 rol
1010 3335 1063 3395 per
1084 3324 1177 3377 totam
1200 3317 1411 3376 astronomiam
1433 3316 1521 3376 latis-

164 3408 236 3465 sime
260 3404 386 3464 dlllnsae
409 3413 611 3480 argumentum
634 3407 698 3470 erit.
743 3405 794 3466 Sin
817 3412 916 3468 autem
938 3407 1011 3466 nihil
1032 3404 1120 3484 plane
1144 3406 1324 3466 differentiae
1353 3402 1520 3480 depreben-

166 3494 278 3562 demns,
302 3490 432 3569 palmam
454 3497 553 3550 tomen
576 3491 765 3553 demonstrati
786 3494 961 3554 nobilissimi
983 3493 1181 3572 problematis,
1206 3492 1347 3552 hactenns
1370 3495 1520 3553 anemius

164 3581 342 3650 abachum,
366 3581 557 3639 communiter
576 3582 800 3658 reportabimus.
846 3581 979 3658 Sapienti
1000 3588 1048 3642 sat
1070 3581 1187 3642 dictum.
1228 3580 1314 3639 Mitto
1339 3589 1437 3638 arulam
1460 3579 1519 3641 duo

164 3673 284 3746 iusuper
306 3666 485 3744 exemplaria
500 3665 685 3748 (Prodromi),
709 3669 779 3746 quia
799 3669 1017 3744 llambcrgerus
1038 3669 1119 3728 mihi.
1134 3668 1256 3748 dixerat,
1279 3675 1309 3728 te
1331 3666 1417 3745 plura
1440 3666 1521 3728 dasi-

164 3757 277 3818 derare.
324 3753 495 3831 Quicunque
517 3757 639 3829 miseris,
663 3756 712 3816 ille
735 3755 825 3816 literis
849 3755 885 3817 de
907 3755 1007 3817 libello
1029 3759 1144 3834 scriptis
1167 3754 1329 3817 mercedem
1353 3756 1485 3816 solverit.
1578 3756 1582 3768 “

269 3841 356 3916 Vale,
380 3841 540 3902 clamsdme
562 3844 615 3918 vlr,
639 3851 669 3904 et
691 3861 743 3921 per
757 3843 910 3921 epistolam
926 3844 1128 3920 longissimam
1146 3851 1279 3905 mutuum
1295 3844 1368 3904 ruibi
1381 3843 1519 3921 repende.

165 3929 279 3994 Gnatii
304 3937 354 3993 te.
378 3927 446 3991 Oct.
473 3935 566 3992 toea.

268 4031 424 4101 Tychoni
440 4028 575 4085 Braheo
594 4018 730 4098 Keplerns
748 4029 783 4086 de
799 4029 949 4086 Prodromo
967 4047 1017 4086 suo
1036 4031 1104 4087 haec
1122 4032 1229 4088 scribit:

267 4125 344 4184 Cum
367 4135 412 4197 te,
444 4125 490 4181 vir
511 4121 706 4200 amplissime,
737 4122 1008 4184 mathematicorum
1040 4126 1169 4183 omniunt
1198 4141 1259 4184 non
1287 4122 1375 4199 hujus
1404 4127 1518 4180 tantum

163 4213 268 4274 aetatis
290 4212 344 4272 sed
367 4199 459 4272 totius
482 4212 549 4270 aevi
571 4209 758 4271 monarcham
781 4213 964 4271 constituerit
985 4210 1223 4289 incomparabilis
1246 4210 1377 4271 doctrina
1396 4207 1520 4285 iudicii-

164 4319 219 4379 que
242 4302 442 4379 praestantia,
474 4299 605 4374 iniquum
628 4298 741 4372 iecere,
769 4301 795 4357 si
818 4296 962 4376 opusculo
985 4299 1022 4360 de
1044 4293 1232 4376 proportione
1255 4297 1402 4358 coelorum
1424 4311 1519 4372 nuper

163 4393 191 4448 in
213 4389 310 4450 lucem
333 4385 490 4463 dato(sub
506 4385 606 4446 titulo:
629 4385 854 4446 Prodromus
878 4377 1207 4448 dissertationum
1230 4383 1518 4461 cosmographi-

162 4475 296 4556 carum)
319 4475 413 4536 ullam
436 4472 559 4549 gloriam
582 4481 633 4532 too
653 4472 766 4550 judicic
789 4483 820 4534 et
842 4474 1092 4535 commendatione
1122 4473 1257 4551 neglecta
1279 4487 1417 4547 aucuper,
1440 4489 1518 4547 quae

161 4583 205 4626 me
227 4583 322 4628 musa
344 4563 457 4633 moult,
486 4567 519 4620 ut
541 4563 660 4637 ignotus
682 4579 719 4621 ex
741 4560 798 4620 hoc
820 4561 945 4622 obscuro
968 4560 1143 4623 Germaniae
1166 4561 1275 4638 angulo
1306 4559 1406 4618 literas
1429 4559 1467 4617 ad
1489 4567 1518 4620 te

159 4657 316 4727 mitterem,
349 4657 468 4712 oratum
496 4665 548 4725 per
569 4647 652 4708 illum
675 4651 821 4724 ingentem
846 4651 977 4710 veritatis
1005 4666 1147 4722 amorem,
1178 4665 1266 4724 quem
1294 4647 1324 4704 iu
1347 4654 1377 4706 to
1400 4663 1520 4724 quoqne

158 4745 249 4805 hesse
278 4743 365 4804 sama
397 4745 468 4796 tuae
494 4735 703 4813 magnitudinis
733 4735 899 4813 praedicat:
930 4745 977 4808 ut,
1008 4735 1079 4814 quid
1109 4737 1161 4796 tibi
1190 4733 1227 4796 de
1255 4731 1352 4794 isthoc
1383 4733 1519 4794 videatur

152 4835 284 4912 negotio,
311 4845 352 4892 aa
375 4825 545 4886 sinceritate
565 4832 594 4886 et
616 4824 814 4900 humanitate,
838 4842 916 4902 quae
938 4827 969 4883 iu
991 4833 1021 4885 te
1042 4822 1242 4900 praedicatur,
1266 4819 1395 4899 explicas
1418 4823 1519 4884 brevi·

149 4925 262 5006 tneque
284 4916 392 4982 literis
415 4911 569 4992 demulces.
616 4909 712 4974 Ome
732 4911 860 4990 lolloem,
883 4911 1012 5005 siquod
1033 4910 1208 4988 Maestliuo,
1230 4910 1309 4973 idam
1332 4916 1362 4973 et
1384 4910 1518 4990 'Tychcui
