3662 5544
826 411 904 472 1605.
1472 411 1535 482 765
1564 457 1566 466 .

191 611 264 671 guae
286 593 385 672 quoad
408 593 523 673 corpori
545 589 687 654 adhaeret
708 598 753 653 est
774 589 941 665 utllissimu,
963 595 1077 650 retenta
1104 591 1235 654 moritur.
1278 588 1330 651 Sin
1350 588 1389 652 de
1409 591 1474 670 ipso
1496 592 1539 652 nil

190 699 303 759 possem
324 683 468 761 polliceri,
491 683 548 740 nisi
569 697 684 740 meeum
706 682 753 741 sit.
784 677 930 757 Proposui
953 679 1010 754 ipsi
1024 676 1163 756 legendas
1178 678 1220 740 M.
1236 677 1271 738 u.
1287 677 1401 754 literas3
1424 687 1540 756 promte

194 770 391 832 videturesse
415 771 581 844 voluntate,
611 775 710 828 metuo
733 775 766 827 ιι
788 784 842 828 ιιι
865 776 946 828 more
974 769 1146 829 temerarius
1167 764 1209 830 ld.
1232 765 1268 828 ’1.
1291 765 1400 828 ridnela
1420 783 1487 832 sese
1508 771 1539 828 in

192 859 242 919 iter
263 857 414 934 eonjioiat
451 857 521 918 Jam
543 855 654 934 pridem
678 857 754 916 enim
777 855 907 916 abiturit.

291 945 509 1006 Commentario
531 944 568 1004 de
589 943 719 1004 mounes
741 942 845 1002 Martis
868 949 898 1002 et
919 958 979 1002 ιιι
1001 941 1117 1004 tubulas
1140 941 1328 1019 computandi
1340 941 1419 1004 hune
1434 943 1539 1020 plauei

190 1040 247 1092 tam
269 1033 434 1109 sublimas,
456 1032 509 1093 sed
529 1032 669 1110 prolixas,
692 1029 844 1091 Nutalltiia
865 1028 971 1090 tradidi
986 1028 1116 1105 (lassari,
1138 1029 1191 1090 sed
1206 1045 1266 1092 nou
1280 1029 1368 1108 plane
1383 1029 1539 1110 descripta,

192 1129 219 1180 ιι
239 1121 339 1198 eapite
360 1121 507 1198 quaedum
529 1120 636 1181 desnut
658 1118 762 1193 udbuu,
785 1135 862 1196 quae
884 1117 1026 1195 paulatim
1048 1125 1178 1195 periuro.
1210 1117 1315 1195 Cupite
1329 1119 1471 1194 suuljem
1488 1125 1539 1180 bl.

193 1209 314 1286 llrplieo
337 1225 439 1269 ornnes
460 1224 543 1269 meos
566 1214 703 1280 conatus,
731 1215 765 1265 ut
785 1213 867 1266 tauto
889 1206 995 1266 molius
1018 1213 1146 1279 constet,
1180 1222 1231 1267 eur
1258 1206 1334 1266 bauo
1356 1209 1541 1284 potissimum

192 1298 267 1357 riam
289 1298 403 1357 iverim.
440 1295 554 1356 Multus
567 1311 633 1354 sum
648 1297 678 1352 iu
693 1297 789 1354 oauais
803 1293 934 1372 physiois
957 1292 1142 1370 indagandis.
1180 1292 1295 1371 Soopus
1317 1309 1400 1357 meus
1422 1293 1471 1356 bio
1486 1303 1539 1370 ιιι,

192 1393 222 1442 ιι
242 1383 400 1446 ιιιιιιιιιι
423 1385 588 1444 maubiuem
611 1381 706 1442 diuam
728 1399 788 1442 nou
810 1399 874 1442 esse
896 1381 988 1442 inetur
1001 1380 1096 1441 divini
1110 1381 1255 1455 animalis,
1278 1380 1331 1459 sed
1345 1383 1437 1444 iustas
1450 1381 1541 1469 berny

191 1471 270 1548 logii,
292 1479 327 1531 ut
347 1474 378 1534 iu
402 1489 461 1549 qua
481 1487 557 1548 pene
579 1471 673 1529 omnia
695 1479 827 1530 motuum
850 1471 978 1530 varietas
1000 1469 1038 1530 ab
1053 1485 1112 1530 une
1132 1465 1350 1546 simplicissima
1372 1473 1403 1528 ιι
1417 1487 1541 1548 magne-

191 1562 247 1620 ιιιι
269 1559 431 1637 corporali,
462 1562 506 1619 ιιι
527 1561 557 1617 iu
580 1557 733 1634 horologio
756 1565 976 1617 motusumuea
999 1573 1018 1616 a
1039 1556 1257 1634 simplicissimo
1283 1555 1412 1634 pondere
1415 1599 1540 1622 ......

192 1646 326 1708 (luterum
356 1646 441 1708 edere
462 1649 526 1707 alne
549 1662 693 1708 eousauau
715 1642 892 1722 'l'enguaglii
913 1661 974 1706 nou
993 1661 1131 1722 possum:
1162 1643 1257 1706 audiit
1282 1661 1387 1723 nempe
1409 1645 1451 1706 ll.
1475 1645 1542 1708 'lue

192 1735 287 1795 ioman
317 1751 356 1796 ex
377 1731 418 1796 D.
441 1733 568 1794 Pistoris
597 1733 635 1794 de
662 1739 762 1793 nostra
791 1733 985 1794 sententious
1014 1739 1045 1794 ιι
1070 1732 1252 1810 obligatione
1282 1741 1392 1798 mutus.
1436 1731 1494 1809 Qut
1516 1735 1542 1794 si

192 1821 318 1884 difficilia
341 1829 386 1884 est
406 1823 537 1895 iuturus,
570 1820 749 1897 exemplaria
778 1821 893 1896 seriptis
916 1820 1138 1882 eommuuioebo
1160 1819 1208 1903 (ne
1230 1837 1305 1899 opus
1333 1827 1426 1883 morte
1448 1820 1542 1882 desti-

193 1906 291 1990 tuam),
314 1911 342 1970 sl
364 1912 430 1988 quis
452 1917 566 1970 sumtus
589 1911 619 1968 iu
641 1908 886 1986 descriptionibus
909 1916 953 1968 ιιι
976 1907 1181 1970 collocaturus.
1216 1908 1326 1970 Verum
1349 1917 1378 1970 et
1400 1908 1457 1973 buu
1470 1912 1542 1970 retl-

193 1999 332 2073 neudum,
365 2015 402 2059 ne
430 1998 529 2058 lorsam
552 2005 582 2058 et
603 1996 652 2056 bio
674 2013 706 2058 se
736 2011 885 2073 opponere
912 1995 993 2058 velit.
1038 1996 1073 2058 In
1095 1995 1219 2074 physion
1240 2004 1325 2074 purte
1347 1999 1543 2058 ιιιιιιοιιιιι

194 2085 300 2148 directe
323 2093 457 2162 pugnant
478 2103 544 2146 uum
566 2084 738 2162 Tyobonlou
759 2086 866 2157 forme,
890 2088 920 2144 et
942 2083 1151 2162 uollmipsum
1175 2101 1325 2146 censorem
1346 2086 1419 2148 terra
1442 2084 1543 2164 Tang-

193 2173 332 2252 uaglium,
355 2181 445 2250 etque
467 2171 580 2250 aliquid
602 2171 721 2250 publico
743 2170 848 2246 dicere,
873 2169 952 2248 quod
974 2173 1112 2250 privatim
1136 2170 1221 2234 aliter
1242 2175 1389 2234 sentirem.
1575 2217 1579 2224 .

295 2260 422 2337 Quaeris
444 2259 481 2321 de
502 2259 616 2336 telique
638 2277 705 2320 moa
726 2259 852 2320 lortuua.
888 2257 1046 2322 uentoone
1069 2267 1123 2322 eat
1160 2259 1270 2322 uiam
1290 2269 1407 2338 praeter
1428 2277 1544 2323 omnem

192 2366 285 2410 meam
308 2367 391 2426 spem
414 2348 453 2409 ob
475 2348 689 2409 dedicationem
710 2347 779 2406 llbri
801 2351 943 2422 (optione)
966 2350 1148 2426 nuncupavit
1173 2353 1234 2409 100
1257 2347 1395 2410 thaleros.
1432 2348 1491 2410 Sed
1514 2358 1545 2410 et

194 2437 222 2496 bi
245 2435 351 2498 etalii
374 2441 437 2496 400
460 2437 562 2498 florent
586 2453 621 2496 ea
644 2435 787 2512 superiori
809 2453 887 2496 anuo
909 2443 978 2498 snut
999 2436 1079 2513 apud
1102 2443 1296 2514 qneestmem.
1327 2436 1483 2498 Οιιιιιιιιι
1496 2437 1546 2497 blo

193 2527 310 2584 vivitur.
342 2523 381 2584 lit
402 2522 485 2602 prole
507 2530 612 2584 anetus
635 2539 709 2597 sum,
733 2539 811 2600 quae
831 2531 984 2585 sumtuosa
1005 2541 1052 2585 res
1074 2531 1128 2584 est.
1159 2523 1191 2584 st
1206 2522 1352 2585 eredendo
1366 2533 1443 2594 sunt,
1467 2541 1545 2602 quae

192 2611 325 2673 Nunnius
348 2611 539 2689 Apostolieus
561 2609 632 2671 mibi
655 2608 742 2686 dixit,
764 2610 960 2687 gratulaberis
981 2606 1182 2688 Teugnuglio,
1212 2610 1291 2689 quud
1315 2611 1484 2672 catholicus
1506 2615 1546 2672 sit

191 2700 294 2762 laetus.
341 2699 396 2760 Est
422 2706 574 2777 praetereo
602 2697 789 2758 confirmatus
812 2700 840 2757 in
865 2699 961 2760 oldoiu
989 2697 1221 2776 appellationum
1251 2700 1418 2761 consiliarii.
1460 2698 1545 2760 Ηιιι

191 2789 290 2851 emula
310 2785 449 2849 fiduciam
471 2787 543 2848 mibi
565 2785 686 2860 addunt.
709 2786 771 2847 lore
793 2793 826 2846 ut
848 2787 1027 2848 astronomia
1042 2788 1073 2846 iu
1087 2803 1169 2848 meos
1184 2786 1322 2850 burneroa
1335 2787 1458 2848 remissa
1472 2786 1544 2848 nibil

191 2893 236 2937 ms
258 2875 333 2936 velit
354 2875 494 2953 impedire
511 2876 546 2942 iu
570 2876 643 2934 tuuis
666 2872 852 2935 editlouibes.

294 2973 347 3030 Die
364 2973 408 3030 28.
420 2971 512 3030 Martii
529 2972 665 3043 Keplerus
677 2971 818 3028 Herennio
836 2970 959 3042 pluribus
978 2972 1098 3044 explieat
1114 2972 1279 3044 hypothesin
1291 2971 1503 3044 copernioenem
1518 2979 1546 3030 ιι

191 3062 381 3132 quaestionem
393 3061 427 3118 de
435 3061 523 3129 Luna,
536 3060 657 3116 meridiei
669 3065 792 3130 tompore
801 3075 887 3131 propa
900 3059 990 3117 Solem
1002 3061 1060 3116 visa
1069 3061 1112 3130 (Π.
1123 3064 1157 3116 85
1167 3061 1220 3130 aa),
1234 3060 1270 3117 ad
1282 3077 1362 3132 quum
1374 3059 1446 3118 redit
1459 3061 1546 3118 literis

189 3150 276 3206 ιιι.
294 3148 397 3220 Aprilis
415 3149 485 3205 detis
503 3152 545 3216 (ιι.
564 3150 623 3219 ιιι,
642 3147 712 3204 haee
729 3147 920 3217 praemittens:
950 3143 1101 3208 Laurentii
1130 3145 1284 3222 seriptum,
1316 3149 1359 3208 ita
1386 3155 1420 3206 ut
1445 3149 1546 3224 petisti

190 3234 317 3296 remitto.
360 3231 437 3292 Nem
459 3233 515 3291 etsi
538 3231 656 3308 quidem
678 3231 801 3292 Italicae
823 3231 944 3309 linguae
958 3234 1093 3310 peritiam
1118 3249 1176 3293 non
1191 3249 1328 3310 magnam
1344 3234 1449 3309 babeo,
1472 3237 1545 3294 satis

192 3329 303 3383 temen.
322 3319 394 3397 quid
417 3315 488 3380 velit
509 3319 636 3396 percepi.
682 3317 836 3380 Excutieut
857 3321 921 3380 ists*
938 3319 1005 3381 Itali
1033 3327 1063 3380 ιι
1083 3327 1198 3397 tempus
1227 3337 1403 3400 operamque
1431 3329 1547 3383 sument
1662 3379 1678 3401 λ

193 3407 365 3487 exagitandi
388 3407 453 3484 ejus
476 3423 587 3468 errores
610 3408 805 3467 crassissimos
820 3414 875 3470 ete.
921 3411 952 3466 In
975 3410 1046 3468 libro
1069 3411 1104 3468 de
1122 3411 1209 3470 nodio
1225 3429 1298 3472 nona
1316 3415 1362 3484 (tl.
1381 3415 1446 3484 otu)
1473 3413 1547 3484 Kep-

192 3498 265 3557 lerus
282 3501 337 3556 bos
355 3513 462 3554 errores
486 3497 644 3566 ςιιιιιιιιιι
668 3499 792 3568 increpat
808 3506 837 3555 et
854 3505 953 3569 postes
969 3497 1069 3556 librum
1088 3499 1225 3568 Politisul,
1246 3499 1434 3573 1,(1ιιιιιιιο,
1453 3501 1547 3559 ordine

193 3595 221 3644 ιι
237 3593 316 3644 motu
334 3585 488 3642 ouelorum¹⁴
508 3583 564 3654 (ed.
585 3585 666 3656 tous)
684 3584 810 3655 pluribus
827 3590 906 3642 texat
923 3587 964 3654 (ιι
984 3589 1035 3640 ιιι
1050 3585 1106 3654 aa).

293 3675 453 3732 Heruurtus
463 3673 601 3731 mensibus
610 3673 746 3746 Augusto,
754 3671 901 3729 Novembri
913 3679 941 3729 et
953 3671 1097 3729 Decembri
1108 3673 1171 3728 anni
1181 3675 1248 3732 tout
1261 3673 1354 3746 plnres
1366 3677 1452 3735 morit
1464 3689 1546 3750 quee-

189 3764 304 3835 ttlones,
322 3761 358 3819 sd
372 3777 440 3834 qnos
452 3761 588 3832 Keplerus
600 3761 644 3818 die
657 3761 764 3818 demum
776 3760 821 3818 13.
834 3759 898 3816 deu.
914 3760 1141 3831 subdiapente,
1159 3761 1202 3818 his
1219 3776 1250 3818 ιι
1262 3778 1395 3840 excusant
1408 3765 1480 3835 qrrod
1489 3767 1550 3835 jnm

190 3853 300 3908 demum
322 3849 504 3921 respondeat:
527 3845 642 3907 Liberae
664 3854 731 3906 tues
755 3852 784 3906 6.
801 3845 930 3923 Augusti
951 3847 1076 3924 scriptas
1099 3846 1158 3924 legi
1181 3853 1232 3906 ti.
1256 3846 1348 3924 Sept,
1371 3865 1437 3909 uum
1458 3867 1547 3927 prae-

189 3935 313 3998 sedente
336 3933 563 3997 noete‘demum
586 3953 603 3996 e
626 3933 724 4012 Styria
745 3935 930 3996 revertissetu
933 3975 1043 3998 .....
1088 3933 1122 3995 In
1145 3937 1269 4010 gratiam
1284 3935 1325 3995 M.
1341 3934 1377 3996 Τ.
1393 3941 1545 4014 quaestio-

189 4041 256 4086 nem
283 4027 440 4100 antiquum
458 4025 525 4098 (loei
542 4024 656 4082 Luceni
675 4023 721 4082 IV.
743 4026 790 4094 90)
810 4019 924 4082 eeloulo
947 4021 1085 4103 subduai.
1123 4021 1188 4082 Hie
1211 4021 1340 4084 calculus
1370 4021 1428 4084 bue
1454 4041 1548 4102 usque

191 4130 239 4174 use
262 4111 405 4185 detinuit,
436 4129 495 4189 quo
525 4115 621 4171 minus
650 4108 866 4186 responderem.
911 4107 997 4170 Hune
1019 4111 1097 4170 enirn
1125 4109 1281 4188 epistolem
1304 4108 1425 4171 Oetobri
1447 4129 1549 4172 meuse

188 4201 319 4263 seribere
342 4201 436 4277 eoepi.
474 4198 623 4260 Suueesslt
646 4198 764 4275 eulipsis
786 4195 865 4258 Solis
888 4196 1066 4274 observatio,
1088 4195 1171 4258 fluite
1186 4199 1391 4259 observatione
1408 4200 1549 4259 euooeasit

192 4410 414 4459 enarrationibus
430 4409 542 4474 Keplerl.
580 4409 653 4458 Anno
673 4407 741 4459 tout
760 4411 785 4456 ιι
802 4407 877 4456 initio
895 4407 957 4456 sunl
976 4407 1044 4458 1605
1062 4403 1176 4456 Joaunsa
1194 4403 1329 4456 Sohulerua
1354 4403 1439 4456 oillelo
1464 4417 1548 4470 „amt-

191 4479 315 4530 uuausla“
334 4477 444 4544 Kaplerl
462 4479 620 4540 tangebatur.
656 4479 741 4528 Maure
762 4477 853 4528 Martio
873 4477 940 4528 1605
958 4479 1063 4528 ιιιιιιι
1083 4475 1210 4542 Keplerua
1229 4473 1372 4527 Haruertor
1400 4476 1456 4538 „De
1477 4477 1548 4539 adju·

189 4550 396 4687 &Pmoun
415 4547 522 4600 Altortiu
546 4563 604 4614 spes
622 4551 709 4614 aroepl
728 4551 818 4611 bonam
844 4561 917 4611 quam
935 4549 958 4597 sl
976 4549 1124 4612 obamoaro,
1149 4561 1196 4610 pro
1217 4547 1314 4596 viribus
1338 4548 1480 4660 consuletur
1497 4549 1548 4600 tuta

298 4693 330 4742 lu
348 4691 507 4742 bibliotbaoa
524 4687 660 4740 Basiliansl
678 4691 741 4740 bano
759 4687 969 4752 deprehendimus
983 4687 1090 4753 Keplerl
1108 4688 1253 4752 epistolam:

296 4757 326 4816 S.
345 4759 376 4814 P.
398 4759 434 4814 D.
452 4757 555 4826 Aooept
573 4757 668 4814 literas
686 4763 758 4818 tuas,
775 4753 904 4840 ldoliuari
923 4755 1091 4824 suavissime,
1110 4767 1211 4823 easque
1223 4751 1357 4836 geminam
1376 4753 1559 4840 alterorum.

194 4829 344 4962 illd&
359 4824 850 4960 lllfflidfilnillildffisn‘
864 4823 1552 4972 ffirlbdlilwailffiffl
