3624 5554
807 438 885 498 seeo.
1449 427 1514 500 ιιι

268 625 296 678 t.
321 617 396 680 Dies
417 617 537 680 inlatos
559 615 629 679 milri
652 617 814 680 liberrimus
836 617 981 696 relinquet
1003 623 1033 678 et
1054 615 1092 677 ad
1114 631 1200 678 saera
1222 619 1251 676 et
1267 612 1304 675 ad
1318 628 1385 676 mea
1399 611 1516 692 pulsata

165 705 271 767 studia
294 739 338 751 -

267 804 479 876 Marginalia
496 805 681 876 Tychonis
717 805 767 863 hd
784 817 869 863 ιιιιιιι.
881 806 909 862 2.
925 807 1042 877 priorem
1055 810 1175 876 partem:
1196 799 1517 872 ,Haecnnnqnampetii

135 905 215 952 nee
233 894 326 964 peto.t

270 981 318 1036 Ad
336 995 420 1038 ιιιιιιι.
439 981 465 1038 3.
497 981 600 1048 ,Preut
611 981 729 1039 voluerit
746 983 775 1040 ιιι
786 968 830 1048 ¹hia
842 981 934 1054 iaciat,
954 999 1043 1054 neque
1062 996 1132 1052 opos
1144 951 1310 1038 indicatione
1322 978 1368 1035 hie
1380 975 1424 1034 rel
1436 989 1516 1047 pree-

166 1067 315 1138 scriptione
338 1065 410 1137 nlla,
436 1083 498 1124 eum
522 1079 572 1138 ego
592 1069 681 1125 illim
699 1069 742 1126 his
765 1085 820 1126 non
838 1076 894 1127 tam
913 1071 1008 1128 stricte
1031 1071 1122 1126 omnis
1143 1085 1227 1140 urgeo
1245 1083 1296 1123 nee
1314 1067 1372 1124 ursi
1388 1079 1517 1135 unquam.

165 1154 234 1211 Volo
259 1165 291 1212 nt
314 1155 402 1211 libera
424 1157 565 1214 voluntate
589 1157 679 1214 emnia
703 1158 771 1214 fiunt
792 1175 844 1235 pre
864 1157 1054 1246 commoditate
1073 1157 1125 1216 loci
1143 1165 1172 1214 et
1189 1157 1335 1228 temporis,
1354 1161 1409 1211 tsm
1428 1151 1538 1223 quotedt

166 1257 216 1312 me,
235 1258 319 1312 quum
337 1243 453 1328 quoad
445 1248 561 1312 ιιιιιιιιι.ιι
1513 1259 1516 1270 ·

270 1329 319 1385 ιιι
337 1331 470 1388 ιιιιιιι..4
492 1331 623 1399 „Quando
641 1331 770 1403 prohibui
793 1331 837 1388 vel
856 1331 938 1388 ullam
959 1334 1125 1430 mentionem
1142 1333 1195 1389 hae
1219 1331 1252 1388 de
1270 1345 1300 1387 re
1319 1329 1388 1401 teci,
1413 1333 1521 1386 cunct

168 1414 299 1472 studiosis
318 1417 386 1472 meis
404 1417 433 1472 id
450 1417 567 1474 libenter
584 1419 718 1475 iaciam'?“

273 1503 333 1559 Hos
352 1513 380 1560 et
396 1505 502 1574 priores
520 1505 709 1578 paragraphos
727 1507 861 1577 pactionis
874 1507 1031 1579 Typhonem
1048 1505 1121 1563 inter
1139 1513 1167 1562 et
1185 1506 1343 1577 Kepicrum,
1362 1506 1420 1561 sine
1439 1502 1521 1558 dnbio

168 1592 249 1648 ctiam
267 1591 330 1645 vira
346 1602 414 1647 soce
426 1597 512 1662 actos,
530 1593 785 1652 intermedlantlbns
802 1595 820 1650 J
826 1595 967 1652 essenio
992 1605 1019 1653 et
1036 1595 1246 1652 Hoffmanno
1270 1597 1300 1650 in
1318 1595 1389 1650 hanc
1407 1591 1521 1648 formam

170 1679 297 1735 redactos
315 1679 447 1736 exhibent
464 1681 573 1738 codices
591 1683 775 1740 Viennenses:
796 1672 911 1755 Quibus
934 1681 1150 1741 corrditionihus
1173 1681 1203 1740 in
1224 1679 1375 1762 Tychonis
1398 1679 1522 1756 gretiam

171 1765 197 1820 ιιι
220 1763 397 1822 Bohemiam
419 1782 485 1825 oum
508 1783 598 1827 uxore
622 1766 782 1828 concedere
806 1771 941 1845 cogitem.

276 1857 304 1912 1.
329 1851 405 1912 linio
430 1856 527 1914 omnia
549 1853 747 1933 impetrandus
770 1862 815 1916 est
837 1871 997 1915 consensus
1020 1855 1077 1914 mei
1098 1851 1299 1931 magistratus.
1336 1850 1412 1913 llam
1428 1849 1524 1911 sihoc

170 1953 226 1998 non
250 1940 431 2016 impetretur,
454 1943 498 2002 sle
521 1951 552 2002 ut
574 1941 712 2002 salarium
729 1941 894 2021 Styriaoum
909 1942 1002 2002 nihilo
1024 1944 1120 2001 minus
1143 1945 1267 2002 retinere
1281 1945 1401 2020 possim,
1425 1939 1525 2000 omnia

170 2043 247 2104 qnae
270 2027 319 2086 sel
343 2026 486 2089 hactenns
509 2039 575 2090 acta
598 2040 675 2103 sunt,
699 2031 746 2090 vel
769 2033 799 2090 in
823 2040 972 2110 posterum
994 2040 1127 2107 agentur,
1150 2031 1231 2089 irrita
1254 2037 1331 2089 sunt.

274 2119 305 2174 2.
334 2112 376 2176 Ut
401 2115 578 2194 Magnificus
608 2125 637 2179 et
666 2117 834 2178 Generosos
867 2119 904 2180 D.
935 2117 1037 2196 'iyeho
1072 2125 1185 2178 sumtus
1215 2119 1312 2176 itineri
1342 2115 1525 2177 necessarios

169 2201 239 2260 mihi
263 2203 446 2281 suppeditet,
479 2205 525 2264 vel
548 2207 573 2266 si
594 2210 699 2267 metuit
721 2213 754 2264 nt
784 2207 868 2266 nimis
899 2207 954 2266 clm
983 2211 1173 2286 sumtuosus,¹
1192 2203 1271 2266 dieat
1294 2221 1363 2282 orgo
1386 2205 1526 2263 aestima-

168 2291 247 2349 tione
269 2290 359 2363 sacta,
384 2301 525 2368 quantum
547 2294 624 2364 mihi
643 2295 784 2371 pecuniae
807 2309 859 2370 pro
883 2295 985 2356 itinere
1008 2293 1189 2369 conficiendo
1212 2292 1241 2352 e‘t
1264 2309 1368 2366 uxore,
1391 2292 1527 2370 privigna

169 2387 197 2437 et
218 2376 332 2438 aneilla
354 2393 420 2438 eum
437 2396 494 2439 uua
508 2379 599 2442 rheda
623 2391 652 2442 et
666 2381 909 2460 supellectilibus,
933 2389 1074 2458 qtrantum
1098 2382 1154 2440 sub
1176 2378 1229 2440 illa
1251 2377 1343 2440 rheda
1365 2396 1417 2458 per
1439 2393 1528 2438 sexa-

167 2466 249 2540 ginte
272 2463 412 2526 milliaria
434 2465 607 2530 adducenda
629 2468 816 2550 suppeditare
840 2469 926 2544 velit,
950 2477 982 2528 ut
1005 2469 1165 2532 deliberare
1194 2483 1307 2529 mecum
1330 2469 1454 2546 possim,
1489 2481 1525 2525 an

168 2553 319 2612 sufficiant
342 2571 442 2615 raucae.

274 2645 306 2700 3.
329 2640 403 2702 Cum
427 2644 610 2722 proposuerit
633 2643 704 2702 mihi
726 2639 764 2707 (l.
780 2643 818 2706 l).
834 2641 937 2724 Tycha
960 2643 1152 2702 habitationis
1174 2643 1241 2703 loeo
1264 2635 1405 2718 Pragam,
1430 2640 1527 2700 Bran-

168 2725 290 2802 dutum,
314 2727 525 2804 Boleslaviam,
549 2731 730 2805 Benaticam,
753 2747 836 2790 suam
852 2734 945 2811 ipsius
961 2729 1078 2790 domum
1095 2733 1122 2788 in
1140 2747 1215 2802 arce,
1241 2731 1294 2790 etsi
1312 2737 1429 2808 propter
1444 2743 1527 2786 eum-

167 2813 345 2876 meditatetn
367 2816 529 2878 studiorum
553 2817 603 2878 diu
628 2818 766 2878 inclinavi
789 2821 818 2877 in
843 2819 919 2878 hane
932 2827 1055 2897 partem,
1079 2817 1312 2878 commodissime
1328 2831 1374 2875 me
1390 2818 1419 2874 in
1435 2817 1527 2893 ipsius

166 2901 296 2962 aedibus
319 2904 532 2966 habitaturum:
563 2916 661 2968 tamen
683 2926 715 2968 re
739 2906 960 2984 diligentissime
984 2905 1146 2966 deliberata
1167 2904 1302 2978 invenio,
1333 2901 1428 2978 solam
1456 2901 1527 2960 miirl

167 2987 301 3068 Prsgarn
326 2991 501 3070 eligendam.
547 2993 675 3054 Primum
700 2993 849 3067 conclave,
873 2993 951 3071 qued
975 2995 1046 3052 milri
1069 2992 1211 3066 destinat,
1234 3009 1293 3050 non
1317 2991 1362 3050 'est
1383 2987 1421 3050 ad
1445 3007 1528 3048 com-

165 3077 286 3138 modam
320 3079 534 3140 habitationem
565 3085 752 3154 instructum,
784 3089 863 3141 caret
890 3081 990 3141 multis
1018 3083 1183 3157 requisitis,
1216 3094 1292 3156 quae
1323 3079 1438 3137 nentrlsi
1462 3093 1527 3135 cum

166 3173 264 3226 sumtu
291 3176 513 3245 comparantur,
538 3177 570 3227 ιιι
593 3167 628 3229 de
651 3167 883 3248 supellectilibus
904 3170 1000 3246 Praga
1025 3165 1204 3228 advehendts
1226 3165 1300 3226 nihil
1322 3165 1426 3227 dicam.
1465 3163 1528 3221 istst

165 3271 234 3314 rere
265 3258 425 3315 constitnit
447 3255 549 3334 Tycha
579 3273 637 3316 non
666 3256 761 3316 solum
790 3257 846 3316 lieo
874 3255 1015 3316 concluse
1047 3255 1085 3314 ad
1110 3253 1349 3315 commoditatem
1375 3253 1527 3324 instruere,

163 3341 215 3400 sed
239 3358 358 3402 novum
375 3345 463 3402 etiam
478 3358 579 3404 versus
595 3345 743 3404 meridiem
760 3343 913 3404 aedificare
929 3361 981 3422 pro
997 3361 1063 3404 mea
1078 3343 1197 3414 inmitia,
1221 3359 1278 3401 non
1294 3358 1414 3420 possum
1430 3347 1528 3398 tamen

163 3428 219 3489 hac
242 3430 420 3490 conditione
445 3433 600 3508 quiequam
616 3433 734 3511 pacisci,
759 3449 849 3508 quum
864 3431 948 3504 haec,
972 3449 1048 3508 quae
1065 3432 1102 3491 D.
1120 3431 1223 3508 Tyelro
1238 3431 1389 3508 proponit,
1407 3431 1441 3486 ιιι
1451 3425 1528 3486 mul·

163 3523 260 3576 torum
293 3519 425 3578 alierum
452 3526 597 3596 potestate
627 3521 702 3594 sint,
734 3525 767 3580 ιιι
789 3519 821 3578 lit
848 3521 876 3576 ιιι
905 3519 1168 3579 aedificationibus.
1214 3517 1311 3593 Quare
1343 3518 1461 3576 omnino
1486 3517 1528 3574 sio

162 3607 317 3682 ριιιιοιι,
346 3613 378 3664 ut
401 3605 517 3682 Prngae
537 3623 652 3684 semper
673 3624 724 3685 per
746 3607 802 3666 hoc
824 3615 940 3684 tempas
962 3609 1017 3666 sim
1040 3621 1203 3666 mansurus.
1249 3603 1285 3665 Si·
1304 3611 1426 3682 posteo,
1456 3619 1529 3662 con-

162 3693 240 3752 clari
265 3692 431 3754 aedificate
455 3705 485 3752 et
506 3697 677 3756 necessariis
699 3692 930 3772 supellectilibus
952 3695 1111 3766 instructo,
1136 3694 1199 3752 vult
1221 3692 1296 3752 olias
1320 3709 1433 3752 mecum
1456 3691 1529 3750 inire

160 3779 366 3854 conditiones,
391 3779 420 3838 id
443 3785 473 3838 ιιι
495 3797 561 3842 ntea
584 3789 613 3842 et
635 3785 733 3842 uxoris
756 3787 901 3861 potestate
926 3783 988 3857 arlt,
1013 3779 1139 3841 velimne
1163 3787 1316 3858 acceptare
1340 3797 1377 3838 ιιιι
1400 3780 1528 3856 pristinis

159 3867 332 3944 inhaerere,
358 3885 436 3944 quae
459 3871 547 3928 etiam
569 3871 599 3927 in
622 3887 688 3930 enm
712 3877 849 3930 eventum
872 3869 971 3929 volere
995 3867 1111 3928 debent.
1149 3867 1246 3928 Debet
1266 3867 1377 3928 hoel).
1395 3863 1530 3944 Tycherrt

160 3962 191 4016 et
211 3955 290 4016 illud
317 3954 509 4035 persuadere,
533 3955 612 4033 quod
633 3957 721 4016 taeile
746 3955 834 4029 videt,
858 3964 910 4015 aut
926 3955 1092 4015 diuturnum
1109 3965 1160 4014 aut
1179 3955 1343 4032 iracundum
1362 3955 1529 4014 convictum

159 4052 295 4104 nostram
322 4057 474 4105 essenon
499 4036 599 4121 p'osse,
624 4043 692 4103 dnm
716 4045 772 4103 irae
801 4054 959 4122 perpetuae
982 4041 1168 4103 contusiones
1191 4045 1397 4104 oeconomieae
1419 4057 1466 4099 me
1489 4035 1528 4098 ad

158 4133 311 4192 insaniam
339 4139 371 4191 et
394 4129 563 4190 addicendi
586 4131 782 4210 carpendique
807 4133 1058 4208 intemperantiam
1082 4129 1213 4207 adigunt.
1251 4131 1364 4204 Taceo,
1388 4127 1468 4205 qued
1492 4123 1529 4185 ad

158 4219 315 4281 cavendas
348 4219 451 4278 turbas
482 4211 656 4278 familiarum
683 4232 834 4296 utinquam
862 4222 934 4278 satis
964 4217 1163 4278 conditionum
1194 4219 1258 4278 terri
1282 4219 1383 4296 possit.
1428 4215 1529 4274 ‘lertio

157 4323 256 4385 neque
288 4309 363 4366 stne
393 4305 547 4365 eomnredo
570 4307 720 4386 i¹ychonls
751 4308 818 4380 erit,
849 4307 874 4366 el
896 4305 1010 4382 Prngae
1042 4307 1181 4366 habitam.
1226 4305 1379 4364 conducet
1406 4316 1459 4382 pro
1482 4315 1529 4359 me

128 4406 133 4414 '
158 4395 324 4468 conclave,
353 4395 517 4472 prospiciat
539 4395 609 4452 mihi
634 4393 669 4454 de
693 4393 796 4472 liguis,
821 4401 850 4453 et
872 4396 987 4470 quoties
1012 4393 1137 4470 Pragam
1160 4395 1241 4453 venit
1264 4393 1301 4452 ad
1324 4408 1370 4450 me
1394 4389 1530 4460 divertat

157 4487 322 4561 pecuniam
355 4479 408 4540 det
429 4484 514 4540 uxori
543 4499 627 4542 meae
649 4497 702 4561 pro
735 4479 865 4542 emendis
888 4477 955 4540 dum
979 4480 1062 4542 adest
1086 4479 1278 4553 victualibus,
1311 4495 1370 4538 ιιοιι
1400 4479 1530 4554 ineptam

158 4574 333 4652 experietur
367 4583 505 4645 coquam.
557 4571 642 4628 Emat
670 4587 794 4630 avenam
824 4569 1026 4642 Boleslaviae,
1059 4568 1148 4629 vehat
1170 4571 1198 4625 in
1224 4567 1340 4639 orbern,
1371 4563 1529 4643 prospiciat

158 4663 242 4736 equis
268 4659 308 4719 de
335 4654 471 4716 stabulo.
516 4651 547 4716 st
571 4655 641 4736 quid
665 4657 777 4734 Pragae
802 4656 934 4717 ellectum
957 4655 1039 4730 velit,
1062 4658 1159 4715 mittat
1182 4653 1219 4713 ad
1243 4669 1289 4712 me
1313 4651 1358 4712 vcl
1375 4651 1531 4712 Danielem

157 4747 204 4810 vel
226 4747 412 4809 studiosum
436 4741 579 4821 aliquem,
604 4747 796 4805 eenrenintur
818 4743 854 4805 de
877 4743 1085 4805 hebdomadali
1109 4743 1258 4820 symposio
1279 4739 1380 4817 ibique
1399 4754 1531 4801 commo-

157 4845 234 4896 retur
259 4845 327 4895 tam
354 4832 523 4908 (linquam
547 4839 744 4894 estnecesse.
781 4827 1137 4894 Itamultossumtusin
1161 4825 1393 4890 annoredimet.
1431 4827 1531 4888 Vicis-

157 4925 210 4986 sim
233 4939 311 5004 ego,
339 4919 465 5000 quoties
487 4928 605 4999 propter
623 4923 823 4983 ashonomioa
845 4917 944 4981 studia
966 4933 1060 4996 eaque
1080 4915 1236 4996 praecipue
1257 4931 1324 5060 elga
1338 4919 1530 4978 amanuensis
