3662 5544
836 453 915 513 roa.
1222 480 1226 490 .
1478 454 1542 527 ers
1616 450 1621 464 ¹
1664 528 1666 540 ,

192 635 309 694 editione
332 635 467 708 legimus:
485 677 577 696 .....
614 631 712 707 Potui,
736 633 815 711 quod
837 653 885 697 res
907 625 961 712 est',
985 649 1143 712 recensere,
1165 635 1270 699 atellae
1292 637 1379 699 finem
1401 653 1460 700 non
1477 645 1546 702 anie

192 720 385 782 Februarium
407 722 497 798 hujus
519 723 588 782 anni
610 729 720 782 certum
742 722 849 800 fuisse,
872 741 1006 802 quaeque
1029 725 1122 800 prima
1144 725 1231 802 hujus
1254 723 1346 786 libelli
1360 735 1444 806 parte
1459 725 1495 788 de
1511 745 1547 788 ea

192 811 299 886 scripta
321 817 351 871 et
375 809 526 887 disputate
547 817 617 870 sunt
638 813 840 885 astronomiae,
864 803 999 890 physice,
1022 809 1237 890 metaphysica,
1267 831 1303 875 ea
1324 818 1368 875 sic
1389 815 1419 873 in
1441 822 1545 892 parato

192 897 296 971 fuisse,
326 905 359 957 ut
386 899 553 975 praeteritis
575 897 744 959 vernalibus
767 899 905 958 nundinis
928 899 1221 960 Francofortensibus
1247 899 1364 979 prodire
1386 903 1564 980 potuerint„

192 987 249 1044 uici
270 1003 318 1045 me
340 1002 410 1064 spes
433 985 588 1046 adventuri
610 987 786 1064 typographi
810 986 969 1048 fefellisset.
1015 989 1062 1048 Da
1085 987 1345 1065 significationibus
1368 1007 1448 1064 rsro,
1472 1008 1547 1068 quas
1595 987 1598 994 ’

191 1070 284 1134 altera
305 1083 390 1150 parte
414 1073 584 1152 complexus
607 1073 779 1150 hueusque
802 1077 892 1150 traxi,
925 1077 1064 1151 seribere,
1095 1093 1156 1135 rem
1179 1093 1243 1138 esse
1266 1077 1444 1153 taediosam,
1475 1091 1545 1155 per·

189 1159 307 1234 plenam
330 1161 491 1238 multisque
513 1163 589 1221 euris
611 1173 641 1230 et
662 1162 861 1222 anxietatibus
883 1165 1054 1237 exercitam,
1085 1173 1118 1222 ut
1139 1165 1264 1236 animus,
1288 1164 1546 1226 demonstrationi·

190 1248 246 1306 bus
268 1251 454 1324 geometricis
477 1258 621 1322 assuetus,
645 1249 831 1309 considerata
847 1250 1101 1310 fundamentorum
1118 1253 1288 1324 vitiositate,
1312 1251 1475 1314 diutissime
1498 1256 1545 1312 iu·

189 1341 250 1394 star
268 1336 394 1412 jumenti
413 1340 570 1415 pertinacis
592 1338 714 1412 restitut,
739 1337 832 1398 donee
846 1339 943 1416 plagis
959 1347 988 1400 et
1001 1341 1157 1400 verborum
1173 1341 1287 1416 probris
1304 1338 1425 1402 adactus
1440 1340 1545 1418 pedem

189 1425 218 1481 iu
242 1423 299 1484 hac
321 1423 428 1484 lacuna
451 1433 541 1502 ponat
563 1434 619 1488 etc.

294 1513 495 1585 Maximiliano,
521 1515 651 1571 lustriae
670 1513 831 1584 Anchialum,
856 1516 954 1572 librum
973 1517 1091 1573 offerens
1109 1518 1215 1574 scribit:
1233 1514 1336 1574 Mores
1348 1511 1465 1574 libellus
1481 1517 1544 1592 ipse

190 1605 322 1659 excusat.
369 1593 463 1660 Stella
485 1615 555 1660 num
580 1601 724 1659 exstincta
746 1601 799 1672 sit,
823 1617 882 1659 nen
904 1610 973 1662 ante
995 1601 1134 1660 Martium
1156 1602 1244 1677 lrujus
1266 1605 1334 1662 anni
1357 1605 1423 1662 seiri
1439 1605 1544 1678 potuit

190 1687 234 1746 Ex
258 1703 295 1748 ec
318 1685 357 1746 ad
380 1687 525 1748 nundinas
548 1687 684 1747 vernales
706 1690 860 1762 angustius
880 1689 938 1748 fuit
958 1691 1102 1766 spatiruu,
1132 1705 1220 1766 quern
1243 1699 1276 1749 ut
1297 1698 1389 1750 toturn
1413 1689 1545 1750 libellum

188 1773 328 1851 perficere
350 1792 477 1852 possem.
523 1773 630 1834 Aestas
653 1791 722 1834 vero
745 1773 818 1835 haec
841 1793 916 1852 qnae
938 1793 996 1835 non
1020 1775 1152 1836 exhibuit
1175 1775 1407 1856 impedimenta?
1440 1777 1545 1854 ltaque

69 1903 72 1910 -
182 1863 237 1922 uix
262 1859 301 1923 ed
318 1861 389 1923 ldua
403 1863 590 1941 Septembres
612 1862 803 1940 archetypum
826 1865 934 1940 perfeci
957 1872 987 1923 et
1010 1861 1232 1926 francofurtum
1252 1865 1454 1926 commendari
1477 1873 1545 1925 tau-

187 1948 315 2027 demque
337 1959 405 2011 ante
428 1951 555 2010 triduum
579 1949 760 2026 exemplaria
781 1953 924 2028 impressa
945 1961 1049 2012 neotus
1070 1953 1122 2012 fni.

294 2048 416 2106 Libellus
439 2065 507 2119 quos
525 2050 661 2120 Keplerus
686 2049 757 2104 libro
781 2049 814 2105 de
840 2051 926 2107 Stella
942 2053 1020 2106 liora
1044 2051 1199 2120 subjunxit:
1224 2052 1269 2108 De
1287 2051 1375 2109 Stella
1396 2053 1428 2108 ier
1451 2051 1545 2124 Cyprio

187 2137 329 2195 Narratio
347 2137 544 2194 Astroa'omico
566 2145 594 2192 et
618 2137 662 2194 De
680 2137 749 2194 Jeers
769 2136 873 2195 Clariae
895 2139 966 2195 Vero
984 2139 1069 2195 Areae
1086 2139 1238 2208 Natalitr'o,
1262 2139 1403 2210 inscripsit
1426 2141 1544 2209 priorem

187 2225 221 2280 [ι.
240 2225 373 2280 Baroni
391 2224 418 2278 J.
437 2223 470 2282 F.
489 2225 515 2280 Η
524 2224 711 2288 offmenno,
729 2225 907 2294 posteriorem
925 2227 1056 2282 ioanni
1073 2227 1243 2282 Baruitio
1263 2227 1347 2296 ,Imp
1365 2225 1544 2296 liudolphus

185 2311 307 2370 consiliis
326 2311 421 2368 aulicis
441 2320 469 2368 et
487 2312 599 2368 secretis
617 2312 745 2369 intimat.

290 2399 323 2454 ln
342 2399 461 2470 epistola
479 2397 647 2456 dedicatoria
670 2399 705 2454 ad
724 2400 749 2454 H
756 2400 793 2455 cf
798 2399 972 2456 fmannum
997 2401 1062 2456 data
1086 2401 1152 2470 (non
1176 2401 1315 2471 adscripto
1334 2401 1391 2470 die)
1416 2402 1485 2457 haec
1505 2401 1544 2456 illi

185 2487 325 2558 lieplerus
343 2488 371 2542 in
390 2489 547 2544 memoriam
563 2493 688 2543 revocat:
720 2483 848 2559 Quartus
871 2485 919 2545 bic
941 2503 1036 2546 annus
1059 2493 1118 2556 eat,
1142 2501 1177 2543 ex
1201 2501 1260 2560 quo
1282 2487 1407 2561 primum
1429 2483 1467 2545 ad
1489 2501 1545 2545 nos

182 2571 314 2649 Pragam
345 2571 425 2631 fama
453 2589 549 2632 norae
577 2570 680 2632 stellae
712 2574 742 2630 in
765 2572 868 2650 Cygno
897 2581 1017 2634 exortae
1045 2573 1178 2648 pervenit
1196 2575 1261 2644 (cfr.
1281 2575 1334 2631 rol.
1353 2577 1391 2633 ll.
1420 2593 1448 2646 p.
1468 2578 1543 2646 itt).

183 2659 254 2720 liret
277 2669 351 2718 tenc
371 2677 472 2720 recens
494 2661 580 2720 nobis
609 2658 692 2718 dolor
713 2677 749 2719 ex
778 2661 884 2720 acerbo
914 2661 1016 2720 funere
1039 2659 1187 2737 'lyclronis
1210 2659 1333 2732 Brabei,
1362 2675 1449 2736 quem
1478 2676 1543 2721 curn

182 2746 243 2807 alia
264 2747 381 2822 mults,
410 2755 471 2807 tum
494 2745 553 2807 boc
581 2763 699 2823 quoque
722 2745 863 2807 reddebat
891 2749 1124 2820 acerbissimum,
1155 2746 1233 2822 qnod
1262 2747 1301 2805 ab
1332 2746 1383 2806 illo
1412 2755 1543 2824 tempore

181 2836 402 2910 pretiosissime
433 2835 485 2894 illa
508 2833 640 2912 supellex
663 2836 918 2894 instrumentorum
948 2835 1223 2907 astronomicarum,
1255 2849 1333 2910 quae
1356 2833 1487 2895 liralteus
1513 2835 1542 2892 ln

180 2923 359 2983 Bobemiam
392 2921 546 2995 intulerat,
578 2921 706 2998 quadarn
735 2921 931 2983 inextricabili
958 2923 1019 2982 feto
1052 2921 1187 2982 chuetris
1216 2928 1246 2980 et
1274 2922 1409 2980 obicibus
1437 2923 1542 2999 positis

180 3009 381 3070 delitescebat
404 3013 433 3067 in
455 3009 593 3071 tenebris.
641 3009 745 3086 ltaque
769 3027 834 3069 curn
858 3026 958 3070 eorum
981 3027 1052 3082 uerus
1076 3016 1155 3070 esset
1175 3007 1246 3067 mibi
1269 3008 1460 3081 interclusus,
1490 3017 1542 3071 tua

180 3105 279 3158 mmen
304 3096 485 3158 liberalitate
508 3097 598 3173 prurio
620 3105 690 3156 ante
713 3100 863 3174 provisam
895 3106 958 3158 erat
978 3115 1062 3159 meae
1085 3098 1211 3172 inopiae.
1256 3096 1399 3154 Nimirum
1421 3099 1542 3173 praeri-

178 3183 264 3246 dcras
277 3184 345 3262 jam
362 3192 430 3244 ante
447 3184 547 3244 divino
563 3185 690 3261 quodam
706 3187 853 3259 instinctu,
870 3201 1009 3262 quorsum
1028 3203 1076 3245 res
1090 3183 1313 3254 astronomicae,
1329 3183 1387 3243 boc
1400 3187 1541 3260 magistro

178 3270 360 3344 destitutae,
389 3271 459 3330 oliuu
488 3281 660 3348 vergerent:
691 3275 792 3348 itaque
821 3276 891 3332 viro
920 3276 1078 3334 ctisnurum
1101 3272 1216 3330 Braheo
1245 3277 1275 3329 et
1302 3273 1354 3329 uix
1379 3289 1487 3330 annum
1512 3273 1541 3329 iu

178 3359 328 3421 Bobemia
352 3369 479 3434 versato,
502 3368 613 3436 partera
637 3377 770 3419 curarum
795 3359 870 3418 ultro
893 3363 921 3418 in
946 3371 975 3422 te
994 3360 1184 3432 transtulisti;
1208 3358 1332 3434 denique
1348 3357 1540 3434 quadrantem

177 3447 393 3508 aeimutlrelem
417 3459 447 3506 et
469 3456 642 3520 sextantem,
666 3465 701 3506 ex
724 3449 799 3506 ferro
822 3447 908 3522 bunc,
931 3449 1014 3508 illurn
1030 3467 1064 3506 cn
1081 3446 1236 3518 crielraluo,
1259 3448 1318 3504 tuis
1341 3449 1487 3506 sumtibus
1502 3447 1539 3506 ad

177 3536 342 3612 imaginem
367 3535 587 3594 Brabeeuorum
611 3537 806 3595 conformatus
829 3535 970 3594 nonnullo
993 3545 1091 3595 sumtu
1116 3535 1305 3610 comparasti3
1330 3550 1406 3610 quae
1429 3537 1539 3593 instre-

177 3627 278 3684 urent'a
302 3622 424 3682 Braheu
447 3631 562 3682 mmtuo
581 3622 670 3699 paulo
694 3625 774 3699 prius
798 3641 886 3698 quam
909 3623 947 3684 de
969 3623 1055 3684 stella
1069 3622 1253 3682 audissemus
1276 3623 1349 3680 meis
1365 3623 1468 3682 usibus
1484 3623 1537 3682 aba

178 3709 215 3772 G.
238 3711 311 3770 Tua
335 3712 481 3786 permissa
502 3711 699 3787 possidebam.
814 3750 818 3759 ·

283 3797 374 3871 Quae
396 3801 496 3874 itaque
519 3801 549 3856 iu
571 3797 628 3857 lrac
649 3797 738 3858 stella
760 3797 840 3857 bisce
863 3800 922 3856 tuis
945 3799 1144 3857 instrumentis
1160 3797 1386 3856 observaveram
1403 3813 1538 3872 quaeque

176 3885 212 3946 de
234 3903 273 3946 ee
297 3885 429 3944 dicenda
451 3897 549 3945 essent
570 3895 749 3958 astronomo,
772 3883 823 3944 illo
845 3902 923 3943 anno
946 3886 1108 3961 perscripta
1129 3886 1272 3960 otpaueis
1293 3884 1442 3959 aliquibus
1457 3899 1538 3943 com-

174 3977 341 4046 municate,
366 3973 535 4049 cogitabam
558 3973 644 4034 edere
666 3973 790 4048 Tuoque
806 3973 924 4031 Nemini
947 3973 1097 4046 dedicare,
1120 3989 1209 4048 quam
1231 3973 1454 4048 promissionem
1475 3987 1539 4029 rne-

174 4063 286 4120 rnieisti
311 4077 363 4120 me
385 4077 483 4120 coram
506 4061 601 4120 facere
604 4102 710 4124 .....
756 4059 834 4135 Quid
849 4077 955 4121 cauma
972 4076 1040 4121 vero
1063 4059 1126 4132 fuit,
1150 4075 1201 4120 cur
1215 4059 1244 4117 id
1260 4057 1339 4133 quod
1362 4066 1424 4119 erat
1446 4057 1538 4116 desti-

174 4157 277 4210 natum
302 4145 568 4208 intermitteretur?
605 4149 707 4208 Finem
724 4153 893 4224 exspectare
909 4150 1046 4208 volebam
1062 4150 1131 4206 novi
1147 4147 1342 4222 phaenomcni
1365 4147 1536 4218 intereaque

174 4237 212 4296 ad
233 4239 419 4312 praecipuos
441 4235 663 4295 mathematicos
686 4239 799 4312 scripsi,
822 4233 998 4295 collecturus
1022 4251 1121 4295 ecrurn
1148 4235 1295 4308 suffragia.
1341 4233 1415 4291 cum
1438 4239 1536 4289 autern

173 4339 271 4400 aeque
294 4322 388 4384 stella
404 4325 644 4398 exstingueretur,
666 4341 722 4382 nec
736 4341 774 4382 ea
787 4323 995 4400 prumtitudiue
1010 4322 1220 4399 responderent
1235 4319 1431 4379 mathematici
1448 4334 1536 4392 quam

174 4413 343 4489 sperabam,
370 4417 487 4486 tempus
510 4413 621 4470 interea
644 4411 758 4487 lapsum
782 4418 835 4482 est,
858 4411 953 4470 donec
975 4419 1042 4487 post
1065 4412 1211 4470 biennium
1235 4403 1410 4482 etamplius
1434 4408 1536 4480 ingens

174 4499 224 4560 illa
245 4517 333 4560 nova
358 4496 447 4556 stella
468 4497 618 4576 atinharet
640 4501 669 4556 in
692 4499 766 4575 pede
789 4498 985 4574 Serpeutarii3
1016 4500 1100 4574 erius
1122 4495 1256 4556 masculi
1278 4491 1449 4566 magnitudo
1471 4509 1536 4552 cum

173 4586 363 4648 luculentam
392 4584 530 4661 aliquan»
556 4581 784 4661 disputationem
810 4603 932 4662 poscere
962 4586 1123 4658 rideretur,
1155 4597 1281 4656 aequum
1305 4578 1473 4652 ridebatur,
1504 4588 1535 4640 ut

175 4691 268 4752 perra
298 4673 401 4751 Cygni
434 4671 536 4744 stella,
568 4675 712 4732 novitatis
743 4688 800 4733 non
829 4673 906 4732 adeo
937 4675 1103 4746 confessae,
1134 4671 1219 4728 sicuti
1250 4667 1383 4726 claritate
1413 4666 1536 4728 cedebat

175 4779 308 4843 nuperae
334 4758 381 4819 ilii
403 4761 433 4818 in
449 4758 643 4838 Serpentario,
666 4764 710 4821 sic
731 4760 830 4821 locum
851 4763 939 4820 etiem
963 4763 989 4820 ei
1012 4763 1135 4836 primurn
1157 4760 1186 4813 in
1210 4754 1285 4812 libro
1307 4753 1490 4816 concederet

278 4849 349 4908 Etsi
373 4845 465 4922 igitur
487 4847 564 4907 hunc
585 4849 616 4906 in
638 4847 758 4909 modum
777 4847 880 4924 jeiuna
908 4849 988 4908 fecta
1016 4857 1061 4908 est
1089 4847 1163 4904 baec
1191 4841 1318 4916 scriptio·
1340 4847 1370 4902 et
1392 4857 1466 4921 pene
1489 4845 1536 4902 in-

176 4936 273 5018 digna,
297 4950 384 5014 quae
406 4933 549 5011 peculiari
571 4937 760 5016 inscriptione
773 4953 793 4996 a
807 4935 881 4997 libro
897 4936 1009 5010 reliquo
1031 4937 1223 5014 separaretur,
1245 4933 1346 4991 umen
1360 4947 1455 5010 neque
1470 4929 1536 4992 Tua
