3588 5540
830 405 906 466 1⁰29·
1474 399 1539 478 919

288 583 398 664 Specta
426 583 565 648 festivom
591 583 738 649 scribendi
767 601 878 664 genns3
909 585 1037 665 epistola
1066 599 1125 648 999
1147 591 1181 647 91
1203 591 1319 650 1919199
1342 593 1457 664 991919,
1487 588 1540 650 999

183 674 272 754 91999
293 673 449 753 plumbea,
480 691 569 752 qnam
598 675 672 735 meis
701 675 838 734 manibus
867 674 1024 736 collectam
1047 671 1225 736 Goerlicium
1247 676 1314 735 misi
1337 674 1375 738 ad
1397 675 1539 754 proelum.

184 763 260 824 Eam
283 763 389 824 lectam
412 779 484 840 rogo
506 762 599 822 literis
623 762 707 823 Remi
727 764 853 840 jungas,
881 779 940 822 999
970 765 1080 822 omissa
1107 765 1211 824 intima
1238 767 1357 841 pagina.
1403 765 1540 840 1911919,

182 849 250 912 Deo
274 849 504 912 commendatus.
527 883 571 895 -
594 849 712 910 Dabam
734 850 845 926 Sagani
872 849 1014 928 postridie
1038 848 1101 910 Gal.
1123 849 1213 912 Mart.
1238 849 1325 930 Greg.
1350 853 1419 911 anni
1446 859 1540 913 1629.

287 939 484 1016 Keplcrus
506 937 710 1015 Berneggero:
733 936 764 998 S.
782 937 816 996 P.
833 937 870 996 D.
895 937 1065 998 clarissime
1087 941 1264 1000 amicissime
1287 941 1340 1000 vir.
1379 939 1541 1001 Gbrlicium

184 1027 284 1088 19911
302 1026 477 1088 milliaribus
491 1023 609 1120 Sagano
632 1023 776 1102 epistolae
799 1041 883 1087 meaa
899 1041 997 1100 eausa,
1021 1041 1109 1102 quam
1123 1025 1316 1087 Rhambanns
1338 1027 1541 1106 typographus

184 1123 213 1176 91
244 1120 342 1174 999199
375 1111 506 1190 neglexit
535 1116 649 1173 mittere
678 1112 809 1190 Lipsiam
839 1120 869 1174 91
897 1113 1138 1188 Francofnrtnm,
1168 1118 1198 1174 et
1223 1113 1411 1194 ,sportulac“
1440 1133 1542 1192 causa,

188 1219 276 1280 quam
300 1202 437 1261 manibus
459 1203 533 1262 meis
556 1200 710 1262 collectam
733 1199 843 1277 Saganl
866 1203 961 1260 renuit
985 1202 1148 1278 imprimere
1171 1210 1239 1262 ante
1264 1209 1281 1262 6
1306 1207 1495 1280 septimanas.

292 1290 371 1348 Dum
395 1288 443 1348 hic
465 1307 539 1362 sum,
562 1287 662 1348 literas
685 1288 798 1366 accipio
815 1304 954 1363 meorum,
979 1289 1087 1365 quibus
1102 1295 1155 1348 tua
1176 1291 1205 1346 in
1221 1287 1311 1349 filiam
1333 1309 1429 1352 meam
1444 1292 1543 1352 munl-

187 1377 305 1438 ficentia
327 1376 560 1450 commendatur,
585 1377 703 1435 omnino
725 1393 791 1436 cnm
814 1374 935 1452 querela
958 1378 1102 1453 inopinati
1125 1384 1155 1436 91
1177 1379 1359 1454 99991199119
1381 1381 1542 1456 petitionis.

183 1465 246 1542 Ego
270 1475 303 1525 ut
333 1467 386 1524 tibi
415 1466 526 1541 gratias
556 1481 644 1539 agam
675 1479 749 1524 onus
779 1461 859 1523 aliud
889 1466 1024 1540 impono:
1056 1466 1097 1524 sis
1127 1463 1206 1523 filiae
1237 1467 1418 1528 maritandae
1448 1475 1541 1544 99191.

183 1553 290 1613 Scribit
312 1552 350 1614 ad
373 1570 419 1612 me
441 1549 1079 1626 9919199919919911119111199199911199119,
1104 1549 1211 1628 ‘vidum
1236 1553 1325 1612 vellet
1346 1553 1425 1614 11999
1446 1555 1542 1636 legere

183 1641 310 1702 91119991.
354 1641 394 1700 At
416 1643 516 1718 inepta
538 1640 738 1717 9919199999
760 1641 948 1717 9191991991
969 1637 1047 1698 filiae
1070 1657 1153 1699 meae
1176 1638 1369 1700 deridiculum
1392 1659 1458 1702 cum
1480 1645 1542 1703 suis

183 1731 356 1808 praeconiis.
396 1727 460 1803 ligo
490 1725 686 1786 conditionem
719 1724 825 1798 laudo,
857 1725 935 1786 filiae
966 1743 1050 1787 meae
1079 1727 1168 1787 faveo
1197 1725 1363 1806 vallemque
1390 1729 1542 1808 adjutem3

183 1816 306 1893 etquid
329 1833 450 1895 possum
472 1814 589 1888 absens,
613 1817 747 1891 ignorata
769 1812 922 1874 voluntate
942 1813 1108 1893 personae?
1144 1815 1182 1873 lit
1196 1821 1312 1895 tempus
1331 1817 1394 1894 Jam
1411 1818 1543 1898 elapsum

182 1911 265 1984 puto.
311 1901 346 1964 Id
369 1905 394 1962 si
417 1911 475 1977 est,
498 1902 586 1962 aliam
610 1919 678 1961 ecce
701 1900 915 1975 conditionem,
946 1903 971 1960 si
998 1910 1029 1963 tu
1059 1919 1124 1962 eam
1150 1901 1328 1964 laudaveris.
1373 1904 1428 1965 lile
1451 1909 1543 1979 (Bsrt

181 1994 290 2061 schino)
314 2009 396 2050 meus
418 1991 548 2062 11911199,
580 1989 695 2065 collega
717 1988 832 2062 calculi,
856 1989 974 2051 coelebs
1004 1988 1102 2050 adhue
1131 1998 1176 2049 est
1202 1994 1412 2070 suspensisque
1444 1995 1545 2052 consi-

184 2077 233 2136 liis
263 2077 488 2139 connubialibus
516 2077 731 2155 contemplatur
758 2083 895 2136 arentum
918 2077 1132 2138 reformationis
1159 2079 1189 2146 19
1212 2073 1347 2140 Lusatia.
1392 2079 1545 2146 Periculo-

153 2183 157 2200 ¹
183 2167 317 2226 sissimus
340 2175 385 2226 est
406 2173 501 2226 status
524 2163 737 2244 provinciolae,
772 2163 890 2224 Saxone
913 2163 1111 2225 defensionem
1133 2166 1247 2226 eminus
1270 2169 1424 2228 minitante
1446 2171 1545 2248 potius

184 2270 274 2330 quam
297 2260 433 2334 parante,
457 2251 601 2330 siquidem
624 2251 675 2311 ille
697 2250 819 2326 viribus,
843 2259 877 2312 ot
898 2258 993 2312 metus
1016 2257 1077 2326 est,
1100 2253 1282 2314 succumbat.
1326 2254 1428 2332 Rogo,
1457 2271 1545 2334 quem

184 2347 217 2400 tu
245 2341 328 2402 lllmn
351 2349 487 2420 expertus
511 2341 715 2416 Argentorati,
740 2341 847 2416 quibus
869 2341 1012 2414 moribus,
1036 2341 1182 2400 sumtibus
1205 2343 1294 2416 vixit,
1318 2359 1396 2420 quaa
1417 2361 1486 2423 spes
1509 2343 1546 2404 da

185 2445 239 2508 spe
262 2431 326 2507 ejus
355 2429 390 2488 dc
414 2428 621 2504 Argentineusi
649 2427 831 2504 professione
853 2429 882 2484 in
907 2436 1044 2488 eventum
1075 2425 1232 2488 sinistrum
1255 2429 1421 2490 Lusatise‘l
1464 2429 1545 2492 Male

183 2533 231 2577 me
253 2517 343 2578 habet
365 2533 464 2590 unum,
487 2516 567 2592 quod
590 2514 747 2576 anchoram
770 2513 934 2574 studiorum
957 2517 986 2573 in
1009 2514 1171 2592 astrologia
1192 2515 1272 2592 figit,
1300 2519 1475 2578 medicinam
1498 2521 1546 2576 in-

184 2621 273 2684 99991
294 2604 392 2664 habet.
425 2603 456 2664 Si
479 2603 552 2663 talia
573 2604 698 2662 scribere
720 2610 805 2682 potes
827 2601 865 2662 ad
880 2620 936 2676 me,
961 2603 1062 2680 qualia
1083 2604 1147 2680 ipse
1161 2595 1348 2664 satisfactura
1362 2606 1434 2664 mihi
1448 2615 1544 2686 putas,

184 2708 267 2770 rogo,
291 2693 386 2752 scribe
409 2691 446 2750 ed
470 2693 584 2772 ipsnm:
608 2693 734 2768 primum
757 2698 874 2767 negato,
902 2689 1066 2754 consultum
1089 2690 1207 2766 abjecta
1229 2692 1374 2752 medicina
1396 2695 1425 2750 in
1449 2695 1545 2754 solam

185 2781 331 2840 mathesin
359 2780 542 2852 recumbere,
573 2777 678 2838 deinde
709 2793 791 2857 spem
814 2775 856 2836 illi
886 2777 990 2851 199119,
1021 2778 1227 2838 1919919199
1256 2779 1395 2856 suffragio
1425 2781 1545 2858 adjutus

184 2869 363 2946 Argentiaae
394 2869 423 2925 in
454 2873 591 2928 eventum
616 2865 767 2926 commode
795 2861 901 2941 degere
923 2867 1030 2944 possit,
1061 2869 1123 2923 turn
1146 2865 1238 2940 adde,
1267 2869 1338 2942 quin
1364 2866 1414 2928 ille
1437 2869 1544 2946 potins,

185 2957 265 3033 qnod
289 2963 378 3035 eaput
400 2959 452 3028 est,
476 2961 575 3033 aperte
591 2953 786 3030 aggrediatur,
811 2951 919 3011 dudum
936 2971 972 3012 ex
986 2952 1107 3031 publica
1123 2953 1249 3030 epistola
1267 2963 1429 3032 suspectus,
1453 2954 1545 3016 filiam

184 3061 281 3104 meam
306 3051 388 3122 petat
409 3040 457 3102 vel
481 3041 755 3120 1919999199999,
779 3042 830 3118 qui
853 3041 893 3099 sis
916 3040 959 3099 illi
982 3041 1096 3101 ricinus
1126 3050 1229 3120 91991
1256 3039 1357 3102 literas
1384 3041 1544 3103 familiaris.

183 3131 317 3212 Sapienti
338 3139 394 3192 sat.
440 3129 568 3208 Propero
592 3128 720 3188 domum.
765 3126 851 3191 Vale.
896 3127 1364 3207 (191119991911991699.

291 3229 529 3300 111919911991911
549 3229 575 3286 9.
594 3229 780 3300 19199991.
801 3227 878 3299 1629,
897 3243 931 3282 ex
950 3233 1029 3298 parte
1047 3227 1099 3282 191.
1119 3227 1167 3284 VI.
1185 3244 1213 3298 p.
1233 3227 1286 3285 626
1304 3236 1333 3284 91
1351 3243 1435 3299 99919
1452 3245 1479 3300 p.
1495 3227 1545 3286 116

183 3319 385 3391 919999919199.
421 3318 538 3373 Anxium
557 3333 587 3372 99
606 3333 668 3372 9999
686 3317 724 3372 911
743 3315 776 3370 99
795 3315 878 3370 rebus
899 3315 1175 3384 99191199199911199,
1195 3315 1230 3370 99
1247 3332 1348 3386 mappa
1365 3317 1477 3372 9991199
1493 3323 1545 3374 919.

184 3415 212 3464 91
230 3409 350 3478 9999191,
368 3407 475 3463 misisse
494 3421 524 3462 se
542 3405 651 3463 tabulas
669 3404 877 3460 mathematicas
896 3403 1070 3474 typographo
1089 3403 1315 3460 Francofnrteusi
1332 3405 1511 3476 Tampachio.

289 3497 532 3566 Berncggorus
545 3495 664 3566 Keplero
678 3493 705 3549 S.
719 3493 750 3547 P.
765 3493 800 3548 D.
824 3491 876 3546 Vix
889 3491 993 3546 absolvi
1007 3491 1213 3548 Bartsehianarn
1227 3491 1380 3562 epistolam,
1394 3500 1421 3547 91
1434 3505 1545 3564 999199-

182 3583 219 3642 sit
236 3599 280 3639 me
298 3581 456 3638 tabellarius
468 3579 689 3652 Noribergensis,
707 3581 824 3638 1911991
842 3595 986 3651 91999999;
1005 3579 1098 3648 itaque
1117 3593 1206 3648 neque
1224 3577 1301 3636 illam
1318 3580 1441 3651 relegere
1460 3581 1547 3650 potui,

184 3687 236 3728 999
253 3670 325 3726 binis
343 3670 399 3726 tuis
417 3669 546 3740 proximis
564 3672 741 3740 respondere.
764 3670 825 3724 Η99
843 3674 958 3738 tantum,
977 3668 1011 3722 D.
1028 3667 1183 3723 Cloteninm
1201 3659 1310 3724 dedisse
1328 3668 1394 3724 mihi
1412 3668 1547 3738 superiori

185 3760 340 3830 septimana
356 3757 464 3813 nomine
483 3758 526 3812 sui
537 3758 668 3827 principis
686 3774 736 3828 919
749 3757 841 3814 oblato
859 3755 930 3813 libro
948 3761 996 3810 tuo
1010 3755 1245 3824 Rudolphinerum
1264 3754 1407 3827 9191199991
1424 3769 1548 3826 9991999

184 3846 283 3914 majus,
302 3861 340 3900 99.
359 3859 458 3900 991999
476 3845 614 3900 Romanos
633 3845 659 3914 8,
685 3843 732 3914 qui
750 3844 919 3900 constituunt
936 3841 1091 3912 imperiales
1112 3845 1152 3899 10.
1170 3845 1214 3910 (99
1232 3849 1281 3896 rol.
1300 3849 1344 3896 vl
1364 3863 1390 3912 p.
1410 3848 1461 3897 696
1481 3847 1546 3894 1919-

184 3935 309 3996 199999).
345 3932 449 4002 Scripsi
471 3929 544 3987 111199
568 3930 677 3986 dehac
701 3931 832 4003 pecunia,
858 3931 985 3986 nunciavi
1010 3929 1208 4000 9999999119.
1244 3931 1299 3988 Sed
1322 3931 1376 3987 ista
1399 3931 1452 3987 sibi
1475 3929 1546 3984 mitti

185 4021 264 4090 petit,
283 4020 357 4090 quod
375 4019 493 4074 hicnon
512 4034 581 4090 opus
600 4020 710 4090 habeat,
729 4019 895 4090 magisterio,
913 4019 942 4074 19
959 4017 1034 4088 quod
1052 4019 1077 4073 ei
1095 4019 1239 4087 pecuniam
1257 4020 1329 4076 hanc
1346 4019 1549 4083 destinaveras,

185 4109 290 4180 pridem
310 4111 429 4165 obtento.
465 4107 493 4162 Si
512 4109 621 4178 quando
639 4108 674 4164 ad
693 4126 736 4166 me
755 4109 874 4166 seribere
892 4107 1026 4179 placebit,
1051 4123 1099 4162 oro
1118 4107 1228 4164 disertis
1250 4107 1341 4164 verbis
1357 4107 1440 4175 hujus
1459 4103 1545 4160 hono·

185 4197 250 4252 rarii
268 4192 437 4268 memineris,
462 4203 493 4254 ut
517 4196 605 4253 bonae
629 4195 694 4252 fidei
718 4211 793 4253 19999
816 4195 897 4251 fidem
915 4197 949 4260 D,
970 4195 1095 4252 Clutenio
1121 4192 1212 4251 199919
1235 4193 1352 4250 99199919
1375 4191 1459 4248 1119111
1481 4189 1537 4248 1919

187 4299 294 4353 queam.
329 4285 406 4342 Vale.
436 4285 535 4354 Script.
553 4283 587 4348 ὥς
605 4303 717 4354 sagrata.
745 4285 810 4354 Arg.
830 4285 856 4340 d.
877 4285 917 4338 11,
938 4283 1101 4352 1999111129.

292 4371 702 4444 Bernaggeruslleplaro
722 4371 749 4428 S.
767 4373 797 4426 P.
809 4373 842 4428 D.
869 4372 948 4441 Quod
966 4371 995 4427 19
1008 4370 1167 4428 Calendario
1186 4369 1359 4439 meonoteri,
1377 4369 1403 4425 d.
1421 4367 1460 4425 11.
1473 4365 1541 4436 119,Ῑί

186 4459 289 4516 1911991
313 4459 408 4516 1119199
430 4461 465 4516 ad
492 4459 546 4524 Te,
573 4459 623 4514 Vir
643 4461 772 4531 maxime,
799 4459 934 4531 simulque
959 4459 994 4516 ad
1019 4459 1192 4514 Bamsehium
1221 4463 1345 4514 99911919
1372 4455 1448 4524 9991,
1475 4469 1543 4526 quas

187 4545 381 4602 Eehsbreehto
407 4551 456 4601 199
474 4545 668 4616 Norimbergae
690 4548 805 4604 traditas
827 4549 855 4603 in
877 4563 972 4606 manus
997 4551 1072 4604 certo
1090 4546 1166 4612 9911,
1191 4561 1242 4601 999
1264 4546 1299 4601 ab
1324 4559 1356 4599 99
1380 4549 1454 4598 19919
1480 4557 1543 4614 pro-

188 4640 297 4689 9919199
321 4647 383 4688 9999
407 4631 509 4690 dubito.
546 4634 637 4704 Quare
655 4633 713 4704 jam
735 4651 807 4692 9999
828 4635 960 4693 119919199
985 4651 1029 4705 99,
1052 4637 1146 4704 91999,
1170 4631 1352 4688 9911191199199
1370 4629 1432 4702 1119,
1461 4647 1543 4702 quam

187 4725 344 4788 postremas
362 4725 426 4775 tuae
443 4735 510 4790 pras
533 4735 563 4778 99
588 4721 722 4788 19191991,
745 4722 775 4778 19
797 4723 897 4793 quibus
921 4723 995 4792 qaod
1014 4723 1048 4780 99
1065 4724 1155 4780 missis
1174 4721 1208 4777 99
1227 4719 1423 4790 Tampachinm
1441 4717 1543 4778 tabulis

190 4807 392 4865 mathematicis
411 4807 521 4878 scribis,
546 4807 664 4878 injecisti
687 4809 753 4866 mihi
771 4809 933 4868 desiderium
951 4811 1014 4868 illas
1033 4809 1140 4867 ridendi
1159 4816 1187 4864 et
1205 4809 1233 4863 in
1251 4823 1331 4862 usum
1349 4815 1459 4866 nostrae
1476 4825 1542 4880 qno-

188 4912 241 4968 que
261 4895 413 4966 1919919119
439 4897 612 4956 academicae
633 4899 803 4972 eonferendi3
828 4915 879 4956 999
902 4899 1039 4970 omittam,
1061 4903 1093 4954 91
1115 4896 1231 4969 primam
1253 4900 1297 4952 991
1315 4895 1437 4969 occasio,
1462 4895 1542 4953 Tam·

239 4985 502 5040 wratopmrm.
1297 4983 1333 5043 tt
