<?xml version="1.0" encoding="UTF-8"?>
<!DOCTYPE html PUBLIC "-//W3C//DTD XHTML 1.0 Transitional//EN"
    "http://www.w3.org/TR/xhtml1/DTD/xhtml1-transitional.dtd">
<html xmlns="http://www.w3.org/1999/xhtml" xml:lang="en" lang="en">
 <head>
  <title>
</title>
<meta http-equiv="Content-Type" content="text/html;charset=utf-8" />
  <meta name='ocr-system' content='tesseract 3.04.00' />
  <meta name='ocr-capabilities' content='ocr_page ocr_carea ocr_par ocr_line ocrx_word'/>
</head>
<body>
  <div class='ocr_page' id='page_1' title='image "./joanniskepleria25frisgoog_0474.png"; bbox 0 0 3612 5538; ppageno 0'>
   <div class='ocr_carea' id='block_1_1' title="bbox 564 426 1529 508">
    <p class='ocr_par' dir='ltr' id='par_1_1' title="bbox 564 426 1529 508">
     <span class='ocr_line' id='line_1_1' title="bbox 564 426 1529 508; baseline 0.021 -20"><span class='ocrx_word' id='word_1_1' title='bbox 564 426 676 499; x_wconf 84' lang='lat' dir='ltr'><strong>Kaplsri</strong></span> <span class='ocrx_word' id='word_1_2' title='bbox 692 427 833 488; x_wconf 79' lang='lat' dir='ltr'><strong>baama</strong></span> <span class='ocrx_word' id='word_1_3' title='bbox 851 427 942 492; x_wconf 83' lang='lat' dir='ltr'><strong>studia</strong></span> <span class='ocrx_word' id='word_1_4' title='bbox 958 432 1138 496; x_wconf 74' lang='lat' dir='ltr'><strong>seductrice.</strong></span> <span class='ocrx_word' id='word_1_5' title='bbox 1443 435 1529 508; x_wconf 82' lang='lat'><strong>1013</strong></span> 
     </span>
    </p>
   </div>
   <div class='ocr_carea' id='block_1_2' title="bbox 176 607 1532 782">
    <p class='ocr_par' dir='ltr' id='par_1_2' title="bbox 176 607 1532 782">
     <span class='ocr_line' id='line_1_2' title="bbox 176 607 1532 692; baseline 0.007 -22"><span class='ocrx_word' id='word_1_6' title='bbox 176 607 312 670; x_wconf 88' lang='lat' dir='ltr'><strong>metricas</strong></span> <span class='ocrx_word' id='word_1_7' title='bbox 335 609 410 672; x_wconf 88' lang='lat' dir='ltr'><strong>inter</strong></span> <span class='ocrx_word' id='word_1_8' title='bbox 432 627 464 674; x_wconf 88' lang='lat' dir='ltr'><strong>re</strong></span> <span class='ocrx_word' id='word_1_9' title='bbox 487 609 626 686; x_wconf 81' lang='lat' dir='ltr'><strong>conferre,</strong></span> <span class='ocrx_word' id='word_1_10' title='bbox 651 627 774 689; x_wconf 89' lang='lat' dir='ltr'><strong>quarum</strong></span> <span class='ocrx_word' id='word_1_11' title='bbox 798 628 888 688; x_wconf 82' lang='lat' dir='ltr'><strong>quum</strong></span> <span class='ocrx_word' id='word_1_12' title='bbox 909 613 949 672; x_wconf 91' lang='lat' dir='ltr'><strong>sit</strong></span> <span class='ocrx_word' id='word_1_13' title='bbox 970 629 1107 675; x_wconf 89' lang='lat' dir='ltr'><strong>numerus</strong></span> <span class='ocrx_word' id='word_1_14' title='bbox 1122 613 1262 692; x_wconf 82' lang='lat' dir='ltr'><strong>infinitus,</strong></span> <span class='ocrx_word' id='word_1_15' title='bbox 1287 615 1405 677; x_wconf 87' lang='lat' dir='ltr'><strong>omissis</strong></span> <span class='ocrx_word' id='word_1_16' title='bbox 1426 618 1532 680; x_wconf 85' lang='lat' dir='ltr'><strong>ceteris</strong></span> 
     </span>
     <span class='ocr_line' id='line_1_3' title="bbox 177 699 1531 782; baseline 0.006 -24"><span class='ocrx_word' id='word_1_17' title='bbox 177 715 303 776; x_wconf 87' lang='lat' dir='ltr'><strong>paucas,</strong></span> <span class='ocrx_word' id='word_1_18' title='bbox 327 715 403 774; x_wconf 86' lang='lat' dir='ltr'><strong>quae</strong></span> <span class='ocrx_word' id='word_1_19' title='bbox 429 699 607 778; x_wconf 83' lang='lat' dir='ltr'><strong>,pulcbrse‘</strong></span> <span class='ocrx_word' id='word_1_20' title='bbox 633 701 833 776; x_wconf 88' lang='lat' dir='ltr'><strong>cognominari</strong></span> <span class='ocrx_word' id='word_1_21' title='bbox 856 707 993 778; x_wconf 76' lang='lat' dir='ltr'><strong>possent,</strong></span> <span class='ocrx_word' id='word_1_22' title='bbox 1025 701 1193 765; x_wconf 86' lang='lat' dir='ltr'><strong>retinendas</strong></span> <span class='ocrx_word' id='word_1_23' title='bbox 1217 721 1298 780; x_wconf 78' lang='lat' dir='ltr'><strong>esse3</strong></span> <span class='ocrx_word' id='word_1_24' title='bbox 1327 704 1531 782; x_wconf 71' lang='lat' dir='ltr'><strong>analogiarum</strong></span> 
     </span>
    </p>
   </div>
   <div class='ocr_carea' id='block_1_3' title="bbox 177 785 1642 879">
    <p class='ocr_par' dir='ltr' id='par_1_3' title="bbox 177 785 1642 879">
     <span class='ocr_line' id='line_1_4' title="bbox 177 785 1642 879; baseline 0.004 -31"><span class='ocrx_word' id='word_1_25' title='bbox 177 803 251 858; x_wconf 84' lang='lat' dir='ltr'><strong>esse,</strong></span> <span class='ocrx_word' id='word_1_26' title='bbox 275 802 321 846; x_wconf 89' lang='lat' dir='ltr'><strong>res</strong></span> <span class='ocrx_word' id='word_1_27' title='bbox 344 789 442 864; x_wconf 90' lang='lat' dir='ltr'><strong>ipsas,</strong></span> <span class='ocrx_word' id='word_1_28' title='bbox 475 787 512 848; x_wconf 91' lang='lat' dir='ltr'><strong>sd</strong></span> <span class='ocrx_word' id='word_1_29' title='bbox 537 805 610 864; x_wconf 86' lang='lat' dir='ltr'><strong>ques</strong></span> <span class='ocrx_word' id='word_1_30' title='bbox 633 785 723 865; x_wconf 89' lang='lat' dir='ltr'><strong>plana</strong></span> <span class='ocrx_word' id='word_1_31' title='bbox 746 792 775 848; x_wconf 88' lang='lat' dir='ltr'><strong>at</strong></span> <span class='ocrx_word' id='word_1_32' title='bbox 798 802 921 864; x_wconf 88' lang='lat' dir='ltr'><strong>corpora</strong></span> <span class='ocrx_word' id='word_1_33' title='bbox 949 787 1097 865; x_wconf 88' lang='lat' dir='ltr'><strong>regularis</strong></span> <span class='ocrx_word' id='word_1_34' title='bbox 1124 794 1317 867; x_wconf 79' lang='lat' dir='ltr'><strong>pertinerent,</strong></span> <span class='ocrx_word' id='word_1_35' title='bbox 1350 791 1529 870; x_wconf 82' lang='lat' dir='ltr'><strong>comparare.</strong></span> <span class='ocrx_word' id='word_1_36' title='bbox 1639 855 1642 879; x_wconf 63' lang='lat'>‚</span> 
     </span>
    </p>
   </div>
   <div class='ocr_carea' id='block_1_4' title="bbox 176 872 1542 1480">
    <p class='ocr_par' dir='ltr' id='par_1_4' title="bbox 176 872 1542 1480">
     <span class='ocr_line' id='line_1_5' title="bbox 179 872 1532 954; baseline 0.008 -23"><span class='ocrx_word' id='word_1_37' title='bbox 179 872 360 950; x_wconf 83' lang='lat' dir='ltr'><strong>,Pulchrus“</strong></span> <span class='ocrx_word' id='word_1_38' title='bbox 386 875 451 935; x_wconf 88' lang='lat' dir='ltr'><strong>illas</strong></span> <span class='ocrx_word' id='word_1_39' title='bbox 473 878 676 953; x_wconf 79' lang='lat' dir='ltr'><strong>proportiones</strong></span> <span class='ocrx_word' id='word_1_40' title='bbox 699 881 729 936; x_wconf 92' lang='lat' dir='ltr'><strong>et</strong></span> <span class='ocrx_word' id='word_1_41' title='bbox 750 877 780 932; x_wconf 92' lang='lat' dir='ltr'><strong>in</strong></span> <span class='ocrx_word' id='word_1_42' title='bbox 802 873 902 951; x_wconf 87' lang='lat' dir='ltr'><strong>figuris</strong></span> <span class='ocrx_word' id='word_1_43' title='bbox 925 875 1021 954; x_wconf 90' lang='lat' dir='ltr'><strong>planis</strong></span> <span class='ocrx_word' id='word_1_44' title='bbox 1036 879 1161 936; x_wconf 90' lang='lat' dir='ltr'><strong>inveniri</strong></span> <span class='ocrx_word' id='word_1_45' title='bbox 1184 886 1213 938; x_wconf 92' lang='lat' dir='ltr'><strong>et</strong></span> <span class='ocrx_word' id='word_1_46' title='bbox 1228 880 1350 939; x_wconf 83' lang='lat' dir='ltr'><strong>auribus</strong></span> <span class='ocrx_word' id='word_1_47' title='bbox 1371 883 1401 939; x_wconf 92' lang='lat' dir='ltr'><strong>in</strong></span> <span class='ocrx_word' id='word_1_48' title='bbox 1417 883 1532 942; x_wconf 82' lang='lat' dir='ltr'><strong>musica</strong></span> 
     </span>
     <span class='ocr_line' id='line_1_6' title="bbox 176 963 1530 1041; baseline 0.006 -20"><span class='ocrx_word' id='word_1_49' title='bbox 176 963 303 1038; x_wconf 73' lang='lat' dir='ltr'><strong>percipit</strong></span> <span class='ocrx_word' id='word_1_50' title='bbox 327 979 404 1039; x_wconf 88' lang='lat' dir='ltr'><strong>quae</strong></span> <span class='ocrx_word' id='word_1_51' title='bbox 427 965 504 1024; x_wconf 89' lang='lat' dir='ltr'><strong>eninr</strong></span> <span class='ocrx_word' id='word_1_52' title='bbox 527 967 556 1022; x_wconf 90' lang='lat' dir='ltr'><strong>in</strong></span> <span class='ocrx_word' id='word_1_53' title='bbox 579 965 690 1024; x_wconf 89' lang='lat' dir='ltr'><strong>musica</strong></span> <span class='ocrx_word' id='word_1_54' title='bbox 712 971 890 1038; x_wconf 79' lang='lat' dir='ltr'><strong>ponerentur</strong></span> <span class='ocrx_word' id='word_1_55' title='bbox 911 971 1024 1041; x_wconf 89' lang='lat' dir='ltr'><strong>septem</strong></span> <span class='ocrx_word' id='word_1_56' title='bbox 1047 964 1095 1024; x_wconf 92' lang='lat' dir='ltr'><strong>vel</strong></span> <span class='ocrx_word' id='word_1_57' title='bbox 1118 972 1184 1025; x_wconf 91' lang='lat' dir='ltr'><strong>octo</strong></span> <span class='ocrx_word' id='word_1_58' title='bbox 1207 967 1378 1040; x_wconf 89' lang='lat' dir='ltr'><strong>intervalla,</strong></span> <span class='ocrx_word' id='word_1_59' title='bbox 1408 986 1444 1028; x_wconf 91' lang='lat' dir='ltr'><strong>ea</strong></span> <span class='ocrx_word' id='word_1_60' title='bbox 1466 985 1530 1030; x_wconf 90' lang='lat' dir='ltr'><strong>res·</strong></span> 
     </span>
     <span class='ocr_line' id='line_1_7' title="bbox 177 1049 1530 1130; baseline 0.007 -22"><span class='ocrx_word' id='word_1_61' title='bbox 177 1049 306 1126; x_wconf 90' lang='lat' dir='ltr'><strong>pondere</strong></span> <span class='ocrx_word' id='word_1_62' title='bbox 329 1051 430 1127; x_wconf 89' lang='lat' dir='ltr'><strong>figuris</strong></span> <span class='ocrx_word' id='word_1_63' title='bbox 453 1051 635 1128; x_wconf 88' lang='lat' dir='ltr'><strong>regularibus</strong></span> <span class='ocrx_word' id='word_1_64' title='bbox 658 1049 767 1111; x_wconf 90' lang='lat' dir='ltr'><strong>circulo</strong></span> <span class='ocrx_word' id='word_1_65' title='bbox 791 1051 946 1128; x_wconf 77' lang='lat' dir='ltr'><strong>inscriptis.</strong></span> <span class='ocrx_word' id='word_1_66' title='bbox 991 1051 1057 1112; x_wconf 89' lang='lat' dir='ltr'><strong>Hac</strong></span> <span class='ocrx_word' id='word_1_67' title='bbox 1076 1056 1298 1130; x_wconf 85' lang='lat' dir='ltr'><strong>comparatione</strong></span> <span class='ocrx_word' id='word_1_68' title='bbox 1320 1055 1435 1115; x_wconf 81' lang='lat' dir='ltr'><strong>Timaei</strong></span> <span class='ocrx_word' id='word_1_69' title='bbox 1457 1055 1530 1118; x_wconf 87' lang='lat' dir='ltr'><strong>Plu·</strong></span> 
     </span>
     <span class='ocr_line' id='line_1_8' title="bbox 178 1137 1531 1218; baseline 0.007 -22"><span class='ocrx_word' id='word_1_70' title='bbox 178 1138 267 1196; x_wconf 89' lang='lat' dir='ltr'><strong>tonici</strong></span> <span class='ocrx_word' id='word_1_71' title='bbox 291 1143 320 1196; x_wconf 90' lang='lat' dir='ltr'><strong>et</strong></span> <span class='ocrx_word' id='word_1_72' title='bbox 336 1137 608 1216; x_wconf 86' lang='lat' dir='ltr'><strong>Pythagoraeornm</strong></span> <span class='ocrx_word' id='word_1_73' title='bbox 631 1139 799 1198; x_wconf 85' lang='lat' dir='ltr'><strong>admonitus</strong></span> <span class='ocrx_word' id='word_1_74' title='bbox 822 1137 861 1197; x_wconf 91' lang='lat' dir='ltr'><strong>ad</strong></span> <span class='ocrx_word' id='word_1_75' title='bbox 884 1137 950 1200; x_wconf 91' lang='lat' dir='ltr'><strong>illos</strong></span> <span class='ocrx_word' id='word_1_76' title='bbox 975 1138 1149 1216; x_wconf 83' lang='lat' dir='ltr'><strong>digreditur,</strong></span> <span class='ocrx_word' id='word_1_77' title='bbox 1175 1159 1268 1218; x_wconf 84' lang='lat' dir='ltr'><strong>eaque</strong></span> <span class='ocrx_word' id='word_1_78' title='bbox 1291 1141 1327 1202; x_wconf 90' lang='lat' dir='ltr'><strong>de</strong></span> <span class='ocrx_word' id='word_1_79' title='bbox 1351 1159 1441 1204; x_wconf 88' lang='lat' dir='ltr'><strong>causa</strong></span> <span class='ocrx_word' id='word_1_80' title='bbox 1464 1143 1531 1204; x_wconf 85' lang='lat' dir='ltr'><strong>illos</strong></span> 
     </span>
     <span class='ocr_line' id='line_1_9' title="bbox 180 1224 1542 1308; baseline 0.004 -24"><span class='ocrx_word' id='word_1_81' title='bbox 180 1224 266 1285; x_wconf 87' lang='lat' dir='ltr'><strong>docet</strong></span> <span class='ocrx_word' id='word_1_82' title='bbox 288 1225 457 1286; x_wconf 85' lang='lat' dir='ltr'><strong>harmonias</strong></span> <span class='ocrx_word' id='word_1_83' title='bbox 480 1244 550 1288; x_wconf 90' lang='lat' dir='ltr'><strong>suas</strong></span> <span class='ocrx_word' id='word_1_84' title='bbox 573 1245 631 1288; x_wconf 86' lang='lat' dir='ltr'><strong>non</strong></span> <span class='ocrx_word' id='word_1_85' title='bbox 654 1233 733 1288; x_wconf 90' lang='lat' dir='ltr'><strong>recte</strong></span> <span class='ocrx_word' id='word_1_86' title='bbox 756 1226 930 1302; x_wconf 81' lang='lat' dir='ltr'><strong>probavisse</strong></span> <span class='ocrx_word' id='word_1_87' title='bbox 952 1235 1005 1288; x_wconf 88' lang='lat' dir='ltr'><strong>sut</strong></span> <span class='ocrx_word' id='word_1_88' title='bbox 1027 1231 1216 1306; x_wconf 81' lang='lat' dir='ltr'><strong>exposuisse,</strong></span> <span class='ocrx_word' id='word_1_89' title='bbox 1248 1229 1328 1307; x_wconf 87' lang='lat' dir='ltr'><strong>quod</strong></span> <span class='ocrx_word' id='word_1_90' title='bbox 1351 1229 1434 1290; x_wconf 86' lang='lat' dir='ltr'><strong>nulla</strong></span> <span class='ocrx_word' id='word_1_91' title='bbox 1455 1247 1542 1308; x_wconf 88' lang='lat' dir='ltr'><strong>geo-.</strong></span> 
     </span>
     <span class='ocr_line' id='line_1_10' title="bbox 177 1310 1531 1391; baseline 0.004 -19"><span class='ocrx_word' id='word_1_92' title='bbox 177 1313 298 1372; x_wconf 84' lang='lat' dir='ltr'><strong>metriae</strong></span> <span class='ocrx_word' id='word_1_93' title='bbox 329 1315 442 1374; x_wconf 90' lang='lat' dir='ltr'><strong>ratione</strong></span> <span class='ocrx_word' id='word_1_94' title='bbox 472 1315 574 1375; x_wconf 86' lang='lat' dir='ltr'><strong>habita</strong></span> <span class='ocrx_word' id='word_1_95' title='bbox 604 1332 674 1375; x_wconf 90' lang='lat' dir='ltr'><strong>suas</strong></span> <span class='ocrx_word' id='word_1_96' title='bbox 697 1313 733 1374; x_wconf 91' lang='lat' dir='ltr'><strong>de</strong></span> <span class='ocrx_word' id='word_1_97' title='bbox 756 1310 870 1374; x_wconf 82' lang='lat' dir='ltr'><strong>musica</strong></span> <span class='ocrx_word' id='word_1_98' title='bbox 901 1316 1055 1391; x_wconf 86' lang='lat' dir='ltr'><strong>opiniones</strong></span> <span class='ocrx_word' id='word_1_99' title='bbox 1087 1316 1270 1377; x_wconf 86' lang='lat' dir='ltr'><strong>arithmetica</strong></span> <span class='ocrx_word' id='word_1_100' title='bbox 1299 1317 1401 1378; x_wconf 79' lang='lat' dir='ltr'><strong>fulcire</strong></span> <span class='ocrx_word' id='word_1_101' title='bbox 1432 1321 1531 1379; x_wconf 86' lang='lat' dir='ltr'><strong>consti</strong></span> 
     </span>
     <span class='ocr_line' id='line_1_11' title="bbox 177 1400 1531 1480; baseline 0.005 -20"><span class='ocrx_word' id='word_1_102' title='bbox 177 1408 282 1460; x_wconf 88' lang='lat' dir='ltr'><strong>essent.</strong></span> <span class='ocrx_word' id='word_1_103' title='bbox 327 1400 374 1460; x_wconf 88' lang='lat' dir='ltr'><strong>Ad</strong></span> <span class='ocrx_word' id='word_1_104' title='bbox 407 1401 476 1477; x_wconf 91' lang='lat' dir='ltr'><strong>has,</strong></span> <span class='ocrx_word' id='word_1_105' title='bbox 508 1421 585 1480; x_wconf 89' lang='lat' dir='ltr'><strong>quae</strong></span> <span class='ocrx_word' id='word_1_106' title='bbox 613 1405 642 1462; x_wconf 93' lang='lat' dir='ltr'><strong>in</strong></span> <span class='ocrx_word' id='word_1_107' title='bbox 673 1403 835 1478; x_wconf 85' lang='lat' dir='ltr'><strong>geometria</strong></span> <span class='ocrx_word' id='word_1_108' title='bbox 866 1411 896 1462; x_wconf 88' lang='lat' dir='ltr'><strong>et</strong></span> <span class='ocrx_word' id='word_1_109' title='bbox 922 1405 1035 1463; x_wconf 86' lang='lat' dir='ltr'><strong>musice</strong></span> <span class='ocrx_word' id='word_1_110' title='bbox 1065 1401 1334 1480; x_wconf 85' lang='lat' dir='ltr'><strong>deprehendantur,</strong></span> <span class='ocrx_word' id='word_1_111' title='bbox 1362 1404 1531 1467; x_wconf 82' lang='lat' dir='ltr'><strong>barmoniae</strong></span> 
     </span>
    </p>
   </div>
   <div class='ocr_carea' id='block_1_5' title="bbox 177 1486 1641 1566">
    <p class='ocr_par' dir='ltr' id='par_1_5' title="bbox 177 1486 1641 1566">
     <span class='ocr_line' id='line_1_12' title="bbox 177 1486 1641 1566; baseline 0.006 -20"><span class='ocrx_word' id='word_1_112' title='bbox 177 1486 322 1565; x_wconf 87' lang='lat' dir='ltr'><strong>Keplerus</strong></span> <span class='ocrx_word' id='word_1_113' title='bbox 345 1491 463 1549; x_wconf 87' lang='lat' dir='ltr'><strong>tertium</strong></span> <span class='ocrx_word' id='word_1_114' title='bbox 493 1490 576 1552; x_wconf 81' lang='lat' dir='ltr'><strong>addit</strong></span> <span class='ocrx_word' id='word_1_115' title='bbox 603 1496 754 1566; x_wconf 88' lang='lat' dir='ltr'><strong>aspectus,</strong></span> <span class='ocrx_word' id='word_1_116' title='bbox 787 1504 911 1566; x_wconf 90' lang='lat' dir='ltr'><strong>quorum</strong></span> <span class='ocrx_word' id='word_1_117' title='bbox 940 1497 970 1551; x_wconf 89' lang='lat' dir='ltr'><strong>et</strong></span> <span class='ocrx_word' id='word_1_118' title='bbox 999 1491 1129 1566; x_wconf 88' lang='lat' dir='ltr'><strong>ipsorum</strong></span> <span class='ocrx_word' id='word_1_119' title='bbox 1158 1497 1223 1552; x_wconf 90' lang='lat' dir='ltr'><strong>octo</strong></span> <span class='ocrx_word' id='word_1_120' title='bbox 1253 1500 1366 1553; x_wconf 89' lang='lat' dir='ltr'><strong>tantum</strong></span> <span class='ocrx_word' id='word_1_121' title='bbox 1396 1493 1531 1554; x_wconf 82' lang='lat' dir='ltr'><strong>efficaces</strong></span> <span class='ocrx_word' id='word_1_122' title='bbox 1636 1491 1641 1498; x_wconf 83' lang='lat'>&#39;</span> 
     </span>
    </p>
   </div>
   <div class='ocr_carea' id='block_1_6' title="bbox 100 1575 1584 2886">
    <p class='ocr_par' dir='ltr' id='par_1_6' title="bbox 176 1575 1531 1816">
     <span class='ocr_line' id='line_1_13' title="bbox 177 1575 1531 1656; baseline 0.004 -21"><span class='ocrx_word' id='word_1_123' title='bbox 177 1582 277 1636; x_wconf 89' lang='lat' dir='ltr'><strong>censet</strong></span> <span class='ocrx_word' id='word_1_124' title='bbox 299 1592 373 1649; x_wconf 85' lang='lat' dir='ltr'><strong>esse,</strong></span> <span class='ocrx_word' id='word_1_125' title='bbox 398 1580 448 1654; x_wconf 87' lang='lat' dir='ltr'><strong>qui</strong></span> <span class='ocrx_word' id='word_1_126' title='bbox 472 1585 501 1640; x_wconf 85' lang='lat' dir='ltr'><strong>et</strong></span> <span class='ocrx_word' id='word_1_127' title='bbox 524 1581 579 1656; x_wconf 89' lang='lat' dir='ltr'><strong>ipsi</strong></span> <span class='ocrx_word' id='word_1_128' title='bbox 602 1578 703 1655; x_wconf 86' lang='lat' dir='ltr'><strong>liguris</strong></span> <span class='ocrx_word' id='word_1_129' title='bbox 725 1575 910 1653; x_wconf 82' lang='lat' dir='ltr'><strong>regularibus</strong></span> <span class='ocrx_word' id='word_1_130' title='bbox 932 1579 962 1636; x_wconf 90' lang='lat' dir='ltr'><strong>in</strong></span> <span class='ocrx_word' id='word_1_131' title='bbox 986 1577 1095 1639; x_wconf 90' lang='lat' dir='ltr'><strong>circulo</strong></span> <span class='ocrx_word' id='word_1_132' title='bbox 1118 1581 1264 1656; x_wconf 85' lang='lat' dir='ltr'><strong>inscriptis</strong></span> <span class='ocrx_word' id='word_1_133' title='bbox 1287 1579 1479 1654; x_wconf 79' lang='lat' dir='ltr'><strong>allicerentur,</strong></span> <span class='ocrx_word' id='word_1_134' title='bbox 1502 1588 1531 1642; x_wconf 88' lang='lat' dir='ltr'><strong>et</strong></span> 
     </span>
     <span class='ocr_line' id='line_1_14' title="bbox 176 1664 1531 1745; baseline 0.005 -23"><span class='ocrx_word' id='word_1_135' title='bbox 176 1679 298 1739; x_wconf 86' lang='lat' dir='ltr'><strong>quorum</strong></span> <span class='ocrx_word' id='word_1_136' title='bbox 322 1664 482 1726; x_wconf 85' lang='lat' dir='ltr'><strong>efficaciam</strong></span> <span class='ocrx_word' id='word_1_137' title='bbox 505 1667 543 1726; x_wconf 89' lang='lat' dir='ltr'><strong>ab</strong></span> <span class='ocrx_word' id='word_1_138' title='bbox 566 1667 630 1743; x_wconf 91' lang='lat' dir='ltr'><strong>ipso</strong></span> <span class='ocrx_word' id='word_1_139' title='bbox 655 1664 804 1726; x_wconf 85' lang='lat' dir='ltr'><strong>contendit</strong></span> <span class='ocrx_word' id='word_1_140' title='bbox 827 1681 882 1724; x_wconf 88' lang='lat' dir='ltr'><strong>usu</strong></span> <span class='ocrx_word' id='word_1_141' title='bbox 913 1667 1061 1743; x_wconf 84' lang='lat' dir='ltr'><strong>cognitam</strong></span> <span class='ocrx_word' id='word_1_142' title='bbox 1084 1683 1164 1744; x_wconf 87' lang='lat' dir='ltr'><strong>asse;</strong></span> <span class='ocrx_word' id='word_1_143' title='bbox 1194 1685 1321 1745; x_wconf 87' lang='lat' dir='ltr'><strong>namque</strong></span> <span class='ocrx_word' id='word_1_144' title='bbox 1349 1668 1531 1744; x_wconf 87' lang='lat' dir='ltr'><strong>permultos</strong></span> 
     </span>
     <span class='ocr_line' id='line_1_15' title="bbox 178 1750 1076 1816; baseline 0 -2"><span class='ocrx_word' id='word_1_145' title='bbox 178 1767 269 1814; x_wconf 86' lang='lat' dir='ltr'><strong>annos</strong></span> <span class='ocrx_word' id='word_1_146' title='bbox 293 1750 329 1812; x_wconf 90' lang='lat' dir='ltr'><strong>ds</strong></span> <span class='ocrx_word' id='word_1_147' title='bbox 353 1769 388 1814; x_wconf 87' lang='lat' dir='ltr'><strong>eu</strong></span> <span class='ocrx_word' id='word_1_148' title='bbox 410 1771 441 1816; x_wconf 91' lang='lat' dir='ltr'><strong>re</strong></span> <span class='ocrx_word' id='word_1_149' title='bbox 465 1753 686 1814; x_wconf 85' lang='lat' dir='ltr'><strong>observationes</strong></span> <span class='ocrx_word' id='word_1_150' title='bbox 709 1773 727 1812; x_wconf 88' lang='lat' dir='ltr'><strong>a</strong></span> <span class='ocrx_word' id='word_1_151' title='bbox 749 1769 782 1812; x_wconf 90' lang='lat' dir='ltr'><strong>se</strong></span> <span class='ocrx_word' id='word_1_152' title='bbox 804 1753 953 1814; x_wconf 87' lang='lat' dir='ltr'><strong>institutas</strong></span> <span class='ocrx_word' id='word_1_153' title='bbox 976 1771 1050 1814; x_wconf 91' lang='lat' dir='ltr'><strong>esse.</strong></span> <span class='ocrx_word' id='word_1_154' title='bbox 1074 1793 1076 1798; x_wconf 68' lang='lat'><strong>,</strong></span> 
     </span>
    </p>

    <p class='ocr_par' dir='ltr' id='par_1_7' title="bbox 100 1837 1584 2709">
     <span class='ocr_line' id='line_1_16' title="bbox 287 1837 1531 1918; baseline 0.005 -20"><span class='ocrx_word' id='word_1_155' title='bbox 287 1837 370 1902; x_wconf 86' lang='lat' dir='ltr'><strong>Haec</strong></span> <span class='ocrx_word' id='word_1_156' title='bbox 393 1843 523 1917; x_wconf 89' lang='lat' dir='ltr'><strong>cogitata</strong></span> <span class='ocrx_word' id='word_1_157' title='bbox 545 1844 574 1900; x_wconf 88' lang='lat' dir='ltr'><strong>in</strong></span> <span class='ocrx_word' id='word_1_158' title='bbox 599 1839 714 1900; x_wconf 87' lang='lat' dir='ltr'><strong>duabus</strong></span> <span class='ocrx_word' id='word_1_159' title='bbox 738 1838 796 1898; x_wconf 88' lang='lat' dir='ltr'><strong>illis</strong></span> <span class='ocrx_word' id='word_1_160' title='bbox 819 1839 954 1918; x_wconf 89' lang='lat' dir='ltr'><strong>epistolis</strong></span> <span class='ocrx_word' id='word_1_161' title='bbox 976 1858 1051 1917; x_wconf 87' lang='lat' dir='ltr'><strong>quas</strong></span> <span class='ocrx_word' id='word_1_162' title='bbox 1074 1843 1367 1903; x_wconf 81' lang='lat' dir='ltr'><strong>commemoravimus</strong></span> <span class='ocrx_word' id='word_1_163' title='bbox 1390 1845 1463 1904; x_wconf 87' lang='lat' dir='ltr'><strong>setis</strong></span> <span class='ocrx_word' id='word_1_164' title='bbox 1484 1847 1531 1904; x_wconf 91' lang='lat' dir='ltr'><strong>in-</strong></span> 
     </span>
     <span class='ocr_line' id='line_1_17' title="bbox 176 1927 1531 2005; baseline 0.002 -19"><span class='ocrx_word' id='word_1_165' title='bbox 176 1929 339 2004; x_wconf 88' lang='lat' dir='ltr'><strong>composite</strong></span> <span class='ocrx_word' id='word_1_166' title='bbox 361 1931 562 2005; x_wconf 78' lang='lat' dir='ltr'><strong>proferuntur3</strong></span> <span class='ocrx_word' id='word_1_167' title='bbox 590 1927 732 1990; x_wconf 85' lang='lat' dir='ltr'><strong>nonnulle</strong></span> <span class='ocrx_word' id='word_1_168' title='bbox 760 1944 830 1988; x_wconf 91' lang='lat' dir='ltr'><strong>vero</strong></span> <span class='ocrx_word' id='word_1_169' title='bbox 854 1932 901 1998; x_wconf 89' lang='lat' dir='ltr'><strong>(de</strong></span> <span class='ocrx_word' id='word_1_170' title='bbox 926 1931 1025 2001; x_wconf 90' lang='lat' dir='ltr'><strong>quibus</strong></span> <span class='ocrx_word' id='word_1_171' title='bbox 1049 1931 1103 1990; x_wconf 89' lang='lat' dir='ltr'><strong>vol.</strong></span> <span class='ocrx_word' id='word_1_172' title='bbox 1121 1933 1142 1988; x_wconf 94' lang='lat'><strong>1.</strong></span> <span class='ocrx_word' id='word_1_173' title='bbox 1169 1949 1196 2002; x_wconf 89' lang='lat' dir='ltr'><strong>p.</strong></span> <span class='ocrx_word' id='word_1_174' title='bbox 1220 1935 1357 1992; x_wconf 80' lang='grc'>197-203</span> <span class='ocrx_word' id='word_1_175' title='bbox 1380 1943 1408 1992; x_wconf 87' lang='lat' dir='ltr'><strong>et</strong></span> <span class='ocrx_word' id='word_1_176' title='bbox 1425 1936 1479 1992; x_wconf 87' lang='lat' dir='ltr'><strong>vol.</strong></span> <span class='ocrx_word' id='word_1_177' title='bbox 1498 1937 1531 1992; x_wconf 84' lang='lat' dir='ltr'><strong>V.</strong></span> 
     </span>
     <span class='ocr_line' id='line_1_18' title="bbox 175 2013 1531 2092; baseline 0.004 -20"><span class='ocrx_word' id='word_1_178' title='bbox 175 2035 204 2088; x_wconf 89' lang='lat' dir='ltr'><strong>p.</strong></span> <span class='ocrx_word' id='word_1_179' title='bbox 221 2017 326 2074; x_wconf 82' lang='lat'><strong>20-29</strong></span> <span class='ocrx_word' id='word_1_180' title='bbox 344 2019 526 2090; x_wconf 88' lang='lat' dir='ltr'><strong>comparanda</strong></span> <span class='ocrx_word' id='word_1_181' title='bbox 549 2021 627 2088; x_wconf 80' lang='lat' dir='ltr'><strong>sunt)</strong></span> <span class='ocrx_word' id='word_1_182' title='bbox 651 2015 783 2092; x_wconf 87' lang='lat' dir='ltr'><strong>pluribus</strong></span> <span class='ocrx_word' id='word_1_183' title='bbox 806 2013 953 2092; x_wconf 81' lang='lat' dir='ltr'><strong>explicata</strong></span> <span class='ocrx_word' id='word_1_184' title='bbox 975 2023 1053 2076; x_wconf 89' lang='lat' dir='ltr'><strong>sunt.</strong></span> <span class='ocrx_word' id='word_1_185' title='bbox 1081 2015 1185 2077; x_wconf 78' lang='lat' dir='ltr'><strong>.dnno</strong></span> <span class='ocrx_word' id='word_1_186' title='bbox 1212 2025 1306 2080; x_wconf 82' lang='grc'>1607.</span> <span class='ocrx_word' id='word_1_187' title='bbox 1330 2027 1429 2081; x_wconf 84' lang='lat' dir='ltr'><strong>autern</strong></span> <span class='ocrx_word' id='word_1_188' title='bbox 1452 2019 1531 2082; x_wconf 88' lang='lat' dir='ltr'><strong>Her·</strong></span> 
     </span>
     <span class='ocr_line' id='line_1_19' title="bbox 100 2100 1532 2186; baseline 0.005 -25"><span class='ocrx_word' id='word_1_189' title='bbox 100 2177 104 2186; x_wconf 93' lang='lat'><strong>.</strong></span> <span class='ocrx_word' id='word_1_190' title='bbox 175 2107 267 2162; x_wconf 85' lang='lat' dir='ltr'><strong>vvarto</strong></span> <span class='ocrx_word' id='word_1_191' title='bbox 298 2100 334 2162; x_wconf 92' lang='lat' dir='ltr'><strong>de</strong></span> <span class='ocrx_word' id='word_1_192' title='bbox 366 2101 471 2161; x_wconf 90' lang='lat' dir='ltr'><strong>studiis</strong></span> <span class='ocrx_word' id='word_1_193' title='bbox 494 2120 512 2164; x_wconf 87' lang='lat' dir='ltr'><strong>a</strong></span> <span class='ocrx_word' id='word_1_194' title='bbox 534 2119 565 2162; x_wconf 90' lang='lat' dir='ltr'><strong>se</strong></span> <span class='ocrx_word' id='word_1_195' title='bbox 596 2103 626 2160; x_wconf 86' lang='lat' dir='ltr'><strong>in</strong></span> <span class='ocrx_word' id='word_1_196' title='bbox 656 2103 823 2164; x_wconf 88' lang='lat' dir='ltr'><strong>harmonias</strong></span> <span class='ocrx_word' id='word_1_197' title='bbox 854 2105 992 2180; x_wconf 86' lang='lat' dir='ltr'><strong>impensis</strong></span> <span class='ocrx_word' id='word_1_198' title='bbox 1023 2103 1120 2164; x_wconf 89' lang='lat' dir='ltr'><strong>denuo</strong></span> <span class='ocrx_word' id='word_1_199' title='bbox 1146 2108 1324 2167; x_wconf 88' lang='lat' dir='ltr'><strong>mentionem</strong></span> <span class='ocrx_word' id='word_1_200' title='bbox 1353 2109 1464 2168; x_wconf 85' lang='lat' dir='ltr'><strong>lactens</strong></span> <span class='ocrx_word' id='word_1_201' title='bbox 1495 2106 1532 2170; x_wconf 85' lang='lat' dir='ltr'><strong>de</strong></span> 
     </span>
     <span class='ocr_line' id='line_1_20' title="bbox 175 2191 1584 2274; baseline 0.004 -24"><span class='ocrx_word' id='word_1_202' title='bbox 175 2196 348 2266; x_wconf 87' lang='lat' dir='ltr'><strong>argumento</strong></span> <span class='ocrx_word' id='word_1_203' title='bbox 371 2199 497 2267; x_wconf 90' lang='lat' dir='ltr'><strong>quatuor</strong></span> <span class='ocrx_word' id='word_1_204' title='bbox 519 2191 655 2267; x_wconf 88' lang='lat' dir='ltr'><strong>partium,</strong></span> <span class='ocrx_word' id='word_1_205' title='bbox 679 2193 708 2248; x_wconf 92' lang='lat' dir='ltr'><strong>iu</strong></span> <span class='ocrx_word' id='word_1_206' title='bbox 732 2208 806 2266; x_wconf 91' lang='lat' dir='ltr'><strong>quas</strong></span> <span class='ocrx_word' id='word_1_207' title='bbox 829 2207 904 2267; x_wconf 89' lang='lat' dir='ltr'><strong>opus</strong></span> <span class='ocrx_word' id='word_1_208' title='bbox 926 2209 1011 2252; x_wconf 90' lang='lat' dir='ltr'><strong>suum</strong></span> <span class='ocrx_word' id='word_1_209' title='bbox 1035 2200 1113 2253; x_wconf 88' lang='lat' dir='ltr'><strong>esset</strong></span> <span class='ocrx_word' id='word_1_210' title='bbox 1133 2192 1290 2268; x_wconf 89' lang='lat' dir='ltr'><strong>divisurus,</strong></span> <span class='ocrx_word' id='word_1_211' title='bbox 1313 2197 1462 2274; x_wconf 84' lang='lat' dir='ltr'><strong>copiosius</strong></span> <span class='ocrx_word' id='word_1_212' title='bbox 1484 2195 1532 2255; x_wconf 92' lang='lat' dir='ltr'><strong>lo·</strong></span> <span class='ocrx_word' id='word_1_213' title='bbox 1581 2211 1584 2216; x_wconf 89' lang='lat'>·</span> 
     </span>
     <span class='ocr_line' id='line_1_21' title="bbox 176 2276 1531 2361; baseline 0.004 -24"><span class='ocrx_word' id='word_1_214' title='bbox 176 2280 284 2354; x_wconf 89' lang='lat' dir='ltr'><strong>quitur.</strong></span> <span class='ocrx_word' id='word_1_215' title='bbox 329 2276 432 2354; x_wconf 84' lang='lat' dir='ltr'><strong>Neque</strong></span> <span class='ocrx_word' id='word_1_216' title='bbox 461 2295 532 2338; x_wconf 79' lang='lat' dir='ltr'><strong>uero</strong></span> <span class='ocrx_word' id='word_1_217' title='bbox 561 2296 593 2338; x_wconf 90' lang='lat' dir='ltr'><strong>sa</strong></span> <span class='ocrx_word' id='word_1_218' title='bbox 621 2279 663 2337; x_wconf 86' lang='lat' dir='ltr'><strong>ait</strong></span> <span class='ocrx_word' id='word_1_219' title='bbox 685 2277 807 2338; x_wconf 88' lang='lat' dir='ltr'><strong>arduum</strong></span> <span class='ocrx_word' id='word_1_220' title='bbox 829 2277 887 2338; x_wconf 90' lang='lat' dir='ltr'><strong>boc</strong></span> <span class='ocrx_word' id='word_1_221' title='bbox 911 2295 985 2355; x_wconf 90' lang='lat' dir='ltr'><strong>opus</strong></span> <span class='ocrx_word' id='word_1_222' title='bbox 1016 2297 1221 2358; x_wconf 87' lang='lat' dir='ltr'><strong>aggressurum</strong></span> <span class='ocrx_word' id='word_1_223' title='bbox 1251 2299 1330 2356; x_wconf 90' lang='lat' dir='ltr'><strong>esse,</strong></span> <span class='ocrx_word' id='word_1_224' title='bbox 1360 2285 1531 2361; x_wconf 89' lang='lat' dir='ltr'><strong>priusquam</strong></span> 
     </span>
     <span class='ocr_line' id='line_1_22' title="bbox 177 2359 1533 2448; baseline 0.006 -24"><span class='ocrx_word' id='word_1_225' title='bbox 177 2367 393 2440; x_wconf 84' lang='lat' dir='ltr'><strong>astronomiam,</strong></span> <span class='ocrx_word' id='word_1_226' title='bbox 418 2371 590 2442; x_wconf 88' lang='lat' dir='ltr'><strong>quamtum</strong></span> <span class='ocrx_word' id='word_1_227' title='bbox 613 2367 738 2426; x_wconf 84' lang='lat' dir='ltr'><strong>maxime</strong></span> <span class='ocrx_word' id='word_1_228' title='bbox 762 2365 934 2440; x_wconf 83' lang='lat' dir='ltr'><strong>elaboraret,</strong></span> <span class='ocrx_word' id='word_1_229' title='bbox 958 2365 997 2426; x_wconf 87' lang='lat' dir='ltr'><strong>ad</strong></span> <span class='ocrx_word' id='word_1_230' title='bbox 1019 2365 1107 2428; x_wconf 88' lang='lat' dir='ltr'><strong>finem</strong></span> <span class='ocrx_word' id='word_1_231' title='bbox 1129 2359 1326 2445; x_wconf 83' lang='lat' dir='ltr'><strong>perduxisset:</strong></span> <span class='ocrx_word' id='word_1_232' title='bbox 1355 2371 1476 2448; x_wconf 84' lang='lat' dir='ltr'><strong>Adjicit,</strong></span> <span class='ocrx_word' id='word_1_233' title='bbox 1500 2388 1533 2432; x_wconf 88' lang='lat' dir='ltr'><strong>se</strong></span> 
     </span>
     <span class='ocr_line' id='line_1_23' title="bbox 175 2451 1532 2528; baseline 0.004 -16"><span class='ocrx_word' id='word_1_234' title='bbox 175 2451 328 2512; x_wconf 79' lang='lat' dir='ltr'><strong>llervrarto</strong></span> <span class='ocrx_word' id='word_1_235' title='bbox 351 2453 562 2528; x_wconf 87' lang='lat' dir='ltr'><strong>gratificantem</strong></span> <span class='ocrx_word' id='word_1_236' title='bbox 586 2455 674 2514; x_wconf 87' lang='lat' dir='ltr'><strong>stiam</strong></span> <span class='ocrx_word' id='word_1_237' title='bbox 697 2452 858 2516; x_wconf 87' lang='lat' dir='ltr'><strong>Ptolemaei</strong></span> <span class='ocrx_word' id='word_1_238' title='bbox 882 2453 1065 2516; x_wconf 87' lang='lat' dir='ltr'><strong>harmoniam</strong></span> <span class='ocrx_word' id='word_1_239' title='bbox 1093 2457 1206 2516; x_wconf 89' lang='lat' dir='ltr'><strong>abillo</strong></span> <span class='ocrx_word' id='word_1_240' title='bbox 1236 2474 1338 2519; x_wconf 89' lang='lat' dir='ltr'><strong>secum</strong></span> <span class='ocrx_word' id='word_1_241' title='bbox 1366 2461 1532 2520; x_wconf 89' lang='lat' dir='ltr'><strong>cummuni·</strong></span> 
     </span>
     <span class='ocr_line' id='line_1_24' title="bbox 176 2540 1531 2620; baseline 0.006 -20"><span class='ocrx_word' id='word_1_242' title='bbox 176 2549 271 2600; x_wconf 90' lang='lat' dir='ltr'><strong>eatam</strong></span> <span class='ocrx_word' id='word_1_243' title='bbox 296 2540 392 2600; x_wconf 89' lang='lat' dir='ltr'><strong>denuo</strong></span> <span class='ocrx_word' id='word_1_244' title='bbox 415 2543 670 2618; x_wconf 88' lang='lat' dir='ltr'><strong>interpretaturum</strong></span> <span class='ocrx_word' id='word_1_245' title='bbox 686 2548 716 2602; x_wconf 92' lang='lat' dir='ltr'><strong>et</strong></span> <span class='ocrx_word' id='word_1_246' title='bbox 731 2543 972 2602; x_wconf 85' lang='lat' dir='ltr'><strong>annotationibus</strong></span> <span class='ocrx_word' id='word_1_247' title='bbox 987 2541 1164 2604; x_wconf 86' lang='lat' dir='ltr'><strong>illustratam</strong></span> <span class='ocrx_word' id='word_1_248' title='bbox 1180 2544 1327 2606; x_wconf 86' lang='lat' dir='ltr'><strong>editurum</strong></span> <span class='ocrx_word' id='word_1_249' title='bbox 1350 2563 1425 2610; x_wconf 91' lang='lat' dir='ltr'><strong>esse.</strong></span> <span class='ocrx_word' id='word_1_250' title='bbox 1462 2550 1531 2620; x_wconf 77' lang='lat' dir='ltr'><strong>(Gir.</strong></span> 
     </span>
     <span class='ocr_line' id='line_1_25' title="bbox 175 2629 992 2709; baseline 0.005 -23"><span class='ocrx_word' id='word_1_251' title='bbox 175 2629 228 2686; x_wconf 89' lang='lat' dir='ltr'><strong>vol.</strong></span> <span class='ocrx_word' id='word_1_252' title='bbox 247 2631 279 2685; x_wconf 87' lang='lat' dir='ltr'><strong>V.</strong></span> <span class='ocrx_word' id='word_1_253' title='bbox 298 2649 325 2702; x_wconf 91' lang='lat' dir='ltr'><strong>p.</strong></span> <span class='ocrx_word' id='word_1_254' title='bbox 344 2633 380 2690; x_wconf 86' lang='lat'><strong>30</strong></span> <span class='ocrx_word' id='word_1_255' title='bbox 398 2633 443 2701; x_wconf 86' lang='lat' dir='ltr'><strong>ss.)</strong></span> <span class='ocrx_word' id='word_1_256' title='bbox 986 2697 992 2709; x_wconf 35' lang='lat'><strong>¹</strong></span> 
     </span>
    </p>

    <p class='ocr_par' dir='ltr' id='par_1_8' title="bbox 176 2715 1529 2886">
     <span class='ocr_line' id='line_1_26' title="bbox 281 2715 1529 2796; baseline 0.005 -21"><span class='ocrx_word' id='word_1_257' title='bbox 281 2717 328 2776; x_wconf 79' lang='lat' dir='ltr'><strong>Ab</strong></span> <span class='ocrx_word' id='word_1_258' title='bbox 350 2733 427 2776; x_wconf 90' lang='lat' dir='ltr'><strong>anno</strong></span> <span class='ocrx_word' id='word_1_259' title='bbox 446 2723 538 2777; x_wconf 79' lang='grc'>1607.</span> <span class='ocrx_word' id='word_1_260' title='bbox 564 2734 657 2794; x_wconf 90' lang='lat' dir='ltr'><strong>usque</strong></span> <span class='ocrx_word' id='word_1_261' title='bbox 679 2715 718 2777; x_wconf 86' lang='lat' dir='ltr'><strong>ad</strong></span> <span class='ocrx_word' id='word_1_262' title='bbox 734 2733 843 2778; x_wconf 86' lang='lat' dir='ltr'><strong>annum</strong></span> <span class='ocrx_word' id='word_1_263' title='bbox 863 2721 956 2777; x_wconf 88' lang='grc'>1618.</span> <span class='ocrx_word' id='word_1_264' title='bbox 980 2717 1009 2775; x_wconf 93' lang='lat' dir='ltr'><strong>in</strong></span> <span class='ocrx_word' id='word_1_265' title='bbox 1024 2715 1146 2793; x_wconf 85' lang='lat' dir='ltr'><strong>Kepleri</strong></span> <span class='ocrx_word' id='word_1_266' title='bbox 1170 2720 1303 2796; x_wconf 89' lang='lat' dir='ltr'><strong>epistolis</strong></span> <span class='ocrx_word' id='word_1_267' title='bbox 1319 2720 1431 2782; x_wconf 90' lang='lat' dir='ltr'><strong>nullam</strong></span> <span class='ocrx_word' id='word_1_268' title='bbox 1447 2720 1529 2784; x_wconf 86' lang='lat' dir='ltr'><strong>Har-</strong></span> 
     </span>
     <span class='ocr_line' id='line_1_27' title="bbox 176 2804 1528 2886; baseline 0.007 -22"><span class='ocrx_word' id='word_1_269' title='bbox 176 2806 293 2864; x_wconf 89' lang='lat' dir='ltr'><strong>moniae</strong></span> <span class='ocrx_word' id='word_1_270' title='bbox 308 2807 486 2866; x_wconf 88' lang='lat' dir='ltr'><strong>montionem</strong></span> <span class='ocrx_word' id='word_1_271' title='bbox 508 2805 616 2865; x_wconf 87' lang='lat' dir='ltr'><strong>lactum</strong></span> <span class='ocrx_word' id='word_1_272' title='bbox 640 2807 823 2880; x_wconf 79' lang='lat' dir='ltr'><strong>invenimus3</strong></span> <span class='ocrx_word' id='word_1_273' title='bbox 846 2804 897 2864; x_wconf 92' lang='lat' dir='ltr'><strong>sed</strong></span> <span class='ocrx_word' id='word_1_274' title='bbox 912 2804 1106 2880; x_wconf 76' lang='lat' dir='ltr'><strong>fragmentum</strong></span> <span class='ocrx_word' id='word_1_275' title='bbox 1126 2823 1160 2866; x_wconf 84' lang='lat' dir='ltr'><strong>ea</strong></span> <span class='ocrx_word' id='word_1_276' title='bbox 1183 2810 1388 2886; x_wconf 85' lang='lat' dir='ltr'><strong>manuscriptis</strong></span> <span class='ocrx_word' id='word_1_277' title='bbox 1404 2808 1528 2874; x_wconf 88' lang='lat' dir='ltr'><strong>Pulcov.</strong></span> 
     </span>
    </p>
   </div>
   <div class='ocr_carea' id='block_1_7' title="bbox 45 2890 1529 2972">
    <p class='ocr_par' dir='ltr' id='par_1_9' title="bbox 45 2890 1529 2972">
     <span class='ocr_line' id='line_1_28' title="bbox 45 2890 1529 2972; baseline 0.005 -24"><span class='ocrx_word' id='word_1_278' title='bbox 45 2963 51 2972; x_wconf 29' lang='grc' dir='ltr'>ι</span> <span class='ocrx_word' id='word_1_279' title='bbox 177 2896 322 2966; x_wconf 80' lang='lat' dir='ltr'><strong>(scriptum</strong></span> <span class='ocrx_word' id='word_1_280' title='bbox 345 2897 389 2952; x_wconf 86' lang='lat' dir='ltr'><strong>die</strong></span> <span class='ocrx_word' id='word_1_281' title='bbox 413 2897 456 2953; x_wconf 73' lang='lat'><strong>24.</strong></span> <span class='ocrx_word' id='word_1_282' title='bbox 473 2897 536 2953; x_wconf 86' lang='lat' dir='ltr'><strong>Jan.</strong></span> <span class='ocrx_word' id='word_1_283' title='bbox 557 2897 649 2966; x_wconf 84' lang='lat' dir='ltr'><strong>ldtt),</strong></span> <span class='ocrx_word' id='word_1_284' title='bbox 672 2891 751 2970; x_wconf 88' lang='lat' dir='ltr'><strong>quod</strong></span> <span class='ocrx_word' id='word_1_285' title='bbox 767 2891 828 2952; x_wconf 88' lang='lat' dir='ltr'><strong>vol.</strong></span> <span class='ocrx_word' id='word_1_286' title='bbox 844 2890 882 2952; x_wconf 88' lang='lat' dir='ltr'><strong>V.</strong></span> <span class='ocrx_word' id='word_1_287' title='bbox 905 2908 934 2967; x_wconf 94' lang='lat' dir='ltr'><strong>p.</strong></span> <span class='ocrx_word' id='word_1_288' title='bbox 953 2897 989 2950; x_wconf 71' lang='lat'><strong>71</strong></span> <span class='ocrx_word' id='word_1_289' title='bbox 1016 2896 1306 2969; x_wconf 85' lang='lat' dir='ltr'><strong>communicavimus,</strong></span> <span class='ocrx_word' id='word_1_290' title='bbox 1331 2899 1361 2954; x_wconf 89' lang='lat' dir='ltr'><strong>in</strong></span> <span class='ocrx_word' id='word_1_291' title='bbox 1384 2913 1443 2972; x_wconf 90' lang='lat' dir='ltr'><strong>quo</strong></span> <span class='ocrx_word' id='word_1_292' title='bbox 1458 2897 1529 2958; x_wconf 89' lang='lat' dir='ltr'><strong>ber·</strong></span> 
     </span>
    </p>
   </div>
   <div class='ocr_carea' id='block_1_8' title="bbox 174 2978 1609 4989">
    <p class='ocr_par' dir='ltr' id='par_1_10' title="bbox 174 2978 1531 4022">
     <span class='ocr_line' id='line_1_29' title="bbox 175 2978 1530 3061; baseline 0.004 -23"><span class='ocrx_word' id='word_1_293' title='bbox 175 2982 293 3038; x_wconf 89' lang='lat' dir='ltr'><strong>monica</strong></span> <span class='ocrx_word' id='word_1_294' title='bbox 316 2979 487 3040; x_wconf 87' lang='lat' dir='ltr'><strong>chordarum</strong></span> <span class='ocrx_word' id='word_1_295' title='bbox 511 2981 617 3040; x_wconf 91' lang='lat' dir='ltr'><strong>divisio</strong></span> <span class='ocrx_word' id='word_1_296' title='bbox 641 2997 706 3040; x_wconf 90' lang='lat' dir='ltr'><strong>cum</strong></span> <span class='ocrx_word' id='word_1_297' title='bbox 728 2981 908 3058; x_wconf 89' lang='lat' dir='ltr'><strong>geometrica</strong></span> <span class='ocrx_word' id='word_1_298' title='bbox 931 2978 1029 3038; x_wconf 89' lang='lat' dir='ltr'><strong>circuli</strong></span> <span class='ocrx_word' id='word_1_299' title='bbox 1053 2979 1198 3043; x_wconf 90' lang='lat' dir='ltr'><strong>divisione</strong></span> <span class='ocrx_word' id='word_1_300' title='bbox 1221 2982 1382 3043; x_wconf 90' lang='lat' dir='ltr'><strong>secundom</strong></span> <span class='ocrx_word' id='word_1_301' title='bbox 1404 3000 1530 3061; x_wconf 92' lang='lat' dir='ltr'><strong>propor-</strong></span> 
     </span>
     <span class='ocr_line' id='line_1_30' title="bbox 177 3061 1530 3148; baseline 0.006 -24"><span class='ocrx_word' id='word_1_302' title='bbox 177 3069 271 3126; x_wconf 86' lang='lat' dir='ltr'><strong>tiones</strong></span> <span class='ocrx_word' id='word_1_303' title='bbox 294 3067 453 3129; x_wconf 88' lang='lat' dir='ltr'><strong>ratlonales</strong></span> <span class='ocrx_word' id='word_1_304' title='bbox 481 3068 559 3129; x_wconf 86' lang='lat' dir='ltr'><strong>lucta</strong></span> <span class='ocrx_word' id='word_1_305' title='bbox 582 3075 782 3146; x_wconf 91' lang='lat' dir='ltr'><strong>comparatur,</strong></span> <span class='ocrx_word' id='word_1_306' title='bbox 806 3066 983 3128; x_wconf 88' lang='lat' dir='ltr'><strong>documento</strong></span> <span class='ocrx_word' id='word_1_307' title='bbox 1012 3061 1090 3142; x_wconf 70' lang='lat' dir='ltr'><strong>est,</strong></span> <span class='ocrx_word' id='word_1_308' title='bbox 1104 3087 1170 3128; x_wconf 91' lang='lat' dir='ltr'><strong>cum</strong></span> <span class='ocrx_word' id='word_1_309' title='bbox 1194 3073 1282 3130; x_wconf 87' lang='lat' dir='ltr'><strong>etiam</strong></span> <span class='ocrx_word' id='word_1_310' title='bbox 1310 3070 1368 3130; x_wconf 90' lang='lat' dir='ltr'><strong>hoc</strong></span> <span class='ocrx_word' id='word_1_311' title='bbox 1391 3073 1530 3148; x_wconf 89' lang='lat' dir='ltr'><strong>temporis</strong></span> 
     </span>
     <span class='ocr_line' id='line_1_31' title="bbox 176 3153 1531 3237; baseline 0.007 -26"><span class='ocrx_word' id='word_1_312' title='bbox 176 3153 330 3214; x_wconf 88' lang='lat' dir='ltr'><strong>intervallo</strong></span> <span class='ocrx_word' id='word_1_313' title='bbox 354 3155 400 3215; x_wconf 89' lang='lat' dir='ltr'><strong>bis</strong></span> <span class='ocrx_word' id='word_1_314' title='bbox 422 3155 510 3216; x_wconf 89' lang='lat' dir='ltr'><strong>rebus</strong></span> <span class='ocrx_word' id='word_1_315' title='bbox 535 3173 651 3233; x_wconf 91' lang='lat' dir='ltr'><strong>operam</strong></span> <span class='ocrx_word' id='word_1_316' title='bbox 674 3157 842 3216; x_wconf 87' lang='lat' dir='ltr'><strong>navavissa.</strong></span> <span class='ocrx_word' id='word_1_317' title='bbox 881 3153 976 3214; x_wconf 89' lang='lat' dir='ltr'><strong>Paulo</strong></span> <span class='ocrx_word' id='word_1_318' title='bbox 999 3156 1169 3232; x_wconf 86' lang='lat' dir='ltr'><strong>priusquam</strong></span> <span class='ocrx_word' id='word_1_319' title='bbox 1190 3156 1353 3218; x_wconf 86' lang='lat' dir='ltr'><strong>Hermonis</strong></span> <span class='ocrx_word' id='word_1_320' title='bbox 1376 3158 1454 3237; x_wconf 85' lang='lat' dir='ltr'><strong>typis</strong></span> <span class='ocrx_word' id='word_1_321' title='bbox 1477 3177 1531 3220; x_wconf 80' lang='lat' dir='ltr'><strong>ex-</strong></span> 
     </span>
     <span class='ocr_line' id='line_1_32' title="bbox 176 3241 1530 3324; baseline 0.004 -24"><span class='ocrx_word' id='word_1_322' title='bbox 176 3245 287 3318; x_wconf 83' lang='lat' dir='ltr'><strong>scripta</strong></span> <span class='ocrx_word' id='word_1_323' title='bbox 310 3251 355 3302; x_wconf 90' lang='lat' dir='ltr'><strong>est</strong></span> <span class='ocrx_word' id='word_1_324' title='bbox 377 3245 510 3319; x_wconf 88' lang='grc'>(1619),</span> <span class='ocrx_word' id='word_1_325' title='bbox 534 3244 680 3321; x_wconf 87' lang='lat' dir='ltr'><strong>Kaplerus</strong></span> <span class='ocrx_word' id='word_1_326' title='bbox 703 3261 769 3304; x_wconf 87' lang='lat' dir='ltr'><strong>cum</strong></span> <span class='ocrx_word' id='word_1_327' title='bbox 792 3241 954 3304; x_wconf 85' lang='lat' dir='ltr'><strong>Guilielmo</strong></span> <span class='ocrx_word' id='word_1_328' title='bbox 977 3241 1163 3319; x_wconf 84' lang='lat' dir='ltr'><strong>Schickarto,</strong></span> <span class='ocrx_word' id='word_1_329' title='bbox 1187 3253 1306 3322; x_wconf 85' lang='lat' dir='ltr'><strong>pastore</strong></span> <span class='ocrx_word' id='word_1_330' title='bbox 1329 3253 1391 3306; x_wconf 88' lang='lat' dir='ltr'><strong>tum</strong></span> <span class='ocrx_word' id='word_1_331' title='bbox 1415 3246 1530 3324; x_wconf 77' lang='grc'>(1617)</span> 
     </span>
     <span class='ocr_line' id='line_1_33' title="bbox 175 3329 1527 3411; baseline 0.004 -23"><span class='ocrx_word' id='word_1_332' title='bbox 175 3329 378 3406; x_wconf 84' lang='lat' dir='ltr'><strong>Niirtingensi,</strong></span> <span class='ocrx_word' id='word_1_333' title='bbox 402 3339 506 3407; x_wconf 89' lang='lat' dir='ltr'><strong>postea</strong></span> <span class='ocrx_word' id='word_1_334' title='bbox 530 3331 641 3411; x_wconf 85' lang='grc'>(1618)</span> <span class='ocrx_word' id='word_1_335' title='bbox 664 3332 828 3408; x_wconf 79' lang='lat' dir='ltr'><strong>professore</strong></span> <span class='ocrx_word' id='word_1_336' title='bbox 851 3329 1050 3406; x_wconf 85' lang='lat' dir='ltr'><strong>Tubingensi,</strong></span> <span class='ocrx_word' id='word_1_337' title='bbox 1081 3333 1235 3393; x_wconf 90' lang='lat' dir='ltr'><strong>arctiorem</strong></span> <span class='ocrx_word' id='word_1_338' title='bbox 1257 3334 1323 3392; x_wconf 88' lang='lat' dir='ltr'><strong>iniit</strong></span> <span class='ocrx_word' id='word_1_339' title='bbox 1344 3336 1527 3408; x_wconf 82' lang='lat' dir='ltr'><strong>societatem,</strong></span> 
     </span>
     <span class='ocr_line' id='line_1_34' title="bbox 176 3417 1528 3500; baseline 0.006 -25"><span class='ocrx_word' id='word_1_340' title='bbox 176 3420 260 3494; x_wconf 89' lang='lat' dir='ltr'><strong>isque</strong></span> <span class='ocrx_word' id='word_1_341' title='bbox 282 3417 440 3478; x_wconf 88' lang='lat' dir='ltr'><strong>nonnullas</strong></span> <span class='ocrx_word' id='word_1_342' title='bbox 462 3419 621 3495; x_wconf 87' lang='lat' dir='ltr'><strong>figurarum</strong></span> <span class='ocrx_word' id='word_1_343' title='bbox 644 3419 682 3478; x_wconf 91' lang='lat' dir='ltr'><strong>ad</strong></span> <span class='ocrx_word' id='word_1_344' title='bbox 705 3417 909 3478; x_wconf 86' lang='lat' dir='ltr'><strong>illustrandum</strong></span> <span class='ocrx_word' id='word_1_345' title='bbox 934 3434 1008 3494; x_wconf 89' lang='lat' dir='ltr'><strong>opus</strong></span> <span class='ocrx_word' id='word_1_346' title='bbox 1030 3423 1260 3480; x_wconf 86' lang='lat' dir='ltr'><strong>necessariarum</strong></span> <span class='ocrx_word' id='word_1_347' title='bbox 1283 3421 1363 3498; x_wconf 85' lang='lat' dir='ltr'><strong>ligno</strong></span> <span class='ocrx_word' id='word_1_348' title='bbox 1386 3429 1417 3482; x_wconf 86' lang='lat' dir='ltr'><strong>et</strong></span> <span class='ocrx_word' id='word_1_349' title='bbox 1439 3439 1528 3500; x_wconf 91' lang='lat' dir='ltr'><strong>cupro</strong></span> 
     </span>
     <span class='ocr_line' id='line_1_35' title="bbox 177 3504 1530 3588; baseline 0.006 -24"><span class='ocrx_word' id='word_1_350' title='bbox 177 3504 364 3566; x_wconf 81' lang='lat' dir='ltr'><strong>excudendas</strong></span> <span class='ocrx_word' id='word_1_351' title='bbox 379 3509 517 3583; x_wconf 87' lang='lat' dir='ltr'><strong>suscepit.</strong></span> <span class='ocrx_word' id='word_1_352' title='bbox 549 3507 685 3567; x_wconf 85' lang='lat' dir='ltr'><strong>Getarum</strong></span> <span class='ocrx_word' id='word_1_353' title='bbox 707 3505 898 3584; x_wconf 87' lang='lat' dir='ltr'><strong>epistolarum</strong></span> <span class='ocrx_word' id='word_1_354' title='bbox 922 3506 960 3564; x_wconf 86' lang='lat' dir='ltr'><strong>ab</strong></span> <span class='ocrx_word' id='word_1_355' title='bbox 983 3507 1019 3566; x_wconf 89' lang='lat' dir='ltr'><strong>iis</strong></span> <span class='ocrx_word' id='word_1_356' title='bbox 1042 3509 1117 3566; x_wconf 91' lang='lat' dir='ltr'><strong>inter</strong></span> <span class='ocrx_word' id='word_1_357' title='bbox 1139 3525 1171 3568; x_wconf 91' lang='lat' dir='ltr'><strong>se</strong></span> <span class='ocrx_word' id='word_1_358' title='bbox 1187 3509 1342 3568; x_wconf 90' lang='lat' dir='ltr'><strong>missarum</strong></span> <span class='ocrx_word' id='word_1_359' title='bbox 1362 3525 1530 3588; x_wconf 86' lang='lat' dir='ltr'><strong>perpaucae</strong></span> 
     </span>
     <span class='ocr_line' id='line_1_36' title="bbox 176 3591 1528 3674; baseline 0.005 -22"><span class='ocrx_word' id='word_1_360' title='bbox 176 3591 213 3652; x_wconf 89' lang='lat' dir='ltr'><strong>ad</strong></span> <span class='ocrx_word' id='word_1_361' title='bbox 236 3609 290 3654; x_wconf 92' lang='lat' dir='ltr'><strong>nos</strong></span> <span class='ocrx_word' id='word_1_362' title='bbox 314 3604 526 3670; x_wconf 87' lang='lat' dir='ltr'><strong>pervenerunt,</strong></span> <span class='ocrx_word' id='word_1_363' title='bbox 557 3602 589 3654; x_wconf 91' lang='lat' dir='ltr'><strong>ut</strong></span> <span class='ocrx_word' id='word_1_364' title='bbox 612 3593 648 3654; x_wconf 89' lang='lat' dir='ltr'><strong>de</strong></span> <span class='ocrx_word' id='word_1_365' title='bbox 672 3595 807 3654; x_wconf 85' lang='lat' dir='ltr'><strong>extremis</strong></span> <span class='ocrx_word' id='word_1_366' title='bbox 829 3591 950 3670; x_wconf 88' lang='lat' dir='ltr'><strong>Kepleri</strong></span> <span class='ocrx_word' id='word_1_367' title='bbox 979 3593 1084 3654; x_wconf 90' lang='lat' dir='ltr'><strong>studiis</strong></span> <span class='ocrx_word' id='word_1_368' title='bbox 1114 3595 1146 3652; x_wconf 92' lang='lat' dir='ltr'><strong>irr</strong></span> <span class='ocrx_word' id='word_1_369' title='bbox 1177 3593 1229 3656; x_wconf 89' lang='lat' dir='ltr'><strong>illu</strong></span> <span class='ocrx_word' id='word_1_370' title='bbox 1256 3613 1345 3674; x_wconf 89' lang='lat' dir='ltr'><strong>opera</strong></span> <span class='ocrx_word' id='word_1_371' title='bbox 1374 3597 1528 3659; x_wconf 86' lang='lat' dir='ltr'><strong>collocatis</strong></span> 
     </span>
     <span class='ocr_line' id='line_1_37' title="bbox 176 3679 1528 3761; baseline 0.006 -23"><span class='ocrx_word' id='word_1_372' title='bbox 176 3679 249 3738; x_wconf 88' lang='lat' dir='ltr'><strong>nibil</strong></span> <span class='ocrx_word' id='word_1_373' title='bbox 272 3681 340 3742; x_wconf 89' lang='lat' dir='ltr'><strong>inde</strong></span> <span class='ocrx_word' id='word_1_374' title='bbox 369 3681 506 3757; x_wconf 84' lang='lat' dir='ltr'><strong>colligere</strong></span> <span class='ocrx_word' id='word_1_375' title='bbox 529 3683 687 3759; x_wconf 88' lang='lat' dir='ltr'><strong>possimus.</strong></span> <span class='ocrx_word' id='word_1_376' title='bbox 733 3681 864 3742; x_wconf 85' lang='lat' dir='ltr'><strong>Exscribi</strong></span> <span class='ocrx_word' id='word_1_377' title='bbox 896 3682 975 3756; x_wconf 87' lang='lat' dir='ltr'><strong>typis</strong></span> <span class='ocrx_word' id='word_1_378' title='bbox 1004 3681 1157 3742; x_wconf 88' lang='lat' dir='ltr'><strong>harmonia</strong></span> <span class='ocrx_word' id='word_1_379' title='bbox 1186 3687 1284 3761; x_wconf 89' lang='lat' dir='ltr'><strong>coepit</strong></span> <span class='ocrx_word' id='word_1_380' title='bbox 1313 3702 1414 3752; x_wconf 85' lang='lat' dir='ltr'><strong>mense</strong></span> <span class='ocrx_word' id='word_1_381' title='bbox 1435 3685 1528 3746; x_wconf 78' lang='lat' dir='ltr'><strong>lunio</strong></span> 
     </span>
     <span class='ocr_line' id='line_1_38' title="bbox 175 3767 1528 3842; baseline 0.004 -16"><span class='ocrx_word' id='word_1_382' title='bbox 175 3769 246 3826; x_wconf 91' lang='lat' dir='ltr'><strong>anni</strong></span> <span class='ocrx_word' id='word_1_383' title='bbox 272 3773 365 3842; x_wconf 85' lang='grc'>1618,</span> <span class='ocrx_word' id='word_1_384' title='bbox 389 3769 472 3828; x_wconf 86' lang='lat' dir='ltr'><strong>linita</strong></span> <span class='ocrx_word' id='word_1_385' title='bbox 494 3777 538 3830; x_wconf 92' lang='lat' dir='ltr'><strong>est</strong></span> <span class='ocrx_word' id='word_1_386' title='bbox 561 3787 660 3830; x_wconf 90' lang='lat' dir='ltr'><strong>mense</strong></span> <span class='ocrx_word' id='word_1_387' title='bbox 681 3767 790 3829; x_wconf 87' lang='lat' dir='ltr'><strong>Martio</strong></span> <span class='ocrx_word' id='word_1_388' title='bbox 814 3769 883 3826; x_wconf 88' lang='lat' dir='ltr'><strong>anui</strong></span> <span class='ocrx_word' id='word_1_389' title='bbox 908 3773 1000 3828; x_wconf 87' lang='grc'>1619.</span> <span class='ocrx_word' id='word_1_390' title='bbox 1027 3769 1190 3830; x_wconf 89' lang='lat' dir='ltr'><strong>Ptolemaei</strong></span> <span class='ocrx_word' id='word_1_391' title='bbox 1213 3773 1396 3834; x_wconf 88' lang='lat' dir='ltr'><strong>harmoniam</strong></span> <span class='ocrx_word' id='word_1_392' title='bbox 1419 3775 1446 3832; x_wconf 89' lang='lat' dir='ltr'><strong>ei</strong></span> <span class='ocrx_word' id='word_1_393' title='bbox 1469 3789 1528 3834; x_wconf 90' lang='lat' dir='ltr'><strong>non</strong></span> 
     </span>
     <span class='ocr_line' id='line_1_39' title="bbox 175 3853 1526 3938; baseline 0.004 -24"><span class='ocrx_word' id='word_1_394' title='bbox 175 3853 303 3930; x_wconf 85' lang='lat' dir='ltr'><strong>addidit,</strong></span> <span class='ocrx_word' id='word_1_395' title='bbox 335 3855 364 3914; x_wconf 93' lang='lat' dir='ltr'><strong>id</strong></span> <span class='ocrx_word' id='word_1_396' title='bbox 395 3855 474 3932; x_wconf 85' lang='lat' dir='ltr'><strong>quod</strong></span> <span class='ocrx_word' id='word_1_397' title='bbox 503 3859 587 3918; x_wconf 90' lang='lat' dir='ltr'><strong>initio</strong></span> <span class='ocrx_word' id='word_1_398' title='bbox 619 3857 676 3916; x_wconf 89' lang='lat' dir='ltr'><strong>sibi</strong></span> <span class='ocrx_word' id='word_1_399' title='bbox 704 3863 915 3934; x_wconf 72' lang='lat' dir='ltr'><strong>proposuerat,</strong></span> <span class='ocrx_word' id='word_1_400' title='bbox 947 3873 1001 3914; x_wconf 90' lang='lat' dir='ltr'><strong>nos</strong></span> <span class='ocrx_word' id='word_1_401' title='bbox 1031 3874 1096 3916; x_wconf 86' lang='lat' dir='ltr'><strong>eam</strong></span> <span class='ocrx_word' id='word_1_402' title='bbox 1128 3875 1163 3918; x_wconf 84' lang='lat' dir='ltr'><strong>ex</strong></span> <span class='ocrx_word' id='word_1_403' title='bbox 1193 3863 1392 3938; x_wconf 79' lang='lat' dir='ltr'><strong>manuscripto</strong></span> <span class='ocrx_word' id='word_1_404' title='bbox 1421 3864 1526 3932; x_wconf 79' lang='lat' dir='ltr'><strong>(volv.</strong></span> 
     </span>
     <span class='ocr_line' id='line_1_40' title="bbox 174 3943 779 4022; baseline 0.003 -20"><span class='ocrx_word' id='word_1_405' title='bbox 174 3963 200 4016; x_wconf 93' lang='lat' dir='ltr'><strong>p.</strong></span> <span class='ocrx_word' id='word_1_406' title='bbox 216 3947 369 4016; x_wconf 77' lang='lat' dir='ltr'><strong>ses-412)</strong></span> <span class='ocrx_word' id='word_1_407' title='bbox 389 3946 469 4020; x_wconf 87' lang='lat' dir='ltr'><strong>operi</strong></span> <span class='ocrx_word' id='word_1_408' title='bbox 492 3945 548 4021; x_wconf 88' lang='lat' dir='ltr'><strong>ipsi</strong></span> <span class='ocrx_word' id='word_1_409' title='bbox 570 3943 779 4022; x_wconf 64' lang='lat' dir='ltr'><strong>adjunximus„</strong></span> 
     </span>
    </p>

    <p class='ocr_par' dir='ltr' id='par_1_11' title="bbox 174 4029 1609 4989">
     <span class='ocr_line' id='line_1_41' title="bbox 284 4029 1526 4110; baseline 0.002 -20"><span class='ocrx_word' id='word_1_410' title='bbox 284 4029 423 4091; x_wconf 88' lang='lat' dir='ltr'><strong>Continet</strong></span> <span class='ocrx_word' id='word_1_411' title='bbox 444 4033 533 4108; x_wconf 88' lang='lat' dir='ltr'><strong>igitur</strong></span> <span class='ocrx_word' id='word_1_412' title='bbox 555 4031 735 4107; x_wconf 86' lang='lat' dir='ltr'><strong>Harmonia,</strong></span> <span class='ocrx_word' id='word_1_413' title='bbox 769 4031 853 4107; x_wconf 70' lang='lat' dir='ltr'><strong>cuius</strong></span> <span class='ocrx_word' id='word_1_414' title='bbox 875 4043 1076 4107; x_wconf 86' lang='lat' dir='ltr'><strong>argumentum</strong></span> <span class='ocrx_word' id='word_1_415' title='bbox 1096 4032 1160 4109; x_wconf 79' lang='lat' dir='ltr'><strong>J‘am</strong></span> <span class='ocrx_word' id='word_1_416' title='bbox 1183 4034 1312 4096; x_wconf 86' lang='lat' dir='ltr'><strong>breviter</strong></span> <span class='ocrx_word' id='word_1_417' title='bbox 1335 4050 1526 4110; x_wconf 87' lang='lat' dir='ltr'><strong>exponemus,</strong></span> 
     </span>
     <span class='ocr_line' id='line_1_42' title="bbox 175 4116 1528 4198; baseline 0.005 -21"><span class='ocrx_word' id='word_1_418' title='bbox 175 4116 264 4178; x_wconf 86' lang='lat' dir='ltr'><strong>studii</strong></span> <span class='ocrx_word' id='word_1_419' title='bbox 289 4121 394 4195; x_wconf 90' lang='lat' dir='ltr'><strong>viginti</strong></span> <span class='ocrx_word' id='word_1_420' title='bbox 416 4137 559 4179; x_wconf 89' lang='lat' dir='ltr'><strong>annornm</strong></span> <span class='ocrx_word' id='word_1_421' title='bbox 582 4119 716 4180; x_wconf 80' lang='lat' dir='ltr'><strong>fructum.</strong></span> <span class='ocrx_word' id='word_1_422' title='bbox 762 4118 859 4194; x_wconf 87' lang='lat' dir='ltr'><strong>Quum</strong></span> <span class='ocrx_word' id='word_1_423' title='bbox 882 4122 1086 4196; x_wconf 89' lang='lat' dir='ltr'><strong>proportiones</strong></span> <span class='ocrx_word' id='word_1_424' title='bbox 1109 4121 1294 4183; x_wconf 87' lang='lat' dir='ltr'><strong>harmonicas</strong></span> <span class='ocrx_word' id='word_1_425' title='bbox 1316 4140 1351 4183; x_wconf 84' lang='lat' dir='ltr'><strong>ex</strong></span> <span class='ocrx_word' id='word_1_426' title='bbox 1374 4121 1476 4198; x_wconf 86' lang='lat' dir='ltr'><strong>liguris</strong></span> <span class='ocrx_word' id='word_1_427' title='bbox 1498 4131 1528 4184; x_wconf 90' lang='lat' dir='ltr'><strong>et</strong></span> 
     </span>
     <span class='ocr_line' id='line_1_43' title="bbox 177 4206 1528 4286; baseline 0.001 -21"><span class='ocrx_word' id='word_1_428' title='bbox 177 4207 348 4283; x_wconf 89' lang='lat' dir='ltr'><strong>corporibus</strong></span> <span class='ocrx_word' id='word_1_429' title='bbox 371 4207 556 4283; x_wconf 85' lang='lat' dir='ltr'><strong>regularibus</strong></span> <span class='ocrx_word' id='word_1_430' title='bbox 578 4206 723 4284; x_wconf 86' lang='lat' dir='ltr'><strong>proficisci</strong></span> <span class='ocrx_word' id='word_1_431' title='bbox 746 4207 898 4279; x_wconf 82' lang='lat' dir='ltr'><strong>existimet,</strong></span> <span class='ocrx_word' id='word_1_432' title='bbox 922 4206 1067 4284; x_wconf 84' lang='lat' dir='ltr'><strong>Keplerus</strong></span> <span class='ocrx_word' id='word_1_433' title='bbox 1082 4211 1183 4286; x_wconf 88' lang='lat' dir='ltr'><strong>primis</strong></span> <span class='ocrx_word' id='word_1_434' title='bbox 1199 4209 1314 4271; x_wconf 90' lang='lat' dir='ltr'><strong>duobus</strong></span> <span class='ocrx_word' id='word_1_435' title='bbox 1327 4208 1409 4268; x_wconf 88' lang='lat' dir='ltr'><strong>libris</strong></span> <span class='ocrx_word' id='word_1_436' title='bbox 1423 4209 1528 4268; x_wconf 88' lang='lat' dir='ltr'><strong>barum</strong></span> 
     </span>
     <span class='ocr_line' id='line_1_44' title="bbox 176 4288 1526 4374; baseline 0.004 -24"><span class='ocrx_word' id='word_1_437' title='bbox 176 4309 270 4354; x_wconf 91' lang='lat' dir='ltr'><strong>rerum</strong></span> <span class='ocrx_word' id='word_1_438' title='bbox 294 4295 436 4354; x_wconf 90' lang='lat' dir='ltr'><strong>rationem</strong></span> <span class='ocrx_word' id='word_1_439' title='bbox 460 4293 602 4374; x_wconf 82' lang='lat' dir='ltr'><strong>explicat,</strong></span> <span class='ocrx_word' id='word_1_440' title='bbox 630 4295 799 4370; x_wconf 85' lang='lat' dir='ltr'><strong>praemissis</strong></span> <span class='ocrx_word' id='word_1_441' title='bbox 823 4288 1000 4370; x_wconf 87' lang='lat' dir='ltr'><strong>quibusdem</strong></span> <span class='ocrx_word' id='word_1_442' title='bbox 1023 4293 1242 4358; x_wconf 87' lang='lat' dir='ltr'><strong>delinitionibus</strong></span> <span class='ocrx_word' id='word_1_443' title='bbox 1265 4304 1294 4357; x_wconf 91' lang='lat' dir='ltr'><strong>et</strong></span> <span class='ocrx_word' id='word_1_444' title='bbox 1316 4296 1449 4356; x_wconf 90' lang='lat' dir='ltr'><strong>thesibus</strong></span> <span class='ocrx_word' id='word_1_445' title='bbox 1473 4295 1526 4356; x_wconf 91' lang='lat' dir='ltr'><strong>de-</strong></span> 
     </span>
     <span class='ocr_line' id='line_1_45' title="bbox 176 4381 1528 4460; baseline 0.004 -21"><span class='ocrx_word' id='word_1_446' title='bbox 176 4383 243 4439; x_wconf 87' lang='lat' dir='ltr'><strong>cimi</strong></span> <span class='ocrx_word' id='word_1_447' title='bbox 266 4381 332 4440; x_wconf 88' lang='lat' dir='ltr'><strong>libri</strong></span> <span class='ocrx_word' id='word_1_448' title='bbox 355 4381 496 4455; x_wconf 86' lang='lat' dir='ltr'><strong>Euclidis,</strong></span> <span class='ocrx_word' id='word_1_449' title='bbox 521 4399 595 4458; x_wconf 87' lang='lat' dir='ltr'><strong>quas</strong></span> <span class='ocrx_word' id='word_1_450' title='bbox 619 4381 678 4445; x_wconf 85' lang='lat' dir='ltr'><strong>vol.</strong></span> <span class='ocrx_word' id='word_1_451' title='bbox 701 4381 738 4445; x_wconf 90' lang='lat' dir='ltr'><strong>V.</strong></span> <span class='ocrx_word' id='word_1_452' title='bbox 762 4399 789 4458; x_wconf 93' lang='lat' dir='ltr'><strong>p.</strong></span> <span class='ocrx_word' id='word_1_453' title='bbox 816 4387 845 4440; x_wconf 85' lang='grc'><strong>9.</strong></span> <span class='ocrx_word' id='word_1_454' title='bbox 870 4382 998 4442; x_wconf 88' lang='lat' dir='ltr'><strong>breviter</strong></span> <span class='ocrx_word' id='word_1_455' title='bbox 1021 4383 1240 4460; x_wconf 80' lang='lat' dir='ltr'><strong>explicavimus.</strong></span> <span class='ocrx_word' id='word_1_456' title='bbox 1282 4381 1407 4444; x_wconf 84' lang='lat' dir='ltr'><strong>Conficit</strong></span> <span class='ocrx_word' id='word_1_457' title='bbox 1429 4389 1528 4444; x_wconf 89' lang='lat' dir='ltr'><strong>autem</strong></span> 
     </span>
     <span class='ocr_line' id='line_1_46' title="bbox 174 4468 1527 4548; baseline 0.004 -22"><span class='ocrx_word' id='word_1_458' title='bbox 174 4471 260 4544; x_wconf 90' lang='lat' dir='ltr'><strong>primi</strong></span> <span class='ocrx_word' id='word_1_459' title='bbox 284 4468 351 4529; x_wconf 91' lang='lat' dir='ltr'><strong>libri</strong></span> <span class='ocrx_word' id='word_1_460' title='bbox 373 4471 623 4546; x_wconf 88' lang='lat' dir='ltr'><strong>inquisitionibus,</strong></span> <span class='ocrx_word' id='word_1_461' title='bbox 646 4470 692 4530; x_wconf 89' lang='lat' dir='ltr'><strong>lris</strong></span> <span class='ocrx_word' id='word_1_462' title='bbox 715 4476 833 4529; x_wconf 86' lang='lat' dir='ltr'><strong>tanturn</strong></span> <span class='ocrx_word' id='word_1_463' title='bbox 853 4468 953 4528; x_wconf 88' lang='lat' dir='ltr'><strong>circuli</strong></span> <span class='ocrx_word' id='word_1_464' title='bbox 976 4471 1183 4548; x_wconf 85' lang='lat' dir='ltr'><strong>partitionibus</strong></span> <span class='ocrx_word' id='word_1_465' title='bbox 1206 4473 1235 4528; x_wconf 91' lang='lat' dir='ltr'><strong>in</strong></span> <span class='ocrx_word' id='word_1_466' title='bbox 1259 4477 1401 4547; x_wconf 87' lang='lat' dir='ltr'><strong>sequente</strong></span> <span class='ocrx_word' id='word_1_467' title='bbox 1423 4470 1527 4548; x_wconf 89' lang='lat' dir='ltr'><strong>dispu-</strong></span> 
     </span>
     <span class='ocr_line' id='line_1_47' title="bbox 176 4555 1526 4634; baseline 0.002 -18"><span class='ocrx_word' id='word_1_468' title='bbox 176 4559 289 4618; x_wconf 84' lang='lat' dir='ltr'><strong>tatione</strong></span> <span class='ocrx_word' id='word_1_469' title='bbox 313 4557 454 4617; x_wconf 86' lang='lat' dir='ltr'><strong>ntandum</strong></span> <span class='ocrx_word' id='word_1_470' title='bbox 477 4575 558 4618; x_wconf 78' lang='lat' dir='ltr'><strong>esser</strong></span> <span class='ocrx_word' id='word_1_471' title='bbox 584 4563 612 4616; x_wconf 90' lang='lat'><strong>1.</strong></span> <span class='ocrx_word' id='word_1_472' title='bbox 635 4557 781 4618; x_wconf 88' lang='lat' dir='ltr'><strong>divisione</strong></span> <span class='ocrx_word' id='word_1_473' title='bbox 803 4557 833 4614; x_wconf 92' lang='lat' dir='ltr'><strong>iu</strong></span> <span class='ocrx_word' id='word_1_474' title='bbox 857 4555 945 4632; x_wconf 86' lang='lat' dir='ltr'><strong>duas,</strong></span> <span class='ocrx_word' id='word_1_475' title='bbox 970 4565 998 4618; x_wconf 79' lang='lat'><strong>2.</strong></span> <span class='ocrx_word' id='word_1_476' title='bbox 1022 4559 1051 4616; x_wconf 84' lang='lat' dir='ltr'><strong>in</strong></span> <span class='ocrx_word' id='word_1_477' title='bbox 1075 4566 1148 4632; x_wconf 90' lang='lat' dir='ltr'><strong>tres,</strong></span> <span class='ocrx_word' id='word_1_478' title='bbox 1173 4563 1201 4616; x_wconf 84' lang='lat'><strong>3.</strong></span> <span class='ocrx_word' id='word_1_479' title='bbox 1224 4559 1254 4616; x_wconf 90' lang='lat' dir='ltr'><strong>in</strong></span> <span class='ocrx_word' id='word_1_480' title='bbox 1277 4564 1419 4634; x_wconf 84' lang='lat' dir='ltr'><strong>quatuor,</strong></span> <span class='ocrx_word' id='word_1_481' title='bbox 1443 4565 1471 4620; x_wconf 87' lang='grc'><strong>4.</strong></span> <span class='ocrx_word' id='word_1_482' title='bbox 1497 4561 1526 4620; x_wconf 89' lang='lat' dir='ltr'><strong>in</strong></span> 
     </span>
     <span class='ocr_line' id='line_1_48' title="bbox 175 4643 1527 4724; baseline 0.006 -22"><span class='ocrx_word' id='word_1_483' title='bbox 175 4647 315 4722; x_wconf 84' lang='lat' dir='ltr'><strong>quinque,</strong></span> <span class='ocrx_word' id='word_1_484' title='bbox 341 4651 369 4705; x_wconf 90' lang='grc'><strong>6,</strong></span> <span class='ocrx_word' id='word_1_485' title='bbox 394 4646 424 4702; x_wconf 92' lang='lat' dir='ltr'><strong>in</strong></span> <span class='ocrx_word' id='word_1_486' title='bbox 447 4662 499 4704; x_wconf 88' lang='lat' dir='ltr'><strong>sex</strong></span> <span class='ocrx_word' id='word_1_487' title='bbox 523 4644 663 4720; x_wconf 86' lang='lat' dir='ltr'><strong>aequales</strong></span> <span class='ocrx_word' id='word_1_488' title='bbox 686 4651 784 4722; x_wconf 88' lang='lat' dir='ltr'><strong>partes</strong></span> <span class='ocrx_word' id='word_1_489' title='bbox 807 4661 966 4721; x_wconf 86' lang='lat' dir='ltr'><strong>earumque</strong></span> <span class='ocrx_word' id='word_1_490' title='bbox 990 4644 1089 4724; x_wconf 82' lang='lat' dir='ltr'><strong>dupla.</strong></span> <span class='ocrx_word' id='word_1_491' title='bbox 1113 4645 1219 4720; x_wconf 79' lang='lat' dir='ltr'><strong>quibus</strong></span> <span class='ocrx_word' id='word_1_492' title='bbox 1242 4647 1361 4721; x_wconf 79' lang='lat' dir='ltr'><strong>insuper</strong></span> <span class='ocrx_word' id='word_1_493' title='bbox 1382 4643 1527 4707; x_wconf 81' lang='lat' dir='ltr'><strong>accedunt</strong></span> 
     </span>
     <span class='ocr_line' id='line_1_49' title="bbox 177 4731 1527 4808; baseline 0.001 -18"><span class='ocrx_word' id='word_1_494' title='bbox 177 4733 319 4808; x_wconf 80' lang='lat' dir='ltr'><strong>,stellac“</strong></span> <span class='ocrx_word' id='word_1_495' title='bbox 345 4731 382 4792; x_wconf 95' lang='lat' dir='ltr'><strong>ad</strong></span> <span class='ocrx_word' id='word_1_496' title='bbox 406 4734 616 4808; x_wconf 89' lang='lat' dir='ltr'><strong>pentagonium</strong></span> <span class='ocrx_word' id='word_1_497' title='bbox 639 4740 669 4791; x_wconf 87' lang='lat' dir='ltr'><strong>et</strong></span> <span class='ocrx_word' id='word_1_498' title='bbox 692 4732 885 4808; x_wconf 87' lang='lat' dir='ltr'><strong>decagonium</strong></span> <span class='ocrx_word' id='word_1_499' title='bbox 914 4732 1046 4808; x_wconf 89' lang='lat' dir='ltr'><strong>regulare</strong></span> <span class='ocrx_word' id='word_1_500' title='bbox 1075 4733 1262 4808; x_wconf 85' lang='lat' dir='ltr'><strong>pertinentes.</strong></span> <span class='ocrx_word' id='word_1_501' title='bbox 1307 4731 1400 4790; x_wconf 88' lang='lat' dir='ltr'><strong>Nobis</strong></span> <span class='ocrx_word' id='word_1_502' title='bbox 1423 4750 1527 4796; x_wconf 90' lang='lat' dir='ltr'><strong>recen-</strong></span> 
     </span>
     <span class='ocr_line' id='line_1_50' title="bbox 175 4815 1609 4898; baseline 0.003 -20"><span class='ocrx_word' id='word_1_503' title='bbox 175 4822 316 4894; x_wconf 91' lang='lat' dir='ltr'><strong>tioribus,</strong></span> <span class='ocrx_word' id='word_1_504' title='bbox 349 4821 457 4898; x_wconf 90' lang='lat' dir='ltr'><strong>quippe</strong></span> <span class='ocrx_word' id='word_1_505' title='bbox 482 4821 531 4896; x_wconf 84' lang='lat' dir='ltr'><strong>qni</strong></span> <span class='ocrx_word' id='word_1_506' title='bbox 554 4819 608 4880; x_wconf 89' lang='lat' dir='ltr'><strong>bus</strong></span> <span class='ocrx_word' id='word_1_507' title='bbox 629 4837 676 4879; x_wconf 92' lang='lat' dir='ltr'><strong>res</strong></span> <span class='ocrx_word' id='word_1_508' title='bbox 705 4836 823 4897; x_wconf 90' lang='lat' dir='ltr'><strong>prorsus</strong></span> <span class='ocrx_word' id='word_1_509' title='bbox 854 4819 913 4880; x_wconf 90' lang='lat' dir='ltr'><strong>alio</strong></span> <span class='ocrx_word' id='word_1_510' title='bbox 941 4819 1028 4880; x_wconf 90' lang='lat' dir='ltr'><strong>modo</strong></span> <span class='ocrx_word' id='word_1_511' title='bbox 1058 4815 1246 4892; x_wconf 90' lang='lat' dir='ltr'><strong>contemplari</strong></span> <span class='ocrx_word' id='word_1_512' title='bbox 1277 4823 1525 4896; x_wconf 86' lang='lat' dir='ltr'><strong>consueverimus,</strong></span> <span class='ocrx_word' id='word_1_513' title='bbox 1604 4887 1609 4896; x_wconf 62' lang='grc'><strong>,</strong></span> 
     </span>
     <span class='ocr_line' id='line_1_51' title="bbox 175 4905 1526 4989; baseline -0.004 -19"><span class='ocrx_word' id='word_1_514' title='bbox 175 4907 300 4986; x_wconf 81' lang='lat' dir='ltr'><strong>Keplsri</strong></span> <span class='ocrx_word' id='word_1_515' title='bbox 323 4906 413 4986; x_wconf 87' lang='lat' dir='ltr'><strong>hujus</strong></span> <span class='ocrx_word' id='word_1_516' title='bbox 435 4908 576 4970; x_wconf 86' lang='lat' dir='ltr'><strong>materiae</strong></span> <span class='ocrx_word' id='word_1_517' title='bbox 598 4909 734 4972; x_wconf 85' lang='lat' dir='ltr'><strong>tractatio</strong></span> <span class='ocrx_word' id='word_1_518' title='bbox 757 4921 815 4972; x_wconf 91' lang='lat' dir='ltr'><strong>uon</strong></span> <span class='ocrx_word' id='word_1_519' title='bbox 838 4905 933 4974; x_wconf 73' lang='lat' dir='ltr'><strong>facilis</strong></span> <span class='ocrx_word' id='word_1_520' title='bbox 955 4916 1002 4976; x_wconf 88' lang='lat' dir='ltr'><strong>est</strong></span> <span class='ocrx_word' id='word_1_521' title='bbox 1022 4911 1193 4989; x_wconf 85' lang='lat' dir='ltr'><strong>perspectu;</strong></span> <span class='ocrx_word' id='word_1_522' title='bbox 1224 4922 1279 4969; x_wconf 89' lang='lat' dir='ltr'><strong>nos</strong></span> <span class='ocrx_word' id='word_1_523' title='bbox 1304 4924 1374 4972; x_wconf 87' lang='lat' dir='ltr'><strong>vcro</strong></span> <span class='ocrx_word' id='word_1_524' title='bbox 1395 4909 1484 4975; x_wconf 80' lang='lat' dir='ltr'><strong>nimis</strong></span> <span class='ocrx_word' id='word_1_525' title='bbox 1507 4927 1526 4982; x_wconf 67' lang='lat' dir='ltr'><strong>g</strong></span> 
     </span>
    </p>
   </div>
   <div class='ocr_carea' id='block_1_9' title="bbox 0 0 1810 5538">
    <p class='ocr_par' dir='ltr' id='par_1_12' title="bbox 0 0 1810 5538">
     <span class='ocr_line' id='line_1_52' title="bbox 0 0 1810 5538; baseline 0 0"><span class='ocrx_word' id='word_1_526' title='bbox 0 0 1810 5538; x_wconf 95' lang='lat' dir='ltr'><strong> </strong></span> 
     </span>
    </p>
   </div>
  </div>
 </body>
</html>
