3588 5540
262 387 327 462 892
675 381 677 386 ’
775 395 839 453 vra
855 394 971 472 roenna
987 391 1107 466 uepres.

261 575 384 648 salutat,
412 573 475 652 jam
502 575 573 661 milri
597 591 714 656 operam
745 579 889 656 impendit
919 577 1119 640 examinandis
1142 579 1215 639 meis
1238 575 1274 638 ds
1298 573 1483 652 maeatoga
1504 573 1612 636 Christi

261 664 441 738 rationibus,
476 673 505 726 et
539 683 606 725 cum
635 665 805 728 Rabbinicia
835 671 896 728 suis
928 668 1134 728 traditionibus
1162 666 1339 729 conserendi.
1386 664 1471 727 Vale.
1517 665 1612 724 Datas
1662 703 1664 708 -

261 753 415 828 Tubingaa
439 754 490 811 30.
514 753 608 812 Junii.

364 851 582 923 Hyperoapiates
601 851 738 926 Tycbonio
755 855 857 926 prodiit
869 856 1043 912 Francolurti
1062 873 1133 912 anno
1147 857 1223 922 tota,
1243 854 1359 928 epistola
1371 851 1538 910 dedicatoria
1549 852 1614 908 data

261 943 303 992 est
320 939 443 994 Viennae
462 939 517 996 Cal.
537 941 682 997 ianuariis.
718 943 750 996 lu
771 943 961 1013 ,appendeat
985 944 1080 1001 scribit
1098 945 1247 1014 liemarus,
1270 941 1360 999 Lineii
1379 957 1408 996 se
1434 941 1613 1011 pervolitasse

261 1025 376 1081 Galilaei
398 1027 644 1098 „Trucinatorem“,
664 1039 692 1084 et
710 1039 854 1102 postquam
874 1033 1006 1088 Viennam
1024 1033 1136 1103 venerit,
1158 1047 1338 1101 „quamquam
1350 1029 1561 1100 Hyperaspistes
1579 1025 1614 1080 ad

259 1113 461 1183 typographum
487 1117 710 1172 transmittendus
734 1123 838 1186 asset“,
867 1138 921 1176 nou
945 1127 1036 1178 tamen
1060 1135 1090 1177 se
1109 1121 1298 1187 intermisisse,
1323 1119 1389 1188 quin
1408 1115 1612 1172 Trucidatorem

260 1201 333 1256 huuc
352 1201 386 1255 ad
405 1203 600 1272 perlegendum
619 1207 790 1263 commodato
809 1216 923 1280 peteret,
943 1226 1031 1279 exque
1050 1225 1082 1264 ea
1109 1210 1225 1263 lectione
1243 1207 1378 1277 prodiisse
1396 1205 1466 1260 hanc
1485 1201 1613 1273 appendi-

260 1305 319 1344 cem
346 1321 380 1330 —
398 1291 622 1363 Sapptsmeatam
642 1293 777 1352 Cheliodr's
793 1297 934 1369 Marpurgi
952 1299 1053 1368 prodiit
1070 1315 1091 1354 c¹
1110 1313 1229 1353 mensem
1249 1296 1360 1364 liujum.

330 1385 334 1391 '
366 1389 408 1458 Da
426 1391 523 1446 itinere
540 1391 568 1450 iu
587 1393 712 1448 Sueviam
731 1396 800 1450 haec
823 1395 908 1450 reiert
927 1395 1063 1464 Keplerus
1083 1395 1215 1464 Crdgero:
1246 1388 1326 1466 Quas
1349 1388 1490 1464 scripsisti
1513 1385 1607 1445 admo

260 1474 362 1534 literas
387 1481 416 1538 3.
442 1477 511 1555 apr.
539 1479 630 1540 1625.
668 1480 787 1538 domum
816 1496 951 1539 reversus
981 1495 1017 1538 cs
1040 1478 1151 1538 Suevia
1175 1495 1273 1537 mense
1297 1475 1432 1550 Augusto
1456 1475 1569 1549 accepi,
1595 1491 1624 1552 u¹

261 1581 328 1622 mea
350 1562 462 1623 familia
485 1575 663 1634 asservatas.
693 1567 779 1626 Eram
802 1567 950 1644 proiectus
975 1565 1077 1628 eodem
1102 1583 1159 1642 quo
1184 1574 1215 1629 tu
1238 1565 1380 1639 scripsisti
1396 1579 1505 1634 mensa,
1528 1567 1612 1637 post-

260 1668 350 1727 quam
373 1654 473 1712 uxoris
504 1661 618 1730 partum
650 1655 845 1731 periculosum
868 1653 945 1736 (cum
969 1663 998 1714 et
1021 1653 1241 1731 ipsaqnadam
1264 1667 1431 1728 gangrense
1461 1651 1559 1726 specie
1582 1649 1611 1706 in

261 1756 350 1817 carpo
378 1757 497 1813 manus,
530 1753 559 1800 et
590 1743 685 1801 tostus
708 1741 842 1802 amulio
874 1752 1004 1820 tempore
1033 1744 1122 1802 variis
1153 1740 1351 1800 accidentibus
1382 1738 1611 1813 infestarentur),

261 1827 341 1895 exitu
365 1827 442 1887 felici
466 1833 651 1890 terminatum
675 1823 862 1906 spectassem,
887 1831 1007 1906 filioque
1029 1838 1099 1888 nato
1123 1835 1190 1888 eta
1215 1825 1433 1906 parochialibus
1455 1823 1613 1902 pontificiis

259 1916 418 1990 baptisato,
443 1933 548 1976 nomen
572 1917 745 1979 Hildeberto
764 1918 923 1992 dedissem,
948 1936 1035 1994 quem
1059 1927 1225 1988 auctorem,
1249 1919 1365 1991 egregie
1388 1913 1424 1973 ds
1448 1914 1612 1972 ceremonia

260 2003 463 2064 Eucharistiae
486 2013 565 2065 sarta
587 2015 664 2066 tecta
687 2007 889 2066 conservanda
911 2006 1101 2077 scribentem,
1134 2011 1204 2064 tunc
1234 2009 1262 2061 in
1293 2003 1433 2061 memoria
1455 1999 1610 2059 habebam.

262 2089 377 2149 Itineris
393 2093 450 2150 mei
467 2109 585 2153 causam
602 2082 634 2153 et'
646 2111 812 2154 successum
828 2097 881 2154 tibi
897 2093 1140 2154 commemorabo.
1166 2091 1280 2150 Literas
1297 2089 1333 2150 ad
1351 2087 1611 2164 campidunenses,

260 2177 507 2255 Memmingenses
540 2191 568 2242 et
590 2183 819 2258 Noribergenses
847 2182 1009 2255 habebam,
1041 2181 1148 2256 quihus
1172 2180 1281 2238 Caesar
1308 2177 1378 2236 mibi
1409 2176 1523 2252 reliqua
1545 2191 1612 2238 mea

261 2265 450 2343 Rtrdolphina
480 2273 692 2347 repraesentari
716 2272 849 2347 potebat,
882 2279 913 2328 ut
935 2271 971 2327 iis
994 2269 1138 2328 sumtibus
1168 2266 1286 2344 adjutus
1315 2264 1432 2324 tabulas
1456 2271 1485 2323 et
1508 2264 1612 2323 obser·

261 2355 397 2414 vationes
420 2353 506 2416 edere
528 2375 654 2435 possem.
693 2357 837 2418 Suevicaa
861 2358 956 2429 urbes,
980 2373 1056 2433 quaa
1072 2358 1215 2433 promissa
1231 2354 1350 2414 Caesari
1365 2351 1495 2411 nondum
1511 2351 1609 2411 solve-

260 2448 334 2511 rant,
358 2442 510 2504 solverunt
532 2445 612 2508 milri.
658 2445 903 2522 Noribergenses‚
934 2445 1083 2520 aquibus
1106 2454 1239 2503 mutuum
1261 2441 1432 2518 petebatur,
1464 2439 1544 2515 quod
1576 2437 1612 2498 de

260 2531 525 2590 contributionihus
567 2533 666 2593 circuli
702 2534 835 2593 Francici
873 2534 1004 2610 proxima
1041 2531 1146 2590 suturis
1179 2528 1394 2601 retunderetur,
1429 2534 1611 2588 recusarunt.

260 2617 358 2676 Variis
382 2626 478 2677 tamen
502 2621 531 2678 in
556 2629 680 2697 utroque
703 2622 806 2682 itinere
830 2623 949 2681 remoris
972 2626 1069 2680 aestas
1092 2621 1174 2680 abiit.
1220 2616 1298 2677 Usus
1322 2634 1385 2675 sum
1409 2621 1438 2674 et
1460 2613 1612 2674 acidiculis

261 2703 521 2784 Glippingensihus
539 2715 567 2767 et
582 2725 710 2769 mensem
726 2709 881 2785 Tubingae
898 2709 1035 2783 transegi,
1052 2709 1153 2768 creber
1168 2723 1233 2767 cum
1249 2703 1416 2776 Macstllno,
1441 2701 1610 2762 Schiclrardi

260 2791 367 2868 hospes
372 2838 479 2858 .....
525 2797 568 2854 Ex
593 2813 652 2872 quo
667 2815 731 2855 sum
747 2815 890 2870 reversus,
915 2796 1026 2856 nulltrm
1042 2813 1100 2853 non
1116 2811 1221 2854 moveo
1237 2792 1374 2870 lapidem,
1399 2799 1432 2850 ut
1446 2790 1484 2850 ad
1504 2791 1612 2850 editio-

259 2898 325 2940 nem
348 2881 528 2942 Tabularum
562 2887 687 2948 veniam.
732 2885 807 2945 Nam
833 2888 934 2945 triente
962 2891 1079 2959 recepto
1108 2886 1323 2960 assignatorum
1346 2887 1493 2939 sumtuum
1517 2895 1612 2954 eoque

259 2967 435 3044 campiduni
459 2971 619 3042 collocato,
641 2973 703 3049 jam
727 2972 763 3032 dc
785 2974 870 3032 bonis
894 2979 923 3033 et
946 2971 1087 3031 reditibus
1110 2973 1137 3028 in
1162 2971 1217 3029 hac
1242 2971 1395 3046 provincia
1418 2974 1532 3026 sumtus
1558 2983 1612 3025 ex-

258 3055 357 3133 pedio.
404 3057 462 3117 Sed
486 3058 685 3119 difficillimam
709 3059 766 3120 hoc
788 3068 918 3138 ternpore
946 3077 1005 3118 rem
1034 3067 1128 3118 tento:
1160 3059 1268 3136 quippe
1291 3057 1505 3116 reformationis
1528 3071 1612 3114 acer·

259 3145 351 3203 hitata
380 3161 493 3204 summa
523 3150 588 3206 imis
618 3155 777 3208 vertuntur.
831 3149 868 3208 Et
897 3148 1035 3207 audivisti
1065 3147 1178 3217 forsan,
1207 3147 1454 3222 circumscriptam
1483 3149 1512 3202 et
1540 3142 1610 3201 mihi

258 3230 484 3304 hlbliothecam‚
517 3238 653 3310 quamvis
676 3237 763 3307 mihi,
795 3237 892 3295 aulica
915 3236 1064 3294 iunctione
1085 3234 1226 3305 subnixo,
1251 3233 1419 3292 immunitas
1443 3237 1519 3292 esset
1541 3247 1611 3306 prc-

258 3321 356 3381 missa.
404 3320 513 3379 Verum
544 3323 625 3381 illam
649 3324 814 3384 molestiam
837 3323 965 3383 levatam
994 3324 1136 3382 existimo.
1187 3321 1272 3380 Nunc
1296 3321 1332 3380 de
1354 3323 1480 3397 pecunia
1504 3321 1608 3394 agitur,

258 3423 347 3482 qoam
372 3406 478 3466 debent
494 3427 637 3484 proceres,
662 3429 756 3489 eaque
779 3429 836 3470 non
853 3413 1046 3470 incertissima
1060 3411 1165 3483 iratus,
1188 3427 1333 3486 papyrum
1358 3415 1387 3468 et
1409 3423 1513 3483 operas
1536 3422 1609 3466 con-

257 3495 336 3554 duxi.
381 3495 510 3570 Paginas
540 3498 683 3558 excudam
715 3501 877 3559 nomerioas
906 3517 977 3558 usus
1000 3502 1079 3576 typis
1108 3501 1179 3556 meis
1203 3499 1342 3573 propriis,
1372 3497 1479 3572 quibus
1503 3493 1607 3554 excudi

260 3589 277 3643 4
302 3600 444 3642 annorum
470 3583 689 3660 Ephemeridaa.
734 3587 793 3647 Sed
823 3596 903 3646 tenet
932 3605 977 3646 me
1006 3586 1163 3645 sollicitum
1193 3583 1370 3662 typographi
1393 3583 1525 3655 somena,
1557 3585 1607 3659 qui

228 3685 231 3699 ·
258 3673 312 3730 etsi
336 3677 366 3730 et
389 3673 451 3748 ipse
474 3673 595 3734 obtentu
619 3677 676 3735 mei
700 3679 797 3752 operis
820 3675 967 3734 licentiam
990 3674 1080 3733 habet
1103 3671 1317 3742 commorandi,
1347 3673 1486 3748 premitur
1509 3675 1607 3730 tamen

256 3759 380 3817 militum
405 3757 551 3819 alimentis
568 3769 597 3821 et
611 3762 898 3840 importunitatibus,
923 3779 1010 3822 onero
1033 3762 1126 3821 civico
1151 3761 1188 3819 cb
1213 3760 1331 3818 domum
1354 3759 1442 3834 quam
1464 3757 1608 3835 possidet.

257 3846 369 3922 Quodsi
392 3846 552 3923 procedant
576 3869 691 3927 operae,
715 3858 760 3911 est
783 3867 841 3926 quo
865 3851 901 3910 de
922 3852 1031 3926 gratias
1055 3856 1178 3924 agamus
1192 3847 1320 3920 Nemini,
1345 3850 1389 3906 sin
1412 3843 1609 3922 impediantur

257 3935 377 4008 diutius,
400 3942 431 4024 tu
456 3937 485 3992 ln
509 3955 664 3998 aerumnas
696 3940 784 4016 hujus
806 3940 975 4015 provinciae
1003 3939 1152 4011 totiusque
1182 3936 1257 3995 adeo
1282 3934 1459 3994 Germaniae
1488 3936 1608 3993 intentis

256 4023 349 4083 oculis
373 4026 490 4082 veniam
514 4026 584 4084 milri
602 4027 694 4086 dabis.
726 4027 795 4087 Jam
816 4043 894 4086 nunc
917 4041 1067 4085 excurrere
1091 4026 1188 4099 cogito
1211 4023 1249 4082 ad
1272 4023 1398 4082 lusorem
1421 4022 1607 4093 Pausaniam,

255 4128 355 4187 aquo
378 4111 557 4187 alloquendo
586 4116 614 4170 in
644 4114 786 4175 descensu
816 4113 981 4191 prohibitus
1013 4129 1092 4184 sum,
1122 4113 1159 4171 ob
1188 4113 1278 4188 pestis
1309 4112 1505 4187 suspicionem
1536 4110 1608 4169 urbe

257 4199 394 4259 exclusus
419 4216 483 4259 cum
508 4204 664 4262 comitibus
688 4205 832 4261 omnibus.
852 4206 909 4272 (lix
929 4203 1045 4274 epistola
1063 4203 1090 4256 d.
1109 4203 1197 4257 Linoii
1215 4203 1240 4258 d.
1263 4207 1286 4258 l.
1306 4202 1373 4270 Maii
1392 4201 1484 4270 1626.)

357 4299 517 4355 Intercessit
535 4315 584 4369 pro
597 4299 716 4370 Keplero
735 4301 808 4369 apud
821 4302 982 4370 Antonium,
1001 4299 1155 4371 praesulem
1167 4301 1196 4355 in
1208 4301 1431 4366 Cremsmuuster,
1452 4299 1607 4356 Ludovicus

254 4385 288 4439 de
306 4385 368 4442 Ulm
387 4387 459 4441 Baro
479 4388 512 4441 de
531 4387 654 4456 Erbach,
674 4387 794 4443 scribens
814 4389 839 4444 d.
861 4391 901 4446 to.
920 4389 1007 4458 iunii,
1026 4388 1153 4443 hesterno
1173 4388 1216 4443 die
1234 4389 1340 4442 venisse
1359 4389 1392 4443 ad
1412 4403 1441 4442 se
1459 4387 1607 4458 Keplerum

253 4474 430 4544 referentem,
450 4475 554 4546 imperii
573 4479 743 4544 quaestorem
762 4475 934 4543 tergiversari
953 4482 981 4530 et
993 4475 1155 4531 solutionem
1171 4476 1355 4546 pecuniarum,
1376 4493 1443 4544 quas
1456 4462 1608 4546 Imperator

254 4560 430 4628 concesserit,
449 4577 583 4615 recusare.
621 4561 719 4616 Petere
738 4579 776 4630 se,
796 4570 827 4616 ut
845 4563 977 4634 Keplero‚
1004 4567 1050 4634 qni
1069 4581 1162 4620 omnes
1181 4570 1292 4633 superet
1316 4563 1440 4618 doctrina
1457 4565 1607 4620 mathema-

254 4645 317 4708 tica,
337 4646 459 4701 solvatur
479 4649 600 4704 debitum
624 4663 702 4704 sunm
722 4657 750 4706 st
767 4667 820 4706 non
839 4659 945 4707 tantum
970 4659 1101 4723 quaestor
1124 4651 1158 4707 ad
1178 4652 1340 4708 solutionem
1364 4651 1533 4720 impellatur,
1559 4654 1607 4709 aad

255 4731 336 4784 etiam
354 4733 592 4804 Norihergeasium
618 4737 856 4804 tergiversationes
872 4739 961 4808 plane
984 4740 1182 4810 praecidantur.
1223 4739 1337 4794 Addidit
1354 4738 1465 4795 Erbach
1486 4746 1606 4806 ,extrac-

253 4823 312 4871 tnm
332 4833 395 4874 ausa
414 4821 440 4875 J.
459 4821 576 4891 Keplers
596 4825 792 4894 Supplication,
811 4843 863 4882 von
882 4828 1029 4896 Augspurg
1047 4827 1149 4882 nachar
1166 4826 1246 4882 Wien
1265 4827 1426 4898 geschickht
1452 4827 1489 4881 im
1506 4827 1605 4897 Mayea

145 4906 150 4926 ⁸
254 4903 350 4972 tbw,
367 4905 396 4960 in
413 4920 468 4975 quo
487 4908 555 4964 haec
574 4919 734 4992 occurrunt:
763 4913 851 4980 „Wcil
877 4915 919 4971 dia
938 4901 1296 4986 Reichs-Ptenriing·dmpta
1313 4916 1427 4972 Baamta
1450 4929 1501 4970 aue
1519 4917 1605 4986 Auga-
