3624 5554
695 421 697 428 ·
791 407 868 468 tuno.
1465 406 1529 482 aaa

161 591 278 668 pmmu,
303 588 370 648 nisi
394 583 466 646 rude
488 591 517 646 at
539 584 722 648 dissolutum.
750 586 951 665 'l'ppogrspbo
974 585 1051 648 anim
1072 581 1104 648 'et
1125 585 1197 646 mihi
1218 603 1277 648 nou
1292 586 1529 652 heuoconrenit.

166 671 287 734 Summa
310 691 378 736 uon
403 671 527 751 amplius
550 681 596 734 est
617 692 724 752 operae
746 677 888 752 pretium,
917 691 972 736 uec
994 674 1045 735 ille
1066 676 1140 734 tanti
1161 675 1250 736 iaciat
1278 674 1333 734 hee
1355 691 1466 753 nugas,
1497 687 1530 738 ut

167 770 325 838 propterea
349 766 502 825 irascatur.
545 758 752 840 (Illimultem
775 771 804 824 et
827 762 1073 828 officiosissimam
1095 762 1209 822 ascribo
1231 762 1384 839 salutem.)
1427 763 1529 826 Pessi·

170 865 246 910 mum
276 849 420 928 equidem
449 866 559 910 murem
588 849 684 910 alhnis
707 853 750 910 tui
773 851 863 910 audio
886 850 1033 926 doleoque
1064 852 1158 910 ricem
1186 852 1290 927 optimi
1320 852 1421 928 patris.
1466 853 1528 914 Sed

172 945 268 998 sancte
292 937 420 1012 altirmo,
443 953 491 1000 tue
512 937 586 998 nihil
609 955 738 1014 unquam
761 936 798 999 de
821 955 857 998 eo
879 955 917 998 ne
939 956 991 1015 per
1013 937 1122 998 lamam
1143 938 1262 1014 quidem
1284 940 1449 1016 accepisse,
1471 944 1530 1001 nisi

176 1025 385 1103 stupiditatem,
402 1027 427 1086 sl
445 1026 517 1085 bene
533 1027 659 1086 memini.
682 1025 830 1086 Fortassis
844 1026 962 1102 putabit
977 1025 1121 1086 Dominus
1136 1042 1228 1099 socer,
1245 1043 1291 1086 me
1306 1043 1364 1087 non
1380 1043 1416 1086 ex
1431 1031 1527 1102 astris,

176 1113 226 1174 sad
248 1131 286 1174 ex
308 1113 389 1174 lame
411 1107 538 1190 prolerre
562 1113 636 1174 baec
655 1112 777 1188 judicia.
822 1113 971 1174 Libellum
994 1116 1117 1190 petitum
1141 1111 1294 1190 descripsit
1315 1114 1358 1176 M.
1381 1113 1527 1176 Heurieus

174 1198 315 1261 Creberus
331 1200 416 1278 (olim
430 1199 661 1277 stipendiarius),
684 1204 733 1276 qui
758 1202 804 1260 bic
821 1200 921 1262 haeret
935 1217 1059 1278 meoque
1075 1201 1208 1261 conclavi
1228 1203 1328 1275 utitur,
1351 1201 1527 1266 obtinendae

174 1304 225 1364 spe
247 1287 423 1348 conditionis
447 1287 583 1364 alicujus.
628 1287 718 1349 Dedit
741 1288 797 1348 boc
818 1289 1016 1366 praeceptoris
1037 1289 1084 1348 sul
1107 1291 1230 1362 meritis,
1262 1294 1294 1348 ut
1316 1305 1401 1362 eum,
1423 1292 1448 1350 si
1472 1299 1526 1366 est,

173 1373 305 1437 lebetem
326 1383 463 1438 sumeret.
507 1375 667 1436 Schemate
688 1371 835 1454 quaedum
857 1393 913 1452 ego
937 1377 1057 1438 corrant¹
1071 1383 1123 1437 aut
1145 1377 1302 1444 cousuuri.
1344 1375 1421 1452 Quid
1437 1380 1529 1438 uicis·

175 1464 230 1521 sim
252 1470 361 1540 petam,
384 1479 444 1522 uon
467 1480 542 1540 opus
564 1471 609 1524 esi
631 1463 808 1539 conjectura.
838 1463 921 1524 Tuus
937 1461 1061 1542 [auditor
1082 1480 1149 1524 esse
1164 1463 1242 1526 volo.
1272 1461 1303 1522 Si
1327 1463 1450 1526 tortasse
1468 1483 1526 1528 vex

174 1541 304 1626 peritura
325 1553 464 1612 metuitur
478 1553 508 1609 in
525 1557 608 1610 tanta
622 1551 771 1623 distantia,
794 1550 1002 1613 Emdscbochii
1019 1568 1121 1612 manus
1136 1552 1319 1612 internuncia
1333 1560 1407 1613 esto.
1440 1552 1527 1628 Quod

172 1645 313 1714 superest,
337 1639 473 1700 omnibus
487 1640 560 1700 meis
574 1639 814 1716 praeceptoribus
828 1641 991 1715 ceterisque
1014 1640 1228 1716 prolessoribus
1245 1639 1279 1701 V.
1301 1639 1337 1698 V.
1354 1639 1398 1700 ct.
1414 1639 1525 1704 lelleis·

172 1726 277 1786 dmum
300 1744 409 1786 annum
431 1743 533 1803 precor
555 1726 769 1804 plurimamque
790 1726 917 1788 salutem
940 1728 1103 1803 impertior,
1133 1733 1166 1788 ut
1187 1733 1218 1788 et
1239 1729 1434 1788 suavissimae
1457 1739 1526 1793 tuae

173 1813 300 1890 conjugi.
527 1857 530 1866 .
1501 1869 1502 1872 ,

276 1899 390 1964 Gractil
409 1906 458 1963 18.
485 1898 663 1964 niman
682 1905 732 1964 ih.
956 1899 1012 1962 Ex.
1034 1900 1070 1961 Τ.
1107 1899 1299 1962 (iratissimus
1321 1901 1482 1982 discipulus

1161 1986 1205 2048 Μ.
1227 1989 1281 2054 Jo.
1305 1993 1426 2068 Kepnr.

271 2161 488 2218 hdaestlinus
506 2158 648 2232 respoudit
667 2159 704 2230 (d.
722 2161 779 2230 ‘tw
792 2157 884 2228 Febr.)
899 2199 906 2214 .
920 2199 927 2215 .
941 2199 949 2217 .
964 2197 972 2214 .
1002 2157 1141 2214 Habemus
1155 2158 1213 2228 ,iam
1225 2160 1417 2234 philosophiae
1435 2163 1525 2223 candi

170 2245 247 2304 datos
264 2249 409 2318 pauciores
429 2250 492 2318 lli),
509 2249 537 2304 in
556 2247 638 2302 exilio
658 2248 729 2302 enim
747 2246 930 2302 studiosorum
948 2251 1104 2302 nostrorum
1124 2252 1201 2302 tanta
1213 2248 1293 2318 eopia
1304 2266 1359 2306 non
1373 2259 1422 2322 est,
1441 2269 1525 2324 quau·

168 2343 222 2388 tem
246 2335 319 2392 domi
337 2335 536 2392 habuissemus.
573 2337 677 2390 Eorum
702 2349 817 2390 examen
839 2333 874 2388 ad
892 2331 974 2388 finem
993 2332 1140 2390 deductum
1161 2340 1216 2404 est,
1241 2341 1328 2392 restat
1346 2345 1376 2394 nt
1394 2340 1528 2410 scripturn

168 2428 342 2493 component,
361 2421 436 2492 quod
453 2437 503 2490 ego
522 2422 603 2477 hodie
621 2421 664 2490 iis,
683 2428 814 2491 tanquam
833 2421 980 2477 decanatus
999 2420 1090 2475 officio
1108 2419 1232 2492 iungens,
1251 2439 1410 2494 proponam.
1438 2427 1525 2484 Medi·

168 2517 257 2564 tsmm
273 2510 340 2566 item
359 2510 394 2566 de
411 2509 501 2566 reditu
519 2509 687 2580 Tubingsm,
711 2524 773 2564 uam
796 2508 978 2578 pergratiam
997 2507 1049 2561 Dei
1071 2506 1144 2562 intre
1162 2511 1177 2566 6
1197 2510 1365 2578 septimanas
1389 2529 1468 2570 nemo
1486 2516 1525 2570 ibi

165 2605 242 2666 peste
259 2603 414 2668 correptus,
433 2596 533 2654 nedum
551 2605 674 2652 mortuus
694 2603 744 2652 est.
782 2596 859 2650 (lires
878 2594 1007 2665 oppidani
1030 2611 1124 2651 omnes
1139 2596 1196 2664 jam
1215 2613 1288 2654 nunc
1307 2599 1341 2654 ad
1360 2600 1439 2657 sedas
1458 2618 1523 2659 suas

165 2686 266 2742 reversi
294 2693 374 2754 sunt,
398 2687 486 2742 nostri
508 2683 762 2754 Horrenbergenses
789 2683 959 2754 professores
987 2681 1021 2736 ad
1046 2681 1117 2738 diem
1134 2683 1229 2738 Lunae
1251 2685 1405 2754 proximum
1428 2687 1524 2744 eodem

165 2773 253 2828 redire
270 2773 380 2844 volunt,
399 2773 501 2828 idcirco
520 2780 548 2829 et
559 2789 609 2828 nos
622 2789 676 2828 non
691 2770 737 2827 din
752 2771 797 2828 hie
808 2769 1036 2827 commorabimur
1037 2809 1128 2828 .....
1158 2771 1282 2836 Dabitur,
1301 2779 1332 2828 ut
1344 2789 1433 2844 spero,
1452 2792 1523 2830 com·
1549 2763 1556 2768 ’

165 2859 271 2915 medior
283 2861 470 2931 respondendi
482 2859 597 2924 occasio,
615 2859 833 2916 commodissima
845 2859 924 2928 foret,
943 2857 966 2914 si
980 2857 1080 2928 tuipse
1093 2858 1231 2928 (quoniam
1243 2860 1323 2916 nobis
1336 2877 1412 2930 spem
1425 2861 1522 2932 iecisti)

166 2946 218 3004 hcc
237 2964 302 3003 rere
322 2947 358 3003 nd
376 2963 428 3004 uos
445 2950 560 3004 uenires.
596 2949 705 3004 Literna
724 2957 786 3003 tuas
803 2947 863 3002 heri
881 2945 975 3015 accepi
994 2959 1102 3014 easque,
1121 2945 1280 3014 praesertim
1298 2961 1368 3016 quae
1386 2948 1420 3003 ad
1439 2949 1523 3006 domi·

166 3051 230 3092 nnm
248 3051 376 3091 socerum
394 3051 485 3092 meum
503 3036 678 3107 spectabant,
697 3037 722 3091 ei
740 3051 832 3092 coram
850 3035 918 3104 legi,
937 3033 985 3103 qni
1002 3033 1145 3102 plurimam
1164 3031 1280 3086 salutem
1296 3033 1429 3090 nuncians
1444 3035 1523 3104 jubet

165 3123 367 3192 quietissimum
386 3139 456 3180 esse.
492 3125 531 3181 Μ.
550 3122 667 3180 Mttllero
684 3129 760 3178 tuam
778 3123 984 3178 excusationem
1002 3121 1061 3176 heri
1078 3119 1198 3175 indicere
1215 3136 1271 3174 non
1287 3122 1373 3192 potui,
1392 3125 1522 3192 temporis

164 3209 302 3264 brevitate
319 3209 437 3278 aliisque
455 3210 677 3280 occupationibus
696 3211 832 3267 exclusus.
869 3212 906 3264 At
924 3226 979 3264 non
997 3215 1040 3263 ast
1055 3215 1088 3262 ut
1106 3206 1140 3261 de
1158 3205 1218 3276 ejus
1237 3206 1341 3264 offenso
1359 3210 1449 3265 animo
1468 3211 1523 3268 rol·

164 3294 287 3364 liciteris,
307 3301 454 3352 contentus
472 3298 544 3351 enim
560 3295 612 3354 fuit
630 3299 770 3370 superiore
788 3297 965 3354 excusatione
984 3302 1040 3363 tua,
1058 3309 1138 3365 quam
1157 3295 1183 3348 ei
1201 3295 1324 3365 exposui.

270 3383 412 3440 Libellum
430 3385 554 3442 Rhaetiei
567 3386 754 3444 lubentissime
766 3386 828 3441 ridi.
858 3385 886 3440 Is
905 3391 978 3440 certe
996 3383 1048 3437 hac
1066 3387 1146 3435 nocte
1165 3380 1230 3435 mihi
1247 3381 1521 3451 aliquothcraaade·
1553 3393 1557 3404 “

166 3471 223 3526 mit.
261 3470 351 3528 Video
369 3479 472 3543 autem,
496 3487 557 3529 enm
575 3474 613 3528 ibi
629 3472 825 3542 triangulorum
844 3471 1058 3537 rectilineum,
1082 3469 1139 3522 sive
1156 3474 1188 3522 ut
1205 3469 1265 3538 lpse
1281 3477 1361 3524 nocet
1376 3471 1522 3540 triquetro·

168 3573 227 3614 rum
247 3558 403 3614 doctrinam
419 3565 544 3632 uastare,
564 3561 598 3617 de
616 3559 766 3631 sphaericis
783 3559 850 3614 nihil
863 3557 946 3614 habet
964 3565 992 3612 et
1009 3557 1106 3611 nititur
1118 3555 1228 3609 Oenone
1239 3555 1443 3628 triangulorum,
1461 3575 1521 3617 ase

165 3645 229 3700 olim
247 3645 330 3702 edito.
365 3645 468 3702 Verum
480 3663 535 3702 nou
548 3646 642 3703 dubito
660 3646 727 3715 quin
743 3645 851 3700 libellus
869 3645 893 3700 is
912 3645 948 3699 sit
962 3644 1019 3714 jam
1037 3643 1101 3698 olim
1120 3645 1154 3699 ah
1172 3645 1233 3714 ipso
1246 3647 1426 3719 conscriptus,
1445 3658 1520 3708 ante·

167 3747 248 3800 qnam
266 3749 340 3803 quae
356 3732 491 3804 penitiora
508 3734 592 3803 hujus
604 3733 734 3789 scientiae
746 3739 810 3788 sunt
823 3732 931 3801 plenius
943 3741 1131 3800 persomtatns
1143 3733 1241 3803 luerat,
1260 3749 1311 3790 nec
1324 3735 1434 3792 dubium
1447 3738 1519 3809 apud

167 3833 209 3876 me
226 3829 271 3876 est
289 3822 355 3892 quin
373 3822 572 3892 posterioribus
589 3821 757 3890 temporibus
775 3819 850 3876 haud
868 3834 957 3889 panea
974 3820 1038 3875 huic
1055 3821 1184 3876 scientiae
1202 3821 1333 3890 adjecerit
1349 3824 1467 3881 iuventa.

269 3913 308 3966 At
325 3911 399 3981 quod
418 3911 527 3982 scribis,
545 3918 573 3966 te
591 3924 680 3965 meum
698 3907 849 3963 auditorem
867 3921 929 3962 esse
946 3907 1015 3962 velle
1033 3915 1099 3978 etc,
1122 3909 1151 3964 itl
1175 3907 1287 3966 obsecro
1307 3910 1435 3967 disertius
1453 3913 1517 3968 mihi

167 3996 408 4068 exprimebatur
427 3997 497 4052 enim
515 4013 583 4052 sum.
614 3997 716 4052 Vemm
728 3995 798 4050 enim
811 4009 875 4048 raro
893 3993 1024 4064 temporis
1042 3997 1168 4064 augustia
1179 4005 1208 4052 et
1220 3997 1354 4054 tabellarii
1372 3999 1518 4070 festinatio,

168 4084 213 4152 qni
230 4101 286 4140 non
302 4093 380 4158 recta
399 4085 435 4142 ad
453 4093 482 4140 te
498 4085 600 4155 redire,
625 4085 674 4140 sed
693 4084 869 4154 Argentlnam
894 4091 922 4138 et
939 4083 1031 4140 nescio
1055 4099 1109 4153 quo
1128 4085 1181 4140 alio
1199 4086 1370 4156 prolecturus
1392 4095 1447 4156 est,
1473 4103 1516 4141 me

168 4181 253 4243 urget,
271 4180 302 4229 ut
319 4173 402 4244 plura
421 4173 540 4230 scribere
562 4189 617 4229 uon
639 4172 750 4243 possim.
787 4170 848 4226 Tibi
873 4187 937 4227 rero
961 4178 989 4228 et
1006 4171 1044 4226 Μ.
1064 4171 1180 4227 Crebero
1207 4188 1257 4242 pro
1279 4174 1411 4242 praestita
1434 4189 1517 4244 opera

168 4259 248 4331 huius
266 4261 355 4319 bhelli
372 4263 507 4319 maxuma
525 4278 577 4333 ago
595 4261 705 4332 matins.
744 4259 822 4316 Dabo
840 4275 964 4330 operam,
981 4266 1012 4315 ut
1029 4257 1146 4316 fideliter
1163 4275 1206 4316 me
1224 4275 1414 4330 compensasse
1432 4260 1515 4318 dicas

165 4345 245 4405 Elaea
262 4349 324 4407 rsle
341 4351 454 4420 optime.
474 4379 506 4392 -
591 4363 597 4372 ·
1104 4385 1108 4394 ·

265 4439 310 4496 Ad
334 4440 407 4495 haec
425 4435 607 4506 Keplerns:
635 4441 666 4502 S.
682 4440 714 4500 Ρ.
731 4441 770 4500 D.
787 4439 900 4502 luiterus
913 4448 990 4516 tuas,
1007 4441 1174 4502 Clarissima
1190 4441 1315 4501 Domine
1329 4439 1514 4517 Praeceptor,

166 4527 193 4582 t.
215 4523 287 4588 Feb.
310 4525 450 4602 scriptas,
475 4527 504 4584 4.
528 4528 578 4584 14.
596 4525 705 4605 Aprilis
727 4530 827 4605 accepi
850 4536 879 4589 et
902 4528 940 4589 ad
963 4546 1013 4590 ess
1035 4547 1088 4607 per
1103 4528 1347 4602 Emdschoehium
1368 4529 1514 4606 respondi,

162 4621 314 4692 propterea
337 4610 424 4690 quod
446 4609 660 4676 humanitatem
681 4622 764 4676 tuam
785 4617 937 4676 intrleatae
966 4633 1050 4677 meae
1076 4633 1180 4676 manus
1207 4614 1333 4676 lectione
1360 4615 1515 4679 liberatam

160 4700 292 4765 releba·
316 4699 466 4781 qnodque
495 4698 569 4758 nihil
597 4711 674 4779 erat,
704 4703 784 4780 quod
810 4704 964 4770 nccnuom
987 4709 1075 4765 esset
1118 4703 1292 4778 Numquae
1314 4703 1429 4780 etjam
1451 4713 1513 4766 tum

153 4787 201 4854 hic
220 4793 428 4872 gerebantur,
461 4791 491 4844 et
516 4785 659 4852 haetenus
689 4789 774 4867 plura
805 4792 997 4865 ecciderunt,.
1016 4807 1092 4868 qnae
1114 4791 1304 4850 mutationem
1332 4797 1426 4876 sturm
1455 4797 1513 4854 mei

149 4891 295 4966 eperunt,
319 4877 442 4961 quibua
464 4873 553 4934 obem
575 4877 764 4960 expediendis
786 4885 838 4944 tuo
859 4879 931 4941 mlhl
953 4879 1076 4942 consilio
1099 4893 1173 4956 opus
1195 4883 1256 4952 est,
1279 4877 1331 4939 illa
1353 4883 1451 4942 omnia
1472 4881 1512 4956 D,
