3662 5544
204 413 206 421 r
259 465 324 535 822
768 459 832 516 Vita
848 459 964 517 Joannis
982 459 1102 531 liepleri.

223 665 227 676 ¹
256 639 424 708 1111111111
442 645 535 695 tamen
552 635 695 694 aPlatalio
713 635 741 691 in
759 635 871 692 crastini
889 635 943 690 diei
961 635 1116 692 necessaria
1134 634 1204 692 dnos
1220 633 1340 692 florenos
1358 635 1468 692 sumsi.“
1497 635 1608 692 Literae

257 727 358 796 Ursini,
376 741 446 797 quaa
458 724 623 796 praemissas
635 727 746 780 1111111
765 729 838 790 1111,
857 721 938 778 datae
956 729 1022 778 sunt
1040 723 1065 778 1.
1080 724 1120 778 11.
1133 722 1201 778 Dec.
1220 722 1411 794 Sobieslaviae,
1429 723 1477 780 uhi
1494 738 1544 792 per
1562 738 1608 778 an-

257 831 320 870 num
339 813 507 880 versabatur,
525 810 589 867 inde
606 808 763 866 Berolinum
779 807 889 864 transiit
908 809 1146 879 „mathematicusl
1167 809 1294 867 electoris
1312 809 1592 880 Braudenburgenais.

360 898 457 954 Edidit
473 897 609 968 Keplerus
626 897 680 952 hoo
698 911 769 952 anno
786 895 885 951 librum
905 897 1089 967 germanicum
1110 898 1180 954 Vom
1198 896 1380 967 Gebortqiultr
1399 895 1510 964 61111111,
1529 913 1609 967 quem

256 987 396 1059 inscripsit
413 986 571 1056 imperatori
589 983 732 1050 Matthiae,
752 982 839 1038 Linoii
858 983 883 1039 1.
904 983 947 1039 25.
965 984 1067 1039 Martii.
1093 983 1262 1054 Conscripsit
1272 985 1489 1056 Responsiooem
1499 986 1537 1043 cd
1550 987 1610 1042 Gol-

137 1088 141 1104 '
255 1077 362 1140 11111111,
380 1091 461 1145 quam
480 1077 503 1130 5.
517 1075 599 1132 Febr.
613 1072 681 1128 1611
699 1071 812 1140 Welsio,
831 1070 878 1126 ubi
895 1087 946 1141 pcr
958 1072 1063 1142 aliquas
1076 1073 1242 1142 septimanas
1255 1071 1419 1142 morabatur,
1437 1071 1609 1143 Berneggero

256 1165 468 1231 Argentoratum
485 1161 572 1231 misit,
597 1165 627 1216 ut
647 1161 750 1230 ,primo
775 1175 885 1229 quoque
909 1167 1031 1229 tempore
1049 1159 1227 1232 excudatur“,
1246 1159 1364 1216 addens:
1392 1159 1527 1216 Nundinis
1546 1161 1610 1215 Lin-

195 1298 197 1306 .
259 1249 345 1308 111111
362 1262 413 1320 per
429 1257 595 1306 mercatores
612 1247 718 1304 mittam
736 1248 772 1304 ad
790 1246 991 1316 typographum
1002 1248 1124 1320 Eetopos
1137 1248 1366 1304 0111111111111
1384 1247 1468 1302 latino
1486 1247 1611 1316 exemplo

258 1334 459 1392 informationis
482 1335 517 1391 da
542 1351 614 1391 anne
638 1333 739 1390 Christi
766 1333 861 1388 natali.
904 1335 936 1388 ln
965 1333 1104 1390 codicibus
1128 1334 1356 1391 Puilroviensihus
1384 1335 1611 1405 deprehendimus

260 1423 441 1491 fragmentum
457 1421 640 1492 inquisitionis
659 1421 852 1492 geometricae,
876 1420 995 1491 scriptae
1019 1420 1045 1476 d.
1064 1422 1089 1481 1.
1107 1423 1266 1477 Decembris
1286 1421 1335 1488 ,11
1353 1421 1497 1489 triangulis
1514 1423 1611 1493 sphae-

259 1510 338 1567 ricis‘·
359 1518 392 1573 (v.
405 1528 426 1565 s.
438 1527 466 1579 p.
481 1516 549 1579 1111,
569 1524 650 1578 quam
668 1509 792 1578 sequitur
811 1506 835 1562 1.
848 1507 874 1562 7.
888 1507 955 1564 Dee.
974 1514 1136 1578 conspectus
1155 1507 1293 1564 divisionis
1311 1509 1415 1564 numeri
1432 1510 1467 1566 dil
1478 1509 1505 1562 in
1518 1517 1611 1578 partes

257 1614 322 1655 suas
348 1613 409 1654 cum
432 1595 693 1653 denominationibus
722 1596 838 1652 illarum.
882 1593 1103 1652 stereometriam
1126 1595 1275 1652 Deliacam
1304 1596 1360 1652 fine
1389 1597 1452 1651 anni
1475 1597 1611 1666 inceptam

260 1701 329 1756 esse,
348 1689 464 1757 apparet
482 1699 516 1738 ex
534 1684 578 1739 his
596 1683 709 1754 Kepieri
731 1682 821 1738 serbis
841 1682 897 1751 (16.
914 1683 977 1737 Jan.
996 1683 1091 1752 1610:
1105 1678 1178 1738 Cum
1188 1681 1330 1755 superiori
1341 1679 1499 1740 Novembri
1512 1697 1611 1741 mense

204 1764 206 1776 '
261 1789 370 1831 novam
398 1777 519 1849 nuptam
550 1768 668 1830 domum
693 1767 879 1828 deduxissem
901 1773 1032 1843 tempore
1060 1765 1130 1840 tali,
1161 1767 1279 1842 quando
1303 1767 1441 1838 Austris,
1465 1767 1613 1828 vindemia

261 1861 382 1936 copiosa
397 1875 451 1917 uec
465 1858 561 1916 minus
577 1871 720 1932 generosa
735 1853 874 1924 collecta,
898 1851 1029 1930 plurimis
1053 1855 1191 1914 onerariis
1214 1844 1338 1914 adve'rso
1354 1853 1492 1916 Danubio
1515 1857 1613 1915 missis

261 1965 332 2024 opes
348 1963 418 2006 suas
433 1943 540 2004 Norico
562 1951 662 2003 nostro
686 1941 837 2001 dividebat
858 1938 986 2016 litusque
1003 1958 1089 2001 omne
1111 1941 1283 2002 Linoianum
1295 1945 1378 2012 ,vasis
1401 1943 1519 2002 vinariis
1536 1942 1613 2003 tole-

260 2034 348 2095 rabili
362 2034 455 2110 pretio
472 2030 626 2092 venalibus
642 2031 824 2091 obstructum
839 2027 1007 2088 videbatur:
1023 2031 1201 2097 conveniens
1216 2038 1279 2088 erat
1301 2028 1396 2088 officio
1412 2031 1508 2089 mariti
1524 2031 1611 2090 boui-

260 2137 317 2199 quo
332 2123 422 2198 patris
437 2117 574 2192 familias,
597 2127 630 2180 11
645 2116 745 2178 domni
759 2131 842 2175 meae
859 2114 894 2174 de
910 2119 1074 2177 necessario
1089 2126 1160 2193 potu
1175 2118 1381 2194 prospicerem.
1410 2116 1506 2176 Doliis
1522 2119 1611 2194 igitur

260 2209 374 2287 aliquot
396 2205 514 2266 domum
537 2205 625 2266 illatis
648 2213 678 2267 et
699 2203 834 2277 conditis,
858 2211 925 2278 post
948 2203 1010 2264 dies
1034 2211 1159 2280 quatuor
1182 2206 1264 2264 11111
1290 2203 1424 2264 venditor
1446 2221 1512 2264 cum
1527 2207 1612 2282 virga

259 2295 422 2369 mensoria,
455 2311 514 2371 qua
541 2310 600 2354 una
623 2300 653 2354 et
674 2291 776 2352 eadem
807 2289 897 2351 cados
919 2292 1084 2366 promiscue
1106 2308 1207 2352 omnes
1231 2283 1407 2368 exploravit
1421 2295 1485 2352 sine
1507 2292 1612 2354 discri-

260 2385 347 2458 mine,
370 2383 435 2442 sine
457 2389 592 2457 respectu
616 2380 736 2457 figurae,
759 2379 823 2439 sine
846 2379 1069 2438 ratiocinatione
1092 2377 1140 2438 vel
1163 2378 1286 2440 calculo.
1305 2424 1312 2439 .
1424 2378 1497 2439 Cum
1520 2382 1610 2455 igitur

262 2471 447 2542 didicissem,
479 2485 566 2528 usum
588 2467 666 2528 hunc
689 2469 790 2542 virgae
813 2465 1018 2528 transversalis
1040 2467 1161 2544 publica
1182 2465 1231 2526 hic
1253 2468 1428 2527 auctoritate
1450 2467 1614 2527 stabilitum

262 2570 292 2621 ot
311 2559 441 2636 juratam
469 2555 511 2614 illi
541 2572 707 2616 mensorum
737 2553 840 2628 tidem,
873 2553 969 2613 visum
998 2563 1043 2613 est
1070 2571 1127 2614 non
1155 2556 1364 2614 inconveniens
1394 2569 1472 2614 novo
1496 2557 1611 2630 marito,

181 2673 186 2696 ·
260 2663 371 2708 novum
393 2642 667 2706 mathematicorum
689 2641 822 2702 laborum
844 2639 1028 2718 principium,
1052 2641 1256 2702 certitudinem
1278 2641 1365 2718 hujus
1387 2643 1613 2720 compendiosae
1636 2629 1640 2644 '

261 2741 291 2796 at
313 2733 351 2794 ad
374 2749 435 2792 rem
457 2730 631 2791 familiarem
653 2729 890 2807 pernecessariae
912 2727 1103 2789 dimensionis
1126 2728 1164 2789 ad
1186 2729 1268 2807 leges
1291 2731 1485 2805 geometricas
1508 2730 1613 2809 explo-

261 2838 324 2882 rare
346 2818 603 2895 fundamentaqua,
625 2821 653 2877 sl
676 2835 752 2894 quae
775 2823 882 2890 essent,
906 2818 936 2877 in
958 2817 1054 2878 lucem
1075 2817 1211 2893 prolerre.

363 2912 414 2968 His
433 2909 509 2966 addit
525 2909 663 2982 Keplerus
680 2907 755 2966 Julio
776 2909 856 2966 1615:
883 2907 957 2968 Cum
979 2903 1097 2964 libellus
1121 2905 1177 2964 iste
1199 2905 1414 2981 manuscriptus
1428 2922 1481 2982 per
1496 2922 1612 2966 menses

264 3005 302 3060 le
327 2995 406 3075 apud
427 2993 579 3056 librarium
602 2995 810 3071 Augustarum
843 2991 1022 3064 delituisset,
1054 2991 1274 3053 commendatus
1297 2990 1340 3050 ilii
1363 3011 1382 3054 a
1402 2991 1503 3053 Marco
1527 2993 1613 3054 Wei-

262 3101 338 3158 scro,
360 3099 457 3161 neque
480 3089 578 3141 111111
602 3084 681 3160 typis
704 3081 905 3157 excuderetur,
928 3083 978 3140 vix
994 3077 1121 3153 tandem,
1144 3079 1279 3140 Welsevo
1292 3079 1355 3155 jam
1370 3080 1457 3139 rebus
1478 3080 1614 3140 hamanis

263 3179 388 3245 exemto,
412 3168 544 3230 libellum
568 3187 665 3230 meum
688 3169 796 3229 extorsi
821 3167 964 3230 detentori
986 3164 1226 3244 postliminioque
1246 3170 1354 3244 recepi.
1378 3171 1533 3242 (welserus
1545 3189 1613 3229 nun·

164 3262 168 3270 “
262 3264 318 3320 dat
334 3260 454 3331 Keplero
473 3260 531 3330 (11.
549 3259 658 3328 Febr.):
685 3260 833 3330 ,proximis
857 3259 1043 3332 superioribus
1062 3259 1174 3315 diebusl
1194 3273 1225 3316 11
1243 3261 1381 3330 accepisse
1405 3259 1505 3317 librum
1522 3277 1615 3317 manu-

264 3351 403 3419 scriptum,
422 3344 498 3404 nulla
516 3362 581 3403 vero
598 3348 705 3404 ratione
725 3363 755 3404 se
772 3347 938 3419 bibliopolae
955 3346 1121 3416 persuadere
1134 3347 1266 3416 potuisse,
1285 3352 1316 3401 ut
1335 3347 1478 3403 editionem
1496 3349 1615 3419 propriis

264 3436 398 3496 sumtibus
419 3436 497 3492 inse
520 3435 685 3507 susciperet3
709 3437 778 3506 ,1111
796 3437 868 3493 enim
885 3436 1003 3506 fatetur,
1027 3435 1134 3490 illustre
1152 3433 1225 3504 apud
1244 3450 1336 3491 omnes
1359 3433 1484 3492 literatos
1502 3436 1615 3508 liepleri

264 3543 362 3584 nornen
380 3524 491 3595 haberi,
508 3525 630 3594 negabat
646 3529 737 3580 tamen
755 3528 945 3592 argumentum
963 3521 1026 3577 libri
1043 3521 1189 3593 plausibile
1207 3527 1235 3576 et
1252 3522 1387 3579 vendibile
1405 3523 1504 3594 videri,
1528 3524 1615 3580 latina

264 3613 425 3688 praesertim
442 3611 562 3683 lingua“.

370 3701 479 3780 Paucae
497 3704 645 3772 supersunt
663 3699 796 3769 epistolae
814 3698 925 3770 Kepleri
943 3698 996 3754 hoc
1015 3713 1086 3753 anno
1099 3695 1134 3752 ad
1146 3697 1248 3752 amicos
1267 3695 1356 3753 11111.
1382 3699 1427 3754 Ex
1445 3714 1538 3756 eorum
1550 3715 1614 3756 vero

269 3788 502 3862 responsionibus,
522 3803 591 3857 quas
608 3787 654 3842 hic
672 3785 870 3856 subjungimus,
890 3793 1023 3855 apparent
1041 3799 1082 3854 ea,
1101 3797 1171 3854 quae
1190 3783 1323 3840 cumillis
1343 3783 1407 3856 egit.

369 3875 517 3947 Keplerum
540 3875 704 3931 sententiam
726 3890 803 3930 suam
827 3875 861 3931 11
885 3875 922 3930 Μ.
937 3872 1064 3943 ,Antonio
1090 3871 1124 3928 de
1147 3871 1269 3926 Dominis
1295 3872 1357 3939 (cir.
1384 3874 1439 3940 vol.
1456 3874 1479 3928 Ι.
1502 3891 1530 3944 p.
1550 3875 1615 3944 659)

266 3963 470 4034 conscripsisse,
488 3961 540 4016 hae
560 3967 697 4017 testantur
715 3961 851 4017 Erasmi
869 3976 885 4015 1
903 3959 1158 4028 Stahrembcrg
1180 3958 1290 4014 literae:
1318 3958 1485 4024 ,Admodum
1508 3979 1552 4018 me
1570 3963 1616 4019 de·

242 4103 246 4112 ,
265 4055 403 4112 lectarum
419 4050 515 4104 literae
527 4053 599 4114 tuae,
616 4047 734 4117 lieplere
747 4047 909 4105 amicissime
922 4054 950 4103 et
963 4047 1132 4118 doctissime;
1152 4041 1230 4101 video
1248 4047 1319 4102 enim
1336 4053 1363 4102 te
1381 4055 1412 4103 11
1423 4049 1617 4119 philosophum

266 4140 349 4200 animi
366 4135 544 4195 constantiam
562 4141 590 4190 et
607 4133 800 4192 firmitudinem
826 4137 907 4192 etiam
925 4137 954 4191 in
973 4135 1068 4192 aulicis
1091 4133 1220 4206 procellis
1244 4133 1439 4192 fluctuantibus
1462 4136 1615 4203 retinuisse,

266 4243 357 4300 neque
380 4226 433 4281 mei
454 4221 608 4278 memoriam
626 4223 707 4292 plane
730 4222 873 4294 abjecisse.
909 4225 997 4294 Perge
1015 4227 1044 4280 in
1059 4229 1201 4294 posterum
1219 4238 1270 4279 nos
1294 4238 1397 4293 amare,
1421 4222 1493 4279 idem
1516 4223 1549 4278 11
1573 4239 1616 4278 me

268 4331 378 4389 quoque
396 4312 445 4370 tibi
463 4307 619 4382 pollicearis
636 4324 726 4379 neque
752 4311 896 4381 quicquam
922 4311 956 4367 11
975 4327 1035 4368 meo
1053 4311 1082 4366 in
1100 4318 1128 4366 te
1147 4325 1239 4368 amore
1258 4309 1374 4366 dubites.
1409 4303 1464 4381 Ei,
1491 4328 1561 4382 quae
1585 4311 1619 4366 11

268 4403 483 4473 archiepiscopo
502 4397 656 4468 Spalatenai
672 4397 778 4469 innuis,
803 4399 956 4466 gratissima
978 4399 1103 4469 inerunt,
1127 4399 1251 4469 pervenit
1275 4413 1341 4454 sane
1363 4406 1444 4454 antea
1467 4399 1502 4455 ad
1520 4415 1616 4456 manus

269 4492 388 4566 epistole
408 4489 481 4544 illins
504 4485 584 4542 valde
605 4483 665 4558 pia,
689 4485 863 4542 memoranda
886 4492 915 4542 et
932 4487 1013 4544 docta
1016 4526 1105 4544 .....
1142 4487 1285 4557 linquam
1309 4485 1444 4542 mirabilia
1461 4487 1516 4542 sint
1534 4503 1617 4556 opera

269 4579 330 4647 Dai,
348 4579 376 4633 in
393 4575 543 4633 meditullio
562 4581 589 4631 et
607 4573 755 4632 visceribus
773 4574 883 4645 Italiae,
910 4592 1000 4632 eoram
1018 4575 1088 4632 facie
1108 4575 1248 4632 Pontificis
1266 4575 1339 4632 nasci
1358 4581 1386 4632 et
1403 4573 1502 4632 exoriri
1518 4591 1616 4632 novum

271 4667 347 4723 sidus
366 4665 502 4722 etlumen
520 4663 676 4735 Evangelii,
700 4664 772 4735 quod
791 4665 819 4720 in
837 4665 982 4722 Germania
999 4665 1103 4734 origine
1121 4672 1229 4736 natum,
1246 4679 1297 4736 per
1315 4663 1496 4720 dissensiones
1515 4668 1544 4719 et
1560 4663 1616 4718 iac·

272 4753 361 4810 111111
379 4751 555 4824 curiosarum,
574 4751 609 4809 ad
627 4751 743 4809 salutem
761 4751 850 4808 minus
867 4753 1082 4810 necessariarum
1100 4753 1298 4824 quaestionum,
1315 4751 1432 4808 nubibus
1445 4751 1618 4808 obscuratum

272 4845 301 4898 11
318 4839 396 4909 quasi
413 4840 588 4910 1111111111,
613 4840 641 4896 in
667 4839 728 4911 ipsa
744 4839 825 4896 Italia
847 4837 921 4895 iaces
939 4839 1022 4910 huJus
1041 4839 1213 4911 evangelicae
1239 4839 1308 4898 lucis
1326 4847 1355 4896 et
1370 4841 1490 4898 11111111
1508 4847 1618 4910 aposto-

273 4925 457 4990 ooniacum
473 4927 587 4988 1111111
604 4929 729 5004 visuique
747 4927 845 4986 harum
864 4925 1062 4986 dissensionum
1080 4928 1329 5002 componendarum
1346 4927 1477 4988 ostendi.“
1507 4927 1559 4986 His
1572 4925 1618 4985 ad·
