3624 5554
280 401 346 476 706
788 399 1125 472 murcomannum.

380 577 555 648 Dentonem,
574 575 648 646 qnod
665 591 749 649 supra
766 577 832 634 dicit
843 577 988 650 Keplerue,
1007 576 1059 634 sibi
1074 575 1233 632 manumisso
1244 573 1408 630 Maecilium
1425 574 1527 643 gratiss
1544 576 1629 644 epuns

246 739 250 746 Ι
279 665 306 722 d.
324 666 368 722 22.
387 665 491 736 Aprilis
509 665 543 720 de
560 673 648 721 matre
663 665 776 737 Kepleri
793 665 891 732 refert,
916 667 991 722 illam
1010 664 1053 720 die
1070 665 1115 720 17.
1131 661 1233 733 Aprilis
1251 661 1395 731 Leoberga
1412 661 1447 718 sd
1465 677 1495 718 se
1513 660 1629 728 senisse,

282 759 451 824 ,matrum
468 753 512 809 uel
531 753 640 813 viduam
657 754 832 824 piissimam!
871 755 1043 824 Quaesirisse
1066 762 1179 812 mmrem
1197 754 1231 810 de
1249 755 1373 824 pecunie,
1393 769 1474 824 quam
1492 753 1628 824 Keplerus

277 841 424 900 Maestlino
443 841 549 912 debeat,
568 846 596 898 et
612 845 731 913 umenti,
750 842 899 914 Keplsrum
917 859 1037 914 unquam
1054 859 1118 900 aere
1128 843 1217 898 alieno
1235 841 1287 898 eibi
1303 841 1464 898 obstrictum
1476 840 1569 910 fuisso,
1586 856 1630 898 re-

221 927 224 940 '
278 929 430 1002 spondisse,
448 945 478 986 se
495 930 524 986 in
542 943 575 986 eo
589 931 769 1000 persuasione
787 933 882 1000 fuisse
899 938 932 988 ac
949 933 973 988 si
989 931 1125 1002 Keplerus
1143 930 1288 986 Maeetlino
1307 927 1360 988 200
1377 929 1496 986 florenos
1514 929 1628 984 deberet

276 1022 360 1088 utque
371 1031 402 1074 se
414 1022 526 1088 propter
537 1015 652 1074 dilatem
664 1017 836 1087 solutionem,
856 1035 938 1089 qnam
956 1019 1005 1076 filii
1018 1020 1127 1074 nomine
1145 1023 1286 1090 praestare
1300 1016 1447 1086 debuisset,
1466 1017 1537 1073 male
1554 1016 1631 1075 andi·

276 1111 366 1162 torem
384 1119 452 1160 esse·
489 1104 550 1171 „Ex
569 1121 623 1174 quo
641 1105 857 1162 animaduertere
873 1106 998 1178 uidebar,
1023 1107 1103 1176 quusi
1120 1106 1155 1162 ob
1174 1107 1257 1163 alium
1275 1104 1394 1182 aliquem
1410 1103 1493 1159 finem
1511 1103 1584 1160 istud
1604 1105 1628 1159 ei

276 1191 458 1262 persuascrie.
495 1192 596 1248 Postea
613 1193 729 1262 protulit
747 1193 940 1252 candelabrum
956 1195 1008 1252 tibi
1025 1195 1186 1250 mittendum
1204 1201 1287 1263 atque
1306 1193 1460 1248 numeravit
1474 1193 1539 1260 hos,
1558 1208 1629 1261 quos

275 1279 396 1336 inclusos
419 1279 556 1350 iuvenies,
583 1282 614 1336 15
640 1279 758 1338 florenos
760 1323 858 1342 .....
894 1283 999 1354 Rogavi
1023 1299 1095 1352 eam,
1119 1290 1149 1338 ut
1166 1283 1240 1352 apud
1257 1296 1300 1336 me
1324 1286 1494 1350 permaneret
1517 1279 1628 1338 diutius,

275 1367 437 1438 praesertim
451 1367 487 1424 ad
500 1367 652 1438 prandium.
680 1367 734 1425 Sed
747 1371 893 1429 maturarit
904 1372 1038 1441 reditnm;
1056 1369 1275 1440 mensuravimus
1288 1375 1377 1424 tamen
1390 1368 1527 1439 poculum,
1546 1373 1629 1436 prout

274 1454 336 1524 ipsa
354 1453 459 1510 scilicet
476 1453 572 1512 bibula
589 1459 657 1514 cst!

383 1541 427 1596 Ad
445 1541 515 1600 hacc
532 1543 675 1614 respondit
691 1543 868 1614 Keplerus
887 1546 914 1603 d.
932 1546 975 1603 29.
993 1545 1123 1617 Augusti,
1141 1545 1319 1616 praemittens
1337 1542 1515 1614 astrologica,
1533 1543 1629 1598 natiui-

276 1635 348 1688 tates
367 1645 529 1702 comparans
546 1629 663 1688 filiarum
687 1635 782 1690 eodem
800 1634 858 1690 fers
875 1641 999 1705 tempore
1017 1639 1154 1689 nannum:
1180 1629 1299 1689 Mortua
1327 1636 1371 1687 est
1396 1627 1457 1688 filiu
1479 1645 1546 1690 mea
1567 1628 1628 1688 Su-

275 1731 369 1776 sanna
391 1721 573 1791 apostemate
596 1717 711 1793 capitis.
748 1716 844 1793 Quam
866 1719 891 1778 si
915 1720 997 1780 breui
1019 1727 1102 1795 pater
1124 1725 1272 1796 sequatur,
1300 1715 1373 1776 nihil
1396 1715 1440 1774 illi
1462 1717 1628 1793 inopinanti

274 1801 399 1862 accidet.
418 1859 422 1870 ,
444 1801 518 1862 Cum
541 1805 618 1864 enim
640 1806 751 1881 passim
773 1809 804 1864 iu
820 1803 950 1882 Ungaria
972 1822 1072 1867 mucce
1093 1807 1273 1883 sanguineae
1297 1805 1326 1862 in
1348 1803 1499 1863 hominum
1522 1819 1629 1880 corpo·

274 1891 356 1950 ribus
379 1895 434 1950 cto.
457 1899 629 1969 appareant,
653 1893 764 1970 primus
787 1910 842 1970 ego
864 1896 895 1952 in
917 1893 974 1954 hac
997 1894 1085 1967 urbe,
1108 1893 1187 1971 quod
1210 1896 1310 1967 sciam,
1334 1891 1511 1952 nuciculam
1533 1893 1563 1950 iu
1585 1894 1629 1950 si-

272 1979 364 2038 nistro
386 1976 461 2054 pede
484 1981 672 2056 conspicatus
693 1997 768 2042 sum.
784 2030 791 2044 .
808 2025 815 2042 .
832 2025 865 2042 ..
904 1981 1013 2042 Verum
1037 1989 1095 2055 est,
1119 1999 1170 2041 ees
1192 1980 1320 2040 alienum
1336 1979 1374 2040 ad
1390 1985 1452 2039 200
1469 1979 1532 2042 lior.
1555 1978 1627 2038 mihi

273 2066 450 2141 incumbere,
475 2065 555 2144 quod
577 2069 663 2129 matri
686 2071 804 2148 saepius
826 2087 877 2146 per
898 2069 999 2130 literas
1022 2069 1179 2130 inculcavi.
1209 2067 1387 2128 (iurantem
1410 2075 1438 2128 te
1454 2067 1629 2128 creditorem

274 2154 431 2229 existimet,
455 2171 547 2217 causa
568 2155 643 2228 haec
665 2163 728 2218 est:
751 2159 867 2233 quoties
890 2157 1002 2235 aliquid
1026 2157 1159 2218 daturam
1182 2172 1214 2216 re
1236 2156 1308 2214 mihi
1331 2163 1375 2216 est
1390 2155 1532 2231 pollicita,
1552 2155 1629 2232 jussi

273 2248 307 2302 ut
327 2241 407 2318 apud
429 2249 459 2302 te
483 2242 650 2321 deponeret.
688 2245 732 2304 Ex
755 2244 931 2307 candelabro
953 2246 1049 2307 elucet
1071 2243 1195 2306 candela
1216 2252 1366 2306 maternae
1393 2243 1628 2316 benevolentiae,

273 2346 362 2408 quam
383 2329 552 2408 amplector.

376 2431 452 2486 Haec
470 2431 593 2501 sequitur
611 2430 718 2502 longior
736 2433 884 2504 explicatio
902 2431 1062 2501 studiorum,
1082 2433 1182 2501 quibus
1200 2439 1266 2491 tunc
1286 2433 1471 2502 occupnbutnr
1482 2429 1629 2500 chlerus‚

274 2517 309 2577 de
324 2517 476 2574 redonibus
495 2517 660 2576 harmonicis
680 2519 743 2589 (cfr.
761 2521 782 2575 l.
804 2521 965 2592 tei—203),
983 2521 1080 2578 relatio
1099 2522 1133 2577 de
1151 2521 1199 2578 lite
1216 2522 1288 2576 inter
1305 2521 1406 2576 Ursum
1424 2525 1452 2574 et
1470 2517 1629 2588 Tychonem

274 2605 402 2675 (1.234),
422 2604 456 2660 de
473 2605 604 2663 Roeslino
623 2613 651 2664 et
668 2609 706 2665 M.
728 2609 823 2664 Crusio
843 2609 907 2680 (IV.
927 2609 989 2681 72),
1015 2610 1140 2676 quaestio
1164 2609 1198 2664 de
1221 2607 1431 2666 retractionibus
1450 2613 1479 2662 et
1494 2605 1629 2674 magnetis

273 2693 453 2752 declinatione
472 2694 522 2762 (ll.
540 2695 711 2765 412,·815.),
731 2696 848 2766 deniqne
866 2697 909 2752 his
926 2695 1009 2752 finem
1026 2695 1106 2752 iacit:
1135 2693 1201 2754 Non
1236 2709 1355 2769 possum
1390 2691 1563 2768 praeterire,
1596 2695 1629 2747 ut

272 2786 302 2842 te
325 2796 417 2854 orem,
441 2779 619 2856 Praeceptor
641 2781 865 2856 humanissime,
896 2782 1050 2842 consilium
1072 2781 1144 2841 mihi
1173 2781 1359 2858 suppedites,
1382 2782 1408 2840 si
1431 2776 1629 2854 quandonam

271 2869 387 2942 veniat,
420 2874 453 2926 ut
483 2866 624 2939 extrudar,
649 2886 686 2930 cx
715 2869 771 2930 hoc
800 2869 883 2946 luco,
913 2878 966 2930 ant
995 2872 1098 2947 exigar
1126 2876 1170 2929 tot
1191 2866 1462 2930 incommoditatum
1491 2865 1627 2940 objectu:

270 2971 410 3031 quorsum
445 2971 514 3030 ergo
545 2959 703 3032 praecipue
736 2960 866 3019 animum
898 2957 1048 3018 intendere
1083 2955 1216 3018 debeam.
1268 2956 1344 3016 Nam
1376 2956 1438 3028 hic,
1476 2955 1533 3015 etsi
1567 2954 1629 3012 sita
1733 2969 1738 2974 ·

269 3044 341 3102 mihi
364 3043 505 3119 supersit,
536 3060 595 3102 uon
626 3043 728 3105 videor
756 3045 867 3106 dlutius
897 3045 1017 3108 haerere
1048 3061 1144 3122 posse.
1189 3045 1251 3106 Nec
1275 3043 1348 3104 mihi
1370 3042 1437 3119 plue
1464 3048 1509 3101 est
1532 3043 1629 3117 respi-

271 3129 407 3190 ciendum
438 3127 477 3190 ed
496 3131 642 3206 jacturam
667 3149 772 3210 opum,
805 3151 894 3210 quam
925 3134 962 3194 ed
992 3151 1042 3208 ea,
1072 3134 1178 3208 quihus
1207 3139 1312 3192 natura
1334 3137 1364 3192 et
1385 3132 1520 3190 instituto
1548 3130 1629 3190 ritae

270 3216 434 3278 destinatus
456 3233 530 3292 sum,
554 3219 741 3297 perficienda.
777 3221 868 3284 Plura
890 3239 948 3282 non
970 3221 1063 3295 addo,
1086 3223 1144 3280 nisi
1165 3211 1278 3281 ut'hoc
1298 3227 1328 3280 tc
1351 3235 1504 3292 rnoncam,
1528 3219 1628 3276 cousi-

140 3347 148 3358 .
268 3304 341 3365 lium
358 3323 405 3366 mc
421 3313 528 3382 petere,
552 3324 611 3366 non
627 3311 841 3371 auctoritatem.
880 3309 1040 3384 Numscio,
1063 3307 1348 3380 utinvidiacareas,
1364 3315 1466 3366 auctor
1482 3321 1547 3364 esse
1563 3319 1622 3364 non

270 3394 326 3454 vis.
371 3393 413 3452 At
435 3393 584 3454 consultor
607 3413 670 3457 esse
693 3400 799 3458 minori
821 3405 901 3460 metu
924 3404 1018 3474 potes.
1062 3395 1132 3473 Ipse
1154 3395 1191 3456 de
1205 3413 1251 3456 me
1266 3402 1403 3467 statuam,
1427 3401 1459 3454 tu
1475 3409 1552 3468 quae
1568 3393 1622 3451 tibi

270 3478 417 3554 videntur,
442 3498 478 3542 ea
500 3499 546 3542 rne
564 3499 663 3544 mone.
709 3485 767 3546 Sed
791 3495 821 3546 et
843 3485 899 3546 hoc
921 3483 1084 3546 mouendus
1107 3501 1155 3558 es,
1178 3499 1237 3551 uon
1259 3499 1347 3559 posse
1371 3499 1417 3541 me
1438 3481 1622 3557 gravissimis

250 3559 307 3630 'de
329 3569 426 3628 caude
449 3568 682 3632 ecclesiasticum
703 3591 809 3634 munus
832 3574 930 3634 obire:
958 3572 1076 3649 quando
1105 3573 1209 3648 maiori
1238 3569 1437 3630 sollicitudine
1460 3577 1497 3628 et·
1512 3584 1622 3645 augore

243 3655 439 3718 discruciari
468 3672 618 3734 nunquam
642 3676 774 3736 possem,
806 3661 942 3737 quamsi
967 3661 1029 3736 jam
1053 3659 1109 3720 hac
1132 3660 1313 3720 conscientia
1339 3657 1443 3718 inille
1473 3656 1623 3733 palaestra

270 3761 366 3806 essem
388 3741 529 3804 inclusus.
574 3746 616 3806 At
637 3748 848 3825 professionem
877 3747 1113 3825 philoeophicam
1141 3762 1345 3824 quemcunque
1374 3761 1459 3823 spero
1486 3761 1533 3804 mc
1556 3760 1622 3803 cum

271 3839 444 3894 ornamento
453 3832 635 3894 -ecademiao
659 3837 688 3894 in
711 3855 801 3913 quam
830 3853 954 3910 venero,
983 3839 1009 3896 si
1031 3852 1090 3895 non
1118 3837 1218 3896 statim
1241 3843 1271 3896 et
1294 3849 1352 3894 uon
1374 3834 1459 3892 multi
1482 3833 1623 3908 temporie

268 3920 355 3999 lapsu
377 3920 531 3984 facturum.
570 3921 637 3998 Qua
660 3927 814 3986 occasione
837 3923 923 3986 simul
947 3926 1077 3984 animum
1099 3923 1138 3984 ad
1160 3923 1334 3984 medicinam
1358 3921 1525 3997 adjicerem.
1562 3918 1623 3980 Sed

269 4011 340 4086 quia
363 4015 431 4070 ante
454 4026 570 4070 menses
592 4009 708 4086 aliquot
730 4029 883 4074 commune
907 4015 998 4072 totius
1021 4011 1139 4088 collegii
1155 4010 1353 4088 philosophici
1376 4017 1406 4070 et
1428 4009 1521 4085 ipsius
1544 4025 1623 4086 quo·

268 4115 326 4174 que
349 4095 542 4158 Haicnrelleri
566 4099 722 4160 consilium
745 4101 784 4160 ad
806 4119 852 4162 me
875 4101 1079 4178 perscripsisti,
1103 4101 1190 4174 eique
1211 4097 1335 4158 consilio
1357 4114 1437 4158 nora
1457 4097 1532 4156 haec
1555 4113 1624 4157 mea

266 4183 437 4246 sollicitudo
459 4185 611 4246 adversari
635 4195 666 4248 et
688 4188 856 4265 obstrepere
880 4187 1010 4248 ridetur:
1035 4185 1191 4246 dcundum
1213 4188 1301 4262 igitur
1323 4186 1395 4244 mihi
1409 4192 1463 4257 eet,
1488 4183 1559 4259 quid
1575 4201 1623 4244 ma

268 4273 425 4350 impediat,
457 4289 515 4349 quo
543 4276 640 4336 minue
670 4276 714 4334 lili
735 4295 862 4354 paream.
908 4275 1053 4336 Placebat
1075 4276 1177 4348 vobis,
1205 4275 1349 4349 tantisper
1371 4265 1470 4334 mein
1492 4274 1623 4332 statione

268 4360 326 4422 hac
348 4379 415 4422 mea
436 4378 623 4437 permanere,
656 4363 724 4424 dum
758 4372 886 4425 extrema
914 4364 1089 4424 necessitate
1119 4363 1158 4422 ab
1182 4379 1218 4423 ea
1248 4360 1394 4422 detrudar.
1439 4360 1623 4436 Argumenta

270 4449 357 4508 vobis
380 4449 454 4510 hacc
479 4451 534 4509 tria
554 4453 742 4527 potissimum
764 4453 855 4513 luisse
871 4450 992 4527 colligo:
1019 4451 1236 4522 conscientium,
1259 4447 1425 4521 utilitatem,
1448 4449 1621 4524 periculum.

266 4535 342 4596 Nam
365 4539 437 4613 quia
458 4534 562 4598 ceteris
586 4536 714 4598 exclusis
729 4540 813 4600 locus
828 4538 898 4598 mihi
920 4539 977 4598 soli
993 4537 1111 4600 relictus
1127 4545 1180 4611 eet,
1205 4537 1379 4615 sperabatis,
1402 4537 1465 4597 soro
1485 4543 1519 4596 ut
1532 4536 1621 4612 hujus

267 4639 350 4684 meae
378 4641 478 4685 morae
506 4633 585 4686 esset
612 4625 720 4702 uliquis
742 4635 821 4687 ‘usus
849 4629 880 4684 iu
911 4624 1036 4688 ecelesia
1065 4633 1118 4688 aut
1147 4625 1257 4686 schola.
1310 4623 1490 4701 Scripseram
1521 4625 1620 4698 etiam,

267 4716 397 4772 metuere
419 4729 483 4786 mc,
515 4722 548 4773 ut
570 4715 706 4790 privigna
729 4731 794 4774 mea
817 4713 978 4775 deserenda
1000 4716 1057 4789 sit,
1088 4713 1245 4774 irretiende
1264 4712 1356 4790 paulo
1378 4719 1447 4790 post
1468 4710 1622 4779 blanditiis

266 4795 518 4872 adversariorum,
548 4807 578 4860 et
606 4800 781 4878 pellicienda
808 4804 838 4860 in
865 4801 1047 4878 pontificiam
1072 4801 1253 4878 religionem.
1306 4799 1342 4860 ld
1370 4817 1429 4878 qno
1458 4801 1621 4876 careretur,

266 4881 386 4964 quiduis
407 4885 573 4948 iaciendum
597 4889 763 4956 censuistis.
808 4888 933 4968 Deinde,
958 4887 1037 4967 quod
1060 4889 1218 4952 utilitatem
1240 4890 1354 4965 attinet,
1377 4891 1408 4948 in
1430 4891 1505 4952 meis
1527 4888 1622 4952 literis
