3624 5554
292 407 356 480 662
598 407 778 468 sesemen
794 407 933 467 merus
949 379 1345 470 muosmussssnoxvr.

297 592 398 658 oenus,
416 588 477 657 eius
495 591 587 643 tamen
605 586 698 658 aliqrsa
715 586 866 642 scintillula
882 587 1041 658 illustratos,
1061 588 1095 644 sd
1114 603 1145 644 se
1161 597 1241 646 vocet
1257 595 1287 644 et
1303 591 1385 660 qnasi
1400 587 1525 646 uotmtes
1542 588 1642 648 uasat
1724 581 1727 588 ’

292 677 363 732 Eine
381 673 513 744 estquod
531 689 596 744 eqo,
619 675 730 743 ignotus
748 674 798 730 tibi
823 677 902 744 licet,
927 677 1077 748 sapientiae
1101 683 1165 732 tuse
1189 676 1323 746 fulgorem
1341 678 1376 732 ab
1394 675 1532 732 academia
1549 683 1644 734 nostm

291 764 457 821 Bononiensi
481 762 555 819 haud
578 761 660 819 facile
684 761 773 832 patiar
799 763 904 820 abesse.
945 763 1168 833 Sapientissimns
1190 764 1219 820 J.
1242 766 1276 821 Δ.
1298 766 1441 836 Marinum
1466 765 1644 820 classenm

293 850 545 906 mathematicorum
570 850 677 915 iumen,
702 866 802 920 parens
827 851 888 920 ejus
907 865 976 919 quae
994 851 1021 906 in
1039 865 1083 905 me
1102 857 1145 906 est
1169 850 1342 908 scientiarum
1367 850 1516 922 scintillae,
1541 853 1645 921 elapsis

293 938 388 994 diebus
406 938 460 1004 (11.
480 939 565 1008 Febr.)
591 937 626 992 ad
650 943 788 993 aeternam
813 945 949 1008 astrorum
968 937 1163 1008 cognitionem,
1188 945 1219 995 ui
1236 947 1372 1009 putamus,
1392 957 1407 996 e
1425 942 1492 996 viris
1509 942 1645 997 abductus

292 1032 341 1080 eat.
378 1027 484 1080 Moeret
500 1025 641 1082 academia
659 1025 854 1096 Bononiensis,
872 1025 1009 1083 ademtam
1028 1024 1081 1081 sibi
1099 1025 1190 1082 lumen
1207 1027 1300 1098 luget,
1316 1044 1416 1083 norum
1433 1027 1588 1099 Apollinem
1606 1017 1660 1082 in-'

294 1111 424 1182 sesdqat,
447 1126 528 1179 quem
546 1112 688 1178 inuenerit,
707 1114 816 1184 opinor,
841 1113 865 1169 si
883 1115 936 1169 hoc
954 1129 1024 1169 onus
1044 1111 1136 1168 sabim
1160 1130 1214 1168 non
1232 1116 1414 1170 renumeratis:
1437 1131 1488 1184 ego
1506 1115 1581 1170 enim·
1594 1131 1645 1186 pro

291 1215 353 1256 mea
376 1199 459 1270 virili,
485 1199 531 1254 uhi
554 1206 631 1254 tuam
653 1199 689 1254 ed
712 1203 784 1258 hanc
808 1201 901 1258 sedem
922 1217 1050 1259 novenam
1073 1200 1253 1272 voluntatem,
1278 1202 1378 1268 snitu,
1397 1207 1429 1258 nt
1446 1217 1518 1271 qnae
1534 1202 1645 1272 seriptis

290 1307 399 1362 promo,
424 1305 454 1346 re
471 1293 533 1362 ipsa
550 1283 770 1362 comprobentur.
801 1291 912 1360 henne,
931 1289 1133 1360 sapientissime
1151 1290 1216 1359 Vir,
1238 1295 1266 1344 et
1283 1290 1366 1346 innns
1388 1297 1417 1346 et
1434 1291 1458 1344 si
1475 1289 1547 1346 loric
1565 1291 1647 1348 binae

292 1376 416 1447 ejusdem
440 1379 541 1434 tenoris
565 1378 662 1435 literae
680 1395 696 1434 a
714 1393 757 1434 me
781 1378 830 1432 tibi
852 1379 1017 1444 redduntur,
1043 1377 1118 1433 nulla
1139 1384 1167 1433 te
1185 1377 1276 1448 capiat
1297 1376 1453 1445 edffiraiio,
1479 1378 1551 1434 nesti
1573 1377 1646 1434 enim

291 1465 419 1522 fortunae
436 1465 561 1530 ludibria,
580 1468 754 1536 quaeritare
772 1481 854 1526 mens.
867 1466 946 1522 arida
963 1482 1014 1536 pro
1032 1464 1134 1522 viribus
1152 1480 1207 1521 non
1225 1463 1370 1520 erubescit.
1400 1465 1463 1520 lion
1474 1463 1556 1536 plura
1572 1464 1646 1521 iace·

292 1567 351 1609 rem
368 1569 419 1608 nec
436 1561 465 1610 te
481 1554 518 1610 ad
535 1556 639 1623 majora
656 1561 849 1624 properantem
867 1551 1103 1624 necessariori
1120 1560 1168 1608 mo
1186 1552 1326 1608 ardentem
1343 1553 1415 1609 hanc
1432 1569 1520 1608 meam
1539 1553 1646 1625 cupidi·

292 1645 378 1696 tatem
396 1640 530 1698 adscribe.
560 1643 781 1712 Ephemeridum,
801 1659 871 1712 ques
889 1649 919 1699 nt
937 1659 972 1698 ex
989 1643 1044 1698 tuis
1063 1641 1098 1696 ad
1110 1639 1250 1709 Marinum
1262 1641 1377 1710 cognovi
1394 1640 1481 1696 literis
1493 1641 1645 1711 commiss,

293 1728 403 1784 tabulas
421 1743 486 1783 num
503 1730 576 1800 typis
595 1730 769 1800 commiseris,
787 1731 878 1800 siper
896 1739 923 1786 te
941 1746 1050 1801 novero,
1068 1744 1111 1784 me
1126 1728 1184 1798 jem
1195 1727 1300 1796 pridem
1317 1728 1368 1783 tihi
1379 1728 1533 1784 devinctum
1545 1727 1646 1786 reddes

295 1800 534 1872 devinctissimum.
565 1817 677 1872 Interim
694 1817 747 1872 hoc
765 1819 800 1873 sit
817 1817 1021 1875 benevolentiae
1038 1818 1066 1872 in
1079 1823 1107 1872 te
1120 1830 1197 1871 meae
1208 1817 1306 1885 pignus
1317 1823 1466 1872 aenmnn.
1497 1814 1565 1872 Viro
1576 1815 1646 1872 ioiix

294 1906 322 1958 si
340 1900 416 1956 Vale.
452 1902 592 1958 Bononiae
611 1904 668 1959 Gal.
687 1905 780 1961 Martii
800 1907 875 1962 1617,

312 1981 320 1996 ’
431 1989 584 2046 Perillustri
603 1991 763 2050 Gelsitndini
781 1991 857 2048 Tuae
874 1991 1075 2050 addictissimus
1093 1992 1118 2046 J.
1136 1993 1169 2047 A.
1186 1991 1330 2048 Roffenina
1347 1990 1543 2060 Philosophiae
1559 1991 1593 2046 P.
1613 1991 1645 2047 P.

398 2087 448 2142 His
472 2087 608 2156 Keplerus
629 2089 784 2159 respondit:
813 2085 842 2145 S.
860 2084 894 2142 P.
910 2085 949 2144 D.
982 2083 1063 2159 Quas
1086 2083 1125 2143 ad
1147 2099 1194 2143 me
1217 2082 1280 2142 Gai.
1296 2081 1397 2142 Martii
1412 2082 1519 2142 dedisti
1532 2081 1646 2155 literas,

292 2171 408 2232 Nobilis
430 2179 461 2231 et
482 2171 651 2234 clarissime
674 2173 737 2248 Vir,
761 2173 863 2234 eodem
886 2169 1020 2249 exemplo
1043 2174 1176 2248 geminas
1198 2173 1309 2248 accepi,
1332 2179 1503 2246 argomento
1525 2169 1648 2246 quidem

291 2258 427 2320 luctuoso
455 2267 579 2340 propter,
606 2263 746 2320 amissum
773 2277 918 2320 summum
941 2261 971 2316 in
994 2260 1175 2337 professione
1204 2258 1414 2319 mathematica
1437 2260 1531 2318 virum
1554 2257 1592 2320 D.
1614 2257 1648 2322 J.

295 2347 329 2406 h.
353 2347 506 2424 Maginnm
528 2347 659 2425 mihique
689 2350 897 2408 amicissimum
919 2345 978 2427 (cui
1001 2363 1066 2406 cum
1089 2345 1278 2423 hierophanti
1309 2346 1459 2404 beatarum
1481 2347 1649 2406 animarum

218 2479 224 2490 .
291 2440 378 2495 eootn
401 2445 550 2494 aeternum
574 2437 648 2496 bene
670 2435 735 2515 sit),
768 2435 839 2494 mihi
869 2452 938 2494 vero
959 2434 1186 2511 perhonorificus
1210 2435 1249 2493 ob
1271 2432 1399 2493 delsmm
1428 2435 1646 2493 successionem

290 2523 321 2578 in
343 2521 395 2582 iila
417 2521 632 2582 academiarum
656 2523 792 2600 Europae
815 2525 944 2582 omnium
967 2520 1121 2599 metropoli
1143 2523 1294 2594 Bononia,
1323 2537 1393 2580 rere
1414 2529 1507 2581 matre
1528 2520 1648 2581 studio-

292 2625 365 2682 rum,
389 2625 478 2685 qnam
502 2613 585 2669 unice
608 2614 737 2687 suspicio
761 2617 790 2670 et
812 2611 893 2684 colo;
923 2625 982 2686 qua
1004 2611 1178 2669 invitatione
1202 2607 1289 2668 simul
1313 2607 1519 2668 demonstrasti
1540 2611 1648 2683 singn-

295 2695 386 2756 ie'rem
407 2699 438 2754 in
460 2686 677 2773 me‘nunquam
702 2702 797 2758 visum
825 2699 933 2758 amoris
956 2697 1091 2757 affectum
1115 2707 1144 2756 et
1166 2697 1252 2756 rebus
1275 2683 1347 2772 ipsis
1370 2694 1510 2756 addidisti
1534 2697 1646 2756 verbo·

292 2801 357 2842 rum
380 2793 522 2858 ornatum,
546 2793 628 2844 tanto
652 2786 794 2846 beneficio
818 2787 1048 2845 convenientem.
1094 2784 1157 2842 Etsi
1180 2801 1250 2844 vero
1274 2784 1426 2855 constitui,
1450 2786 1574 2859 primum
1598 2791 1650 2844 ai-

291 2887 349 2947 que
371 2871 409 2930 ad
431 2871 477 2931 θ’*
493 2872 541 2931 0¹⁰
558 2871 724 2949 Majestatis
755 2873 934 2934 audientiam
964 2870 1108 2933 admissus
1137 2872 1234 2944 luero,
1265 2879 1364 2942 tunm,
1393 2870 1447 2930 Vir
1475 2871 1647 2944 clarissime,

291 2958 348 3019 hoc
371 2965 415 3018 est
445 2959 614 3019 academiae
637 2961 832 3021 Bononiensis
860 2960 895 3020 de
918 2973 964 3019 me
984 2960 1127 3034 jndioium
1149 2969 1309 3036 exponere,
1340 2960 1513 3035 petitionem
1535 2975 1648 3036 propo-

294 3062 372 3118 nere,
395 3045 578 3106 dlssimnlare
601 3049 716 3107 interim
737 3065 796 3108 uon
818 3063 947 3124 possum,
972 3045 1041 3121 qnid
1066 3049 1095 3104 in
1117 3063 1208 3106 causa
1231 3053 1370 3121 versetur,
1394 3063 1431 3107 ne
1453 3048 1479 3106 si
1495 3047 1591 3106 forsan
1606 3046 1648 3105 ob

291 3132 506 3193 incommodam
528 3135 729 3194 valetudinem
750 3135 886 3196 Caesaris
909 3150 990 3194 mora
1012 3132 1154 3192 nonnulla
1176 3133 1345 3207 intercedat,
1368 3151 1425 3210 ago
1449 3132 1496 3193 rei
1519 3133 1648 3210 diiigen-

292 3221 364 3279 tiam
394 3227 475 3280 tuam
503 3223 532 3281 in
561 3240 607 3282 me
637 3223 836 3300 promovendo
865 3222 989 3299 superbe
1019 3229 1218 3295 contemnere,
1252 3221 1299 3280 rel
1330 3219 1505 3282 desiderium
1540 3219 1649 3281 callide

294 3306 393 3366 differe
416 3308 525 3372 ridear.
571 3310 714 3370 Nimirum
737 3327 793 3386 ogo
816 3312 934 3369 natione
957 3309 1112 3384 animoque
1135 3307 1299 3368 Germanus
1321 3325 1401 3382 snm,
1431 3305 1648 3370 Germanorum

293 3395 422 3454 moribus
453 3397 596 3470 imbutus,
627 3400 662 3456 iis
690 3401 784 3469 ritae,
815 3397 871 3457 hoc
893 3406 938 3456 est
961 3399 1055 3472 (ruore
1077 3399 1261 3472 germanico,
1293 3395 1369 3456 inter
1395 3395 1528 3456 literatos
1557 3397 1650 3456 etiam

293 3477 426 3566 recepto)
449 3485 579 3560 conjugii
601 3487 826 3546 necessitatibus
850 3487 983 3556 innexus,
1007 3491 1040 3543 ut
1062 3487 1086 3542 si
1102 3483 1151 3544 vei
1165 3487 1229 3560 ipse
1251 3483 1413 3559 Imperator
1427 3490 1546 3555 annuat,
1570 3499 1650 3542 non-

295 3571 351 3627 nisi
375 3569 545 3631 difficillime
569 3570 748 3632 domicilium
771 3591 807 3632 ex
831 3571 990 3633 Germania
1011 3572 1065 3630 sim
1089 3570 1282 3631 mandaturus
1304 3571 1334 3628 in
1357 3568 1484 3630 Italiam.
1523 3569 1567 3630 Ao
1590 3573 1648 3630 etsi

293 3673 341 3716 me
364 3655 458 3733 gloria
480 3657 626 3734 stimulat,
650 3677 687 3720 ox
709 3659 916 3720 honestissimo
939 3658 1020 3734 loco,
1044 3659 1075 3716 in
1098 3673 1238 3720 consessu
1261 3657 1427 3718 venarando
1450 3657 1650 3736 professorum

294 3743 527 3806 Bononiensium
549 3745 691 3820 relucens,
715 3755 745 3808 ei
766 3765 834 3825 spes
857 3747 1004 3825 proiectus
1026 3753 1163 3824 apparet,
1186 3763 1253 3807 enm
1274 3743 1393 3821 publioe
1415 3748 1444 3804 in
1464 3746 1649 3822 professione

292 3832 331 3892 ob
353 3831 530 3892 auditorium
550 3835 832 3911 frequentissimum,
865 3843 927 3894 tum
951 3835 1088 3911 privatim
1109 3836 1140 3893 in
1163 3831 1298 3910 augenda
1319 3849 1366 3906 re,
1390 3840 1421 3894 at
1444 3834 1574 3892 vicissim
1596 3831 1651 3894 ilia

292 3921 371 3980 ritae
394 3937 462 3998 pers
483 3928 551 3982 ecta
565 3930 619 3996 est,
643 3922 821 3998 quaerebas
844 3924 929 3982 novis
953 3923 1074 3982 excitari
1095 3921 1179 3996 solet,
1203 3935 1318 3997 quaeve
1334 3919 1455 3982 delicias
1477 3919 1584 3983 Italiae
1599 3919 1649 3981 vel

292 4009 479 4085 concupiscat
501 4009 550 4070 rel
573 4009 740 4070 diuturnum
763 4027 863 4070 earnm
885 4009 1009 4069 fructum
1032 4008 1089 4068 sibi
1112 4008 1240 4086 polliceri
1264 4009 1366 4086 possit
1412 4007 1543 4082 Accedit,
1566 4008 1649 4086 quod

291 4097 431 4174 spuerio
460 4094 499 4156 ad
529 4104 606 4157 nanc
634 4113 728 4174 usque
757 4103 886 4158 aetatem
915 4095 1079 4158 Germanus
1108 4099 1182 4158 inter
1211 4093 1414 4176 sammon)
1444 4113 1480 4156 ea
1509 4095 1648 4160 libertate

378 4344 421 4412 .·)
440 4349 471 4398 1n
488 4345 637 4394 annonariis
656 4345 718 4392 haee
737 4341 829 4392 delent
847 4343 985 4407 Raptatus:
999 4379 1007 4396 .
1021 4381 1028 4396 .
1042 4380 1047 4393 .
1063 4379 1070 4395 .
1087 4337 1159 4395 inter
1172 4335 1322 4394 Germanos
1341 4335 1376 4394 de
1393 4337 1534 4396 Romanae
1553 4342 1648 4402 curiae

293 4411 449 4483 pontificiae
477 4411 610 4466 institutis
630 4417 657 4465 et
672 4409 863 4478 jurisdictione
886 4425 970 4478 super
992 4409 1136 4479 episcopos
1154 4407 1316 4466 Germaniae
1341 4423 1373 4464 ea
1397 4407 1523 4465 libertate
1548 4413 1648 4470 solitus

292 4498 352 4536 sum
370 4483 460 4554 loqui,
481 4482 558 4550 anus
577 4481 721 4548 memoria,
742 4480 882 4535 Germanis
901 4480 1052 4536 Bononiam
1068 4479 1266 4535 ventilantibus
1284 4479 1452 4549 adhaerens,
1471 4477 1553 4536 facile
1570 4483 1647 4554 mihi,

295 4552 390 4608 sinon
428 4551 568 4619 ericninm,
587 4550 684 4605 saltem
703 4555 794 4606 nomm
813 4548 932 4620 aliquam
950 4550 1071 4618 causam,
1090 4549 1261 4619 suspiciones
1279 4549 1389 4606 concire
1400 4564 1499 4618 meque
1512 4552 1647 4623 Coryaeo-

292 4636 352 4676 rum
371 4571 552 4678 deditionibus
570 4620 716 4675 obnoxium
735 4619 848 4676 reddere
867 4626 968 4688 posset.
1000 4619 1091 4688 Quare
1109 4619 1162 4676 etsi
1180 4637 1242 4676 cum
1260 4618 1421 4676 haeresibus
1439 4619 1521 4690 huius
1540 4630 1648 4695 tompo-

294 4690 331 4744 ris
350 4691 414 4747 uolo
434 4692 501 4746 mihi
519 4690 669 4760 quidquam
687 4705 748 4745 esse
766 4703 915 4756 commune,
934 4703 1020 4759 eaque
1039 4689 1073 4745 de
1091 4705 1175 4746 cansa
1193 4687 1390 4744 incommodius
1403 4688 1472 4758 dego
1485 4689 1558 4746 inter
1569 4693 1648 4763 ipsos

297 4760 377 4816 etiarn
395 4761 553 4824 Germanos,
573 4759 636 4828 qnia
654 4766 743 4812 tamen
762 4759 915 4828 Bononiae,
936 4775 1005 4828 qnae
1024 4761 1120 4816 summi
1137 4759 1277 4815 Pontificis
1296 4765 1339 4814 est
1357 4758 1498 4829 clientela,
1521 4761 1647 4826 haeresis

295 4835 362 4957 Ἃ
375 4830 505 4900 quidquid
531 4829 616 4886 officit
639 4829 795 4886 auctoritati
817 4835 845 4885 et
862 4829 1091 4900 praeeminentiae
1113 4831 1186 4905 sedis
1204 4831 1356 4904 Romanae,
1379 4845 1443 4904 non·
1458 4831 1556 4904 opinor
1579 4833 1648 4892 vitio

379 4907 468 4956 rentes
483 4941 490 4958 .
504 4941 512 4960 .
525 4940 533 4954 .
546 4939 575 4962 ..
