3612 5538
559 403 671 476 Kepleri
686 403 827 464 huncum
844 385 935 464 studia
950 409 980 462 et
996 405 1128 464 techna
1427 403 1513 472 1009

164 581 242 642 niam
267 581 414 662 colligaii3
443 583 569 662 denique
592 587 622 644 in
645 585 716 648 sois
740 585 867 661 onnam,
894 573 1037 664 palatium
1064 595 1094 648 et
1119 585 1297 664 praetorium
1321 601 1376 645 seu
1400 585 1513 662 regiam

166 685 230 730 esse
253 672 345 732 totins
367 674 449 749 regni
471 681 592 734 naturae
596 715 725 737 ......
773 671 806 734 Si
828 690 888 750 qua
915 691 998 734 mens
1020 692 1056 735 ex
1078 673 1148 735 Sole
1177 675 1318 753 prospicit
1345 672 1513 734 harmonias

164 757 252 832 istas,
281 757 325 818 illi
348 759 454 822 desunt
476 761 656 822 adminicula
676 768 775 822 metus
797 768 827 822 et
848 763 1010 823 stationum
1039 761 1219 823 diversarum
1247 761 1327 822 sedis
1355 777 1443 836 suae,
1475 778 1514 821 ex

166 846 274 930 quihus
295 854 395 908 neemt
418 849 657 911 ratiocinationes
680 856 710 909 st
731 848 895 924 discursus,
926 849 1090 911 intervallis
1119 849 1303 927 planetarum
1326 847 1513 910 dimetiendis

165 936 375 996 necessarios.“
393 967 433 982 -
448 937 483 996 lu
499 937 550 1015 Ep
561 940 680 998 iteme
696 937 1316 1014 (tera—1621)sicloquitancpierus:
1342 940 1513 1017 „Animam

167 1021 196 1079 in
220 1038 342 1099 corpere
364 1023 443 1085 Salis
464 1027 562 1087 messe
583 1041 723 1103 magnum
745 1032 949 1102 argumentum
972 1024 1088 1085 ducitur
1103 1042 1122 1085 a
1138 1027 1261 1086 materia
1278 1026 1408 1102 corporis
1431 1026 1513 1102 ejus-

165 1126 221 1186 que
244 1109 473 1186 illuminatione,
504 1129 581 1190 quae
609 1112 726 1173 videtur
755 1130 821 1174 esse
849 1113 977 1189 qualitas
1006 1121 1068 1172 orta
1096 1113 1134 1172 ah
1162 1113 1366 1173 informatione
1396 1117 1512 1174 animae

164 1197 375 1260 ualentissima.
414 1202 551 1260 Animam
574 1208 673 1262 antem
688 1203 787 1277 petius
810 1199 994 1260 statuendam
1017 1218 1083 1261 esee
1104 1209 1185 1277 pute,
1210 1219 1297 1278 quarn
1320 1203 1451 1262 iermam'
1466 1204 1514 1259 in·

166 1287 307 1362 animam,
331 1289 402 1364 quia
424 1305 460 1348 ex
482 1288 663 1350 macularum
685 1289 715 1346 in
738 1287 808 1349 Sele
831 1296 897 1349 ortu
920 1296 950 1348 et
971 1287 1154 1348 discussione
1181 1306 1275 1365 exque
1297 1288 1512 1349 illuminatione

166 1373 314 1450 inaequali
336 1368 463 1451 partium
487 1377 551 1452 ejus
567 1376 748 1436 diversarum
763 1374 887 1435 dirersis
910 1377 1091 1452 temporibus
1106 1385 1238 1454 apparet,
1261 1393 1320 1436 non
1335 1393 1423 1437 onam
1440 1393 1512 1437 con-

165 1461 275 1522 tinuam
299 1471 329 1520 et
350 1471 491 1540 perpetuo
515 1465 687 1524 uniformem
710 1480 774 1523 esse
789 1465 937 1540 energiam
953 1466 982 1521 in
998 1465 1133 1523 omnihus
1149 1466 1278 1540 corperis
1301 1464 1405 1524 solaria
1418 1467 1512 1541 parti-

166 1548 231 1609 hns.
268 1547 338 1626 Ipsa
361 1553 451 1610 etiam
473 1552 523 1610 lux
547 1560 704 1629 cognatum
727 1549 796 1626 quid
820 1557 865 1610 est
888 1553 1004 1611 animae
1022 1594 1029 1609 .
1046 1597 1054 1614 .
1070 1595 1102 1612 ..
1126 1554 1227 1627 itaque
1250 1569 1355 1629 eorpus
1370 1553 1458 1625 Solis,
1481 1555 1512 1611 in

164 1651 222 1712 quo
243 1633 294 1694 lux
318 1638 426 1700 insidet
455 1640 651 1716 originaliter,
682 1645 910 1700 consentaneum
941 1647 986 1698 est
1008 1637 1107 1699 anima
1128 1638 1294 1716 praeditum
1323 1657 1402 1714 msa,
1434 1658 1511 1716 quae

165 1723 401 1786 inflammationis
430 1726 510 1790 illius
538 1734 654 1800 auctor,
686 1731 784 1786 custos
812 1735 842 1785 et
869 1727 1064 1786 continuatrix
1091 1727 1139 1786 sit.
1184 1726 1245 1787 Nec
1276 1726 1355 1787 aliud
1386 1727 1510 1788 suadere

164 1809 281 1872 videtur
302 1811 381 1873 Solis
405 1814 532 1875 cilicium
554 1818 583 1873 in
607 1813 726 1887 monde,
749 1821 782 1872 ut
804 1814 881 1872 sient
903 1816 1002 1872 emnia
1024 1813 1241 1874 illuminaturus
1263 1813 1359 1876 lucem
1379 1823 1425 1875 est
1446 1833 1512 1877 ecr-

164 1899 236 1958 titna
257 1901 287 1957 in
310 1917 370 1960 suo.
388 1917 517 1978 corpore,
541 1905 584 1961 sic
607 1903 705 1962 omnia
727 1899 918 1960 calefacturus
934 1900 1069 1976 calorem
1093 1903 1191 1962 omnic
1207 1903 1400 1962 riviiactnrus
1418 1906 1511 1963 vitam
1574 1901 1576 1906 '

167 1989 255 2048 etiam
279 1991 342 2063 ipse
364 1990 562 2066 corporalem,
595 1992 692 2050 omnia
714 1995 845 2049 moturus
874 1990 1048 2064 principium
1071 1995 1100 2048 et
1122 1992 1185 2066 ipse
1208 1997 1306 2049 motus
1329 2001 1358 2050 st
1380 1993 1423 2050 sic
1445 1993 1512 2050 ani-

167 2091 245 2134 mam
268 2077 297 2132 iu
320 2093 352 2136 se
375 2077 493 2137 haheat.
524 2076 571 2136 Ad
595 2084 692 2136 motus
716 2093 785 2136 vere
808 2077 908 2135 munia
929 2075 1002 2135 nihil
1025 2093 1099 2154 opus
1122 2085 1166 2136 est
1180 2085 1286 2136 mente.
1324 2077 1400 2137 Nam
1415 2078 1512 2156 plagq,

164 2163 194 2220 in
209 2178 298 2238 quarn
321 2163 451 2226 solvitur
466 2165 528 2239 Sel,
552 2172 596 2225 est
616 2164 742 2240 aprime
764 2181 861 2224 rerum
884 2170 996 2238 exerta,
1020 2165 1184 2224 constantia
1207 2182 1277 2225 vcro
1302 2165 1462 2225 solutionis
1486 2173 1516 2226 et

164 2249 306 2326 periodici
329 2254 469 2329 temporis
492 2250 639 2330 dependet
660 2269 678 2310 a
700 2253 887 2328 proportione
910 2255 1057 2312 constanti
1078 2253 1228 2329 potentiae
1243 2256 1371 2313 metricis
1386 2253 1425 2314 ad
1441 2269 1515 2314 con-

166 2340 322 2398 tumaciam
343 2342 493 2402 materiae.
537 2339 608 2418 Ipsa
628 2340 777 2416 prensntio
801 2355 955 2416 corporum
976 2339 1214 2417 planetariorum,
1237 2357 1312 2415 quos
1326 2339 1379 2400 Sol
1401 2349 1515 2401 rotatus

163 2425 346 2502 circumagit,
371 2427 531 2505 corporalis
554 2435 598 2488 est
622 2430 724 2500 virtus,
747 2443 806 2486 non
829 2425 973 2500 animalis,
997 2445 1056 2486 non
1079 2428 1224 2487 mentalis.
1254 2427 1356 2488 Virtus
1380 2431 1425 2488 sui
1449 2446 1516 2488 cor-

167 2515 247 2589 poris
270 2531 306 2574 eo
329 2515 404 2590 ipso,
428 2514 508 2591 qnod
531 2523 575 2576 est
598 2517 710 2592 species
733 2517 872 2590 corporis,
895 2507 958 2575 une
977 2532 1043 2574 cum
1058 2531 1179 2592 corpore
1194 2513 1273 2574 Solis
1288 2523 1401 2576 rotator
1423 2519 1516 2575 instar

165 2600 342 2675 rapidissimi
359 2606 487 2676 vorticis,
510 2609 602 2663 totam
619 2603 755 2662 circuitus
771 2593 1002 2680 amplitudlpem,
1024 2601 1062 2662 ad
1084 2609 1342 2678 quantamcunque
1365 2605 1515 2680 pertingit,

166 2705 259 2765 aeque
281 2688 414 2751 celeriter
436 2707 601 2768 pervagans
633 2698 741 2766 ,atque
763 2689 815 2750 Sol
842 2692 1050 2766 angustissimo
1078 2705 1134 2748 suo
1157 2691 1254 2765 spatio
1277 2691 1354 2750 circa
1385 2700 1515 2750 centrum

165 2793 197 2836 sa
219 2773 394 2840 convertit“.
414 2779 538 2838 -Alio
560 2778 628 2838 loce
643 2777 803 2854 Epitomes,
828 2793 887 2852 quo
901 2785 998 2837 motus
1013 2777 1197 2854 planetarum
1221 2786 1253 2836 ut
1267 2780 1347 2852 prius
1363 2779 1392 2836 ln
1410 2779 1516 2836 Astro-

165 2866 263 2923 nomia
293 2881 372 2926 nora
400 2872 430 2927 et
455 2865 618 2925 Harmonia
647 2881 699 2942 per
728 2859 916 2946 „filamenta“
946 2863 1007 2942 (vel
1037 2860 1177 2945 „hhras“)
1201 2864 1378 2940 magneticis
1407 2865 1516 2924 similia

165 2951 344 3012 attrahentia
367 2962 396 3013 et
411 2953 583 3031 repellentia
606 2951 753 3028 explicare
768 2951 889 3025 studuit,
914 2955 1064 3028 quaerenti
1088 2953 1247 3029 opponenti
1269 2951 1434 3028 respondit:
1461 2952 1515 3032 „ln

168 3055 292 3115 corpore
315 3039 393 3100 Solis
416 3041 541 3100 admitte
564 3042 706 3113 animam,
730 3040 907 3117 praelectam
930 3039 1122 3100 turbinationi
1143 3038 1222 3100 Solis
1245 3043 1393 3116 totiusque
1416 3048 1513 3098 motus

165 3126 306 3186 mundani
330 3127 579 3204 dispensatricem,
603 3145 657 3187 nec
680 3127 851 3205 simpliciter
864 3129 972 3203 negavi
987 3143 1024 3186 ne
1040 3125 1076 3186 de
1092 3127 1262 3204 cerporibus
1277 3127 1394 3202 quidem
1410 3126 1516 3203 plane·
1556 3187 1560 3198 ,

165 3221 259 3273 tarum
284 3216 397 3275 animes
428 3218 576 3292 singulas,
606 3215 796 3274 turbinationi
825 3213 944 3291 quidem
973 3231 1126 3292 corporum
1155 3215 1328 3290 praelectas.
1375 3214 1514 3275 Sufficere
1610 3223 1619 3244 ·

166 3300 282 3363 ridetur
303 3305 417 3380 specics
431 3305 514 3377 ·ista‚
538 3309 572 3362 nt
592 3301 682 3377 lucis,
715 3309 747 3362 ut
769 3300 891 3378 caloris,
915 3305 958 3362 sic
980 3305 1068 3363 etiam
1091 3303 1118 3360 si
1139 3302 1239 3379 piacet
1254 3304 1374 3382 ‚animae
1398 3301 1514 3374 solaris,

163 3405 223 3449 nna
245 3405 312 3450 cum
335 3390 401 3452 luca
424 3399 454 3452 et
476 3388 571 3450 calore
594 3392 703 3450 emissa
725 3396 754 3450 et
776 3397 931 3465 penetrans
955 3407 990 3449 ec
1013 3391 1111 3464 etiam,
1135 3389 1211 3449 unde
1234 3389 1285 3448 lux
1308 3397 1337 3449 et
1360 3390 1438 3450 calor
1462 3407 1515 3448 ex·

165 3475 336 3552 cluduntur,
359 3495 401 3538 sc.
424 3481 454 3537 in
477 3477 565 3538 dhras
588 3494 742 3554 corporum
764 3474 923 3537 internas.“
969 3477 1003 3535 ln
1026 3476 1115 3551 libre,
1145 3494 1232 3553 quem
1260 3479 1408 3555 inscripsit
1428 3477 1514 3554 Kep-

164 3563 243 3624 lerns
266 3565 462 3642 'tychonis
485 3565 799 3643 Hyperaspistes
822 3566 938 3640 (1619)
961 3564 1034 3623 haec
1055 3565 1139 3624 aliert
1161 3565 1197 3624 de
1220 3563 1361 3641 planetis:
1395 3564 1516 3648 „Motus

168 3668 271 3712 omncs
294 3653 382 3713 tribui
404 3653 502 3729 globis
524 3655 597 3730 ipsis
620 3651 800 3720 lucentibus,
830 3652 1051 3728 quihus-restat
1073 3651 1145 3711 nihil
1175 3650 1256 3712 alind
1280 3653 1359 3731 quod
1382 3671 1435 3713 eos
1458 3654 1515 3710 irn-

166 3739 260 3815 pellat
282 3742 338 3798 nisi
360 3749 466 3800 natura
488 3738 634 3821 (coelestis
656 3738 709 3799 illa
725 3737 843 3815 quidem
858 3735 969 3818 sectae)
992 3756 1158 3815 causaeque
1174 3742 1278 3816 partim
1297 3743 1403 3801 insitae
1419 3741 1516 3799 mohi-

165 3827 252 3899 lihns,
276 3829 383 3904 partim
406 3846 424 3888 a
446 3835 558 3889 metere
581 3829 671 3904 giche
685 3828 865 3886 extrinsecus
881 3825 1070 3903 accedentes3
1093 3827 1243 3888 naturales
1265 3837 1415 3904 utraeque,
1439 3844 1516 3903 qua·

164 3931 227 3974 rnm
250 3917 327 3976 inter
348 3933 381 3976 se
403 3918 589 3977 contentione
612 3923 714 3974 mutua
729 3913 762 3972 iit
776 3915 952 3975 necessitate
966 3917 1154 3990 geometrica,
1177 3924 1211 3975 nt
1225 3919 1325 3992 passio
1340 3916 1402 3988 illa,
1425 3931 1514 3990 quam

164 4001 457 4080 cdcnmgyratienenr
487 4002 627 4077 dicimus,
658 4001 829 4078 corporibus
858 4000 918 4068 illis
948 4004 1130 4078 imprimatur
1159 4003 1342 4063 uniformiter
1364 4001 1513 4073 difformis,

164 4107 280 4167 semper
307 4090 421 4152 scilicet
450 4093 479 4150 in
500 4091 619 4168 aphalio
641 4090 741 4164 tarda,
772 4105 887 4166 semper
908 4089 938 4148 in
959 4089 1101 4167 perihelio
1134 4087 1239 4167 valor,
1269 4098 1348 4151 certa
1379 4089 1516 4164 utrinque

164 4195 310 4239 mensura.
1052 4237 1056 4244 .

270 4265 326 4326 His
350 4282 427 4343 qnae
450 4284 487 4326 ex
509 4265 631 4342 Kepleri
654 4267 744 4325 variis
767 4263 849 4323 iihris
872 4262 1076 4340 desumsimns,
1100 4265 1209 4341 quihus
1230 4265 1291 4323 vim
1313 4265 1464 4322 matricem
1488 4263 1518 4320 in

165 4351 248 4414 cecla
273 4353 446 4431 explicaret,
477 4353 664 4431 adjungimus
688 4371 740 4426 ca,
771 4369 846 4440 quae
877 4353 905 4409 in
936 4349 1011 4411 lihro
1039 4352 1076 4412 de
1099 4352 1224 4412 Marte
1251 4352 1376 4411 tentarit
1400 4348 1438 4408 ad
1461 4349 1517 4410 ad·

166 4439 338 4502 struendam
360 4440 539 4521 hypothesin
563 4440 599 4501 de
624 4443 653 4500 vi
676 4441 802 4500 motoria
825 4437 887 4498 Soli
910 4441 999 4498 insita
1022 4448 1051 4500 et
1073 4439 1132 4513 illa,
1158 4455 1217 4515 qua
1232 4438 1371 4515 planetas
1393 4437 1465 4496 huic
1487 4437 1517 4496 ri

166 4531 313 4588 resistant

269 4616 446 4677 Rationihns
468 4613 697 4676 irreiutahilihns
721 4613 950 4673 demonstratum
974 4631 1039 4674 esse
1063 4632 1081 4673 a
1103 4631 1135 4672 se
1152 4611 1311 4685 contendit,
1334 4609 1518 4688 planptarum

166 4717 263 4764 meras
286 4705 317 4764 iu
340 4705 443 4764 orbitis
465 4706 527 4765 suis
550 4719 615 4763 esse
637 4703 667 4760 in
691 4719 726 4762 ea
748 4703 946 4778 proportione,
970 4703 999 4758 in
1023 4719 1083 4777 quc
1104 4698 1220 4758 illorum
1245 4697 1404 4758 distantiae
1425 4699 1519 4757 sinte

165 4799 285 4868 puncto,
309 4791 389 4869 qued
402 4809 455 4868 pro
471 4799 570 4852 centro
585 4788 687 4849 mundi
702 4789 868 4849 assumitur.
901 4786 1074 4864 (Optionem
1089 4801 1205 4860 semper
1222 4783 1274 4845 dat
1287 4784 1399 4858 lectori,
1424 4792 1519 4844 utrum

168 4877 365 4956 Gopcmioum
386 4895 424 4940 an
447 4878 618 4957 'lychonem
640 4879 725 4955 aequi
747 4875 834 4952 salit,
865 4893 902 4938 ne
924 4874 1067 4936 sedeciae
1088 4873 1255 4957 auctoritas¹
1273 4873 1349 4934 lihro
1372 4889 1426 4933 sno
1447 4889 1519 4951 pre·

217 4981 316 5036 Kapiert
328 4978 480 5034 02⁸1an-
1277 4974 1312 5032 65
