3588 5540
267 357 331 432 868
782 349 847 408 Vita
864 349 980 408 ioannis
998 347 1119 420 Kepleri.
1178 311 1181 317 Ι

266 531 410 597 infinitate,
428 528 529 598 ubique
546 529 692 598 putescum
710 526 829 582 bumana
842 534 933 584 autem
944 531 1043 584 natura
1060 523 1126 582 lieet
1142 522 1249 580 infinito
1267 523 1335 596 λογῳ
1347 523 1530 596 personaliter
1541 523 1616 580 unita

218 613 222 632 ¹
267 635 322 676 non
341 617 441 686 ubique
459 613 666 686 praeconnesi
684 614 712 670 in
730 629 785 670 uuo
803 619 909 670 tantum
925 613 1007 670 certo
1022 611 1083 668 loco
1102 612 1151 682 sit]
1168 618 1263 668 tetum
1281 613 1475 673 incarnationis
1494 620 1523 670 et
1539 614 1616 668 nnio·

264 708 307 764 cie
324 703 490 775 personetis,
514 703 584 760 sicut
608 705 689 762 etiam
711 709 910 771 consequenter
932 701 1129 758 communionis
1152 702 1312 772 mysterium
1334 708 1422 760 totum
1440 708 1615 759 evacuatum:

263 791 430 865 impossibile
452 808 568 863 namque
586 801 629 850 est
651 793 774 862 (servatis
793 795 986 865 scripturarum
1010 791 1204 860 fundamentis)
1229 788 1272 846 vel
1294 791 1410 860 fingere,
1436 797 1515 859 topos
1540 792 1617 844 extra

263 894 341 936 mam
360 895 470 935 caruem
489 895 558 949 esse,
576 880 629 938 hcc
647 889 689 938 est
705 881 873 952 impossibile
890 888 932 937 eat
950 879 1036 950 (salve
1053 879 1166 934 veritate
1184 877 1389 947 scripturarum)
1407 875 1519 946 fingere,
1537 883 1617 944 λογον

262 967 432 1024 incarnatum
452 982 513 1024 essa
530 968 640 1040 ubique,
661 983 770 1026 caruem
787 977 878 1026 autern
896 977 964 1041 λογῳ
983 965 1164 1039 personaliter
1176 964 1280 1020 unitam
1297 965 1325 1021 iu
1344 979 1398 1020 uno
1417 970 1492 1020 certo
1510 970 1616 1018 tantum

261 1054 336 1125 loco,
363 1070 433 1126 quae
455 1071 499 1112 res
518 1062 605 1112 totum
626 1057 765 1126 ingenium
783 1063 867 1125 tunm,
886 1073 976 1114 rerum
995 1069 1134 1112 sacrarum
1158 1051 1303 1110 odorandis
1326 1052 1461 1124 mysteriis
1479 1051 1617 1114 ncnsub·

262 1142 357 1212 ditum,
376 1142 558 1199 miserandum
575 1145 603 1200 in
621 1146 731 1202 modum
749 1145 899 1216 perturbat.
936 1145 1005 1200 Eam
1024 1142 1060 1198 cb
1078 1157 1189 1199 causam
1208 1157 1297 1212 neque
1316 1157 1381 1210 ego,
1399 1156 1487 1210 neque
1506 1138 1615 1194 Domini

261 1231 386 1302 collegae
405 1239 433 1286 et
451 1232 551 1288 fratres
571 1233 624 1288 mei
642 1233 776 1289 absurdus
795 1241 823 1288 et
841 1232 1016 1304 blasphemas
1041 1229 1248 1300 imaginationes
1266 1235 1329 1286 tues
1348 1229 1501 1299 approbare
1519 1241 1615 1296 possu-

263 1335 333 1386 mus,
351 1320 400 1375 sed
418 1320 511 1390 potius
528 1337 583 1376 uua
602 1337 662 1377 cum
681 1321 843 1377 consistorio
863 1317 1055 1389 Stutgardiano
1080 1323 1186 1372 etcum
1204 1316 1269 1370 Rev.
1289 1321 1317 1370 et
1334 1315 1438 1370 clariss.
1457 1313 1514 1370 viro
1534 1315 1566 1368 D.
1580 1313 1615 1368 D.

260 1407 322 1462 Hot
340 1407 385 1477 pie
404 1416 432 1463 et
449 1407 598 1467 christiana
610 1425 644 1466 ex
658 1407 791 1464 charitate
803 1407 853 1464 tibi
866 1406 1013 1464 suadentes
1025 1404 1200 1474 consulimus,
1219 1409 1250 1458 nt
1262 1403 1376 1472 objectis
1390 1400 1491 1458 stultae
1503 1400 1615 1456 rationis

260 1493 500 1563 imaginationibus
518 1496 659 1551 veritatem
678 1494 825 1553 coelestem
843 1509 907 1550 vera
919 1494 973 1550 fide
985 1491 1184 1564 apprehendes,
1204 1497 1232 1546 et
1250 1490 1342 1546 divina
1354 1489 1483 1560 mysteria
1500 1487 1615 1557 simplici

260 1581 324 1648 tide,
344 1581 418 1650 qnod
438 1597 530 1638 omncs
555 1583 612 1638 veri
630 1582 769 1638 christiani
792 1582 907 1651 faciunt,
932 1583 978 1652 pio
1004 1580 1135 1650 obsequio
1161 1579 1258 1634 odores
1276 1595 1308 1634 uc
1327 1576 1477 1646 venereris;
1500 1575 1616 1646 quodsi

260 1668 358 1726 feceris
381 1677 412 1726 et
429 1669 572 1726 ecclesiam
596 1671 643 1740 pio
667 1685 782 1726 assemu
805 1667 985 1739 exhilarabis,
1010 1676 1038 1724 et
1062 1673 1137 1724 tuam
1162 1667 1248 1736 ipsius
1272 1665 1464 1721 conscientiam
1487 1663 1615 1718 restitues

260 1758 465 1828 tranquillitati:
492 1757 533 1814 sin
557 1757 685 1814 fraternis
709 1757 809 1814 nostris
828 1757 1055 1814 admonitionibus
1073 1755 1175 1813 diutins
1194 1755 1276 1812 etiam
1294 1753 1482 1822 refragabera,
1506 1768 1558 1808 nos
1575 1753 1615 1807 in-

261 1845 351 1902 felicis
369 1847 448 1902 istius
467 1845 587 1902 vulneris
605 1845 747 1914 (stultitiae
765 1845 901 1901 humanae
918 1845 1032 1902 rationis
1051 1844 1142 1914 gladio
1161 1842 1209 1899 tibi
1227 1841 1334 1910 inflicti)
1351 1856 1440 1911 neque
1452 1839 1614 1896 medicinam

261 1933 391 2003 videmus,
408 1949 458 1988 nec
478 1949 532 2004 qua
550 1933 655 1989 ratione
674 1931 867 1989 offendiculum
886 1931 1017 1989 ecclesiae
1036 1933 1127 1988 sanari
1144 1931 1233 2001 possit
1250 1928 1436 1999 intelligimus.
1473 1927 1615 1995 Quicum

262 2036 323 2078 cum
341 2019 459 2076 ccclesia
476 2019 631 2076 orthodoxa
649 2035 704 2074 non
722 2019 835 2076 eundem
855 2019 937 2076 fidam
955 2027 983 2075 et
994 2018 1140 2090 profitetur
1158 2027 1186 2074 et
1199 2018 1272 2086 colit,
1292 2016 1428 2086 quomodo
1447 2015 1544 2072 iisdem
1558 2031 1618 2072 cum

261 2106 385 2172 ecclesia,
404 2123 422 2163 a
440 2107 519 2175 cuius
538 2105 592 2161 fide
610 2107 744 2175 dissentit,
765 2110 941 2165 sacrementis
960 2109 1073 2166 utatur?

364 2195 440 2252 Huec
460 2195 539 2250 Dum.
558 2193 589 2248 T.
610 2209 644 2250 ex
663 2193 749 2250 amico
768 2203 796 2250 et
815 2195 962 2250 christiano
982 2193 1064 2252 corde
1082 2194 1181 2264 scribo,
1201 2193 1250 2249 sed
1268 2199 1405 2264 nepotes,
1425 2193 1546 2263 privatas
1559 2205 1618 2246 esse

260 2283 449 2356 cogitationes,
468 2283 539 2339 scias
556 2283 625 2339 baec
644 2279 734 2338 omnia
753 2299 814 2338 cum
832 2283 866 2338 D.
879 2283 911 2338 D.
932 2281 1044 2350 collegis
1068 2281 1136 2337 meis
1154 2297 1197 2336 me
1223 2280 1453 2348 communicasse;
1476 2278 1522 2348 qui
1546 2277 1619 2348 quod

261 2371 356 2430 cadam
373 2389 480 2430 mecum
499 2371 618 2428 sentiant
635 2371 761 2440 idemque
780 2369 886 2426 consilii
904 2369 1039 2438 babeant,
1062 2376 1094 2426 ut
1115 2379 1162 2425 aut
1181 2383 1308 2426 erroneas
1328 2374 1355 2422 et
1372 2365 1487 2422 multum
1505 2364 1619 2420 fallaces

259 2458 467 2531 imaginationes
481 2459 602 2528 abjicias,
616 2458 757 2514 veritatem
770 2459 887 2515 divinem
900 2458 996 2515 humili
1008 2457 1062 2514 fide
1075 2457 1256 2528 amplectaris,
1270 2463 1317 2513 ant
1331 2456 1497 2514 consortium
1508 2461 1618 2510 nostrae

263 2547 395 2604 eccbsiae
414 2553 442 2602 et
460 2545 640 2605 confessionis
663 2544 746 2616 vites,
770 2545 890 2604 fraterne
913 2546 1031 2603 suadent
1056 2555 1083 2603 et
1107 2548 1296 2604 exhortantur.
1332 2545 1401 2601 Nam
1421 2544 1546 2601 Christus
1565 2557 1619 2598 non

259 2633 397 2704 irridetur,
416 2647 506 2704 neque
523 2633 595 2688 idem
612 2632 775 2703 purissimus
794 2636 927 2692 ecclesiae
946 2651 1012 2692 suae
1030 2651 1150 2706 sponsus
1169 2651 1230 2690 cum
1249 2633 1325 2690 vanis
1339 2642 1367 2688 et
1378 2631 1544 2702 blasphemis
1562 2629 1619 2699 opi-

259 2721 387 2778 nionibus
405 2735 524 2778 amorem
544 2735 624 2776 suum
641 2722 767 2790 partitur.
804 2724 892 2791 Quem
910 2725 938 2778 in
956 2723 1037 2779 finem
1056 2732 1087 2781 ut
1105 2725 1132 2780 in
1151 2723 1276 2781 omnibus
1294 2723 1370 2779 bisce
1388 2721 1524 2792 capitibus
1542 2719 1618 2789 pium

261 2825 340 2866 suum
358 2814 546 2867 contestentur
569 2823 744 2880 consensum,
772 2810 843 2866 bano
868 2813 955 2882 ipsam
983 2827 1093 2881 quoque
1111 2811 1255 2882 epistolam
1274 2811 1393 2881 propriis
1410 2824 1538 2865 manuum
1556 2805 1618 2862 aub-

261 2895 453 2968 scriptionibus
471 2897 709 2954 communiverunt

366 2984 548 3045 Eandem'ob
572 2997 682 3043 causam
705 2985 777 3041 banc
807 3001 977 3042 communem
1000 2993 1123 3044 nostram
1149 2984 1481 3057 epistolamconsistcrio
1509 2997 1617 3054 quoque

264 3071 460 3142 Stutgardlano
479 3072 745 3141 communicavimus,
762 3078 941 3129 attestatum
960 3074 1144 3143 redderemus,
1164 3091 1214 3130 nos
1231 3073 1340 3130 illorum
1356 3072 1479 3141 consilio,
1497 3071 1571 3142 quod
1584 3071 1616 3126 D.

263 3157 293 3212 T.
314 3160 357 3216 25.
377 3160 530 3230 Septembr.
549 3177 620 3216 auno
641 3161 709 3218 1612
728 3169 884 3228 exararunt,
905 3162 934 3218 in
952 3161 1076 3220 omnibns
1096 3163 1258 3220 consentire.

366 3246 526 3318 Coniunctis
543 3247 628 3319 igitar
646 3247 718 3304 votis
736 3247 918 3318 obtestamur,
945 3255 976 3304 nt
993 3252 1105 3319 rationi,
1130 3267 1201 3319 quae
1225 3252 1253 3306 in
1272 3251 1356 3307 rebus
1374 3250 1472 3306 divinis
1490 3265 1572 3306 caeca
1590 3256 1617 3305 et

262 3331 345 3392 stulta
363 3345 414 3404 cst,
432 3335 532 3392 nuncio
550 3337 643 3406 misso,
660 3336 835 3407 piscatoriam
854 3338 1065 3410 simplicitatem,
1086 3355 1166 3408 quam
1180 3340 1315 3411 scriptura
1332 3355 1410 3396 sacra
1428 3339 1506 3396 nobis
1525 3339 1617 3407 dictat,

260 3420 355 3478 bamili
372 3423 455 3478 corde
473 3425 595 3480 venerari
618 3425 728 3480 tandem
752 3424 880 3496 incipiss;
908 3425 981 3497 quod
1000 3427 1023 3482 si
1047 3427 1156 3497 feceris,
1180 3428 1271 3484 divino
1290 3429 1373 3484 verbo
1391 3427 1512 3483 debitum
1530 3426 1615 3482 bono-

259 3525 327 3577 rem,
339 3510 523 3573 conscientiue
537 3517 599 3566 tuae
611 3507 846 3584 uunqulllitatem,
865 3515 970 3570 animae
983 3514 1101 3570 salntem
1116 3513 1232 3586 dederis,
1251 3516 1301 3584 sin,
1320 3514 1393 3586 quod
1410 3517 1485 3572 Deus
1503 3521 1617 3584 paterne

262 3597 419 3665 probibent,
444 3597 576 3654 bumanas
594 3597 803 3666 imaginationes
823 3603 919 3670 (vanas
940 3609 968 3658 et
986 3603 1098 3673 stultas)
1121 3611 1163 3659 tot
1187 3603 1313 3660 fraternis
1331 3604 1438 3674 piisque
1456 3601 1616 3658 admonitio·
1661 3667 1663 3670 ,

261 3684 341 3740 nibus
360 3685 561 3754 praeposueris,
580 3691 668 3742 metus
688 3693 738 3758 est,
757 3695 789 3745 nt
806 3706 823 3745 a
841 3690 908 3758 Deo,
927 3692 1002 3746 verbi
1020 3691 1107 3761 ipsius
1125 3698 1269 3762 protervus
1282 3697 1460 3762 contemptor,
1477 3690 1505 3744 in
1524 3705 1616 3760 reprc-

261 3775 326 3832 bum
344 3775 454 3832 tandem
472 3777 581 3834 tradere
605 3793 729 3846 sensum3
757 3791 827 3848 quse
851 3793 941 3847 poena
958 3778 1071 3835 infinitis
1094 3778 1156 3834 aliis
1180 3796 1318 3852 nunquam
1335 3777 1461 3835 finiendis
1479 3777 1558 3834 malis
1575 3777 1616 3833 in·

262 3863 463 3933 explicabiliter
479 3863 607 3920 intricata
626 3872 678 3921 est.
714 3863 809 3922 Perfer
825 3881 927 3936 quaeso
946 3866 1071 3933 dolores,
1098 3883 1166 3937 quos
1185 3869 1235 3924 tibi
1258 3867 1362 3923 medice
1379 3883 1476 3922 manus
1495 3865 1615 3922 fraterno

262 3967 297 4008 ex
316 3951 417 4008 affectu
434 3952 571 4024 denegare
589 3970 644 4008 nun
663 3954 761 4025 potuit,
781 3959 809 4008 et
828 3970 862 4015 er
874 3953 934 4026 ipsa
946 3955 1089 4025 interiecta
1106 3973 1183 4014 mors
1200 3957 1395 4027 responsionis,
1414 3961 1518 4026 qusnta
1529 3952 1614 4008 fideli·

258 4045 316 4096 tate
335 4048 421 4096 totum
440 4041 577 4108 negotium
595 4047 763 4110 pertractare
782 4041 962 4113 voluerimus,
985 4044 1098 4100 amicam
1123 4045 1167 4101 fac
1184 4046 1378 4115 conjecturem.
1414 4043 1496 4098 Hisce
1513 4048 1541 4097 te
1559 4039 1614 4096 ani-

259 4143 384 4196 mamque
408 4133 484 4182 tuam
508 4127 736 4196 preciosissimum
754 4129 863 4186 Christo
881 4133 1184 4203 omnipraesentissimo,
1209 4141 1257 4190 tuo
1276 4131 1417 4203 salvatori,
1442 4129 1613 4186 devotissime

259 4215 426 4271 commendo.
467 4216 587 4270 Exaravi
605 4216 749 4285 Thaincci,
775 4218 855 4287 crpus
880 4217 934 4275 loci
958 4219 1072 4276 acidulis
1095 4229 1154 4278 tum
1178 4221 1340 4279 valetudinis
1365 4218 1502 4276 curandae
1529 4231 1613 4274 causa

249 4301 363 4357 utebar.
399 4301 508 4358 Ultimis
526 4301 593 4358 Julii
610 4303 690 4358 Anno
711 4305 788 4363 1619.

329 4391 478 4458 Inscriptio:
496 4393 582 4444 Nobili
601 4401 626 4444 et
644 4395 782 4446 clarissimo
799 4398 869 4456 Viro,
887 4400 997 4450 Domino
1015 4401 1125 4452 Jebanni

259 4461 394 4528 Kepplero,
404 4466 493 4513 Sacrae
502 4463 706 4529 coaequandam
712 4467 813 4530 disjest.
832 4471 1003 4534 ordinumque
1009 4471 1124 4522 niustriae

154 4567 157 4578 .
260 4546 335 4597 supra
361 4534 465 4582 Antrum
496 4533 676 4587 Mathematico
706 4541 935 4607 praestantissimo,
969 4542 1077 4592 Domino
1101 4551 1126 4594 ot

259 4601 348 4652 Amico
366 4617 411 4651 sno
430 4605 588 4664 singulariter
607 4607 719 4661 colendo.

364 4720 516 4792 Responsio
535 4733 647 4784 senatus
666 4728 844 4785 ecclesiastici
863 4731 1092 4804 Stuttgsrtiensis‚
1112 4733 1177 4789 data
1201 4733 1228 4792 d.
1248 4735 1290 4792 25.
1308 4735 1383 4806 Sept.
1403 4736 1484 4807 1612,
1503 4734 1609 4808 longior

257 4810 309 4879 est,
328 4821 409 4877 quam
422 4813 494 4881 quae
508 4809 617 4885 integra
634 4815 679 4872 bic
689 4817 833 4888 inseratur,
851 4833 966 4890 eamque
983 4821 1108 4882 exhibuit
1117 4821 1152 4881 L.
1165 4821 1204 4884 ld.
1216 4823 1370 4884 Fiscbliuus
1393 4825 1422 4884 in
1439 4825 1510 4884 libro
1527 4839 1608 4898 guam
