3624 5554
190 417 204 446 .
264 402 327 476 ode
776 399 841 460 vso
859 401 974 463 asans
991 403 1112 477 sassa
1152 359 1155 366 ¹

262 579 317 724 gg
331 575 642 722 Ofilmffiffilime
660 577 695 638 20
712 578 822 638 Golden
839 579 968 652 errolgeu
985 579 1087 649 lescen,
1106 579 1142 638 da
1159 595 1221 638 man
1239 581 1356 650 gelerter
1367 583 1458 640 Lentis
1474 583 1527 656 bey
1545 583 1618 640 diser

318 682 352 724 oa
391 682 432 722 ao
568 710 575 723 .

369 757 455 822 1596.
479 758 640 820 Resolotio
664 763 734 820 anni
735 803 844 822 .....
890 761 950 822 lter
971 763 1166 840 septimestre.
1201 761 1361 839 Negotium
1384 781 1450 824 cum
1473 763 1617 825 wirtem-

261 847 379 922 bergico
402 845 536 910 dilatum.
573 847 741 910 Publieatio
764 852 877 911 inventi
900 855 1079 924 (Prodromi).
1123 849 1233 911 Hostes
1254 853 1462 927 potentissimi.
1501 852 1615 912 Dilatio

261 935 389 1010 conjugii
413 943 476 996 toto
500 951 588 996 anuo.

362 1035 419 1090 lter
430 1035 459 1091 in
471 1035 729 1105 thrttemberg'mm
747 1037 888 1106 ingressus
906 1053 968 1094 esse
980 1037 1087 1094 ridetur
1099 1038 1235 1108 Keplerus
1252 1039 1330 1093 initio
1350 1041 1452 1096 mensis
1464 1040 1616 1096 Februarii.

260 1121 312 1177 Die
324 1121 367 1179 27.
381 1122 523 1178 Februarii
537 1121 713 1192 stuttgartiae
725 1123 793 1180 adiit
804 1123 900 1179 ducem
913 1125 1089 1194 Fridericum,
1104 1126 1222 1195 supplex
1236 1125 1353 1180 offerens
1367 1127 1500 1196 picturam
1512 1127 1616 1181 machl-

151 1233 154 1242 2
260 1225 312 1265 nae
330 1210 527 1266 mtrouomieae
540 1211 595 1279 (etr.
608 1214 660 1268 vol.
675 1215 695 1266 1.
714 1229 741 1279 p.
756 1217 791 1266 ⁷4
804 1215 862 1283 ss),
883 1227 963 1281 quam
983 1221 1013 1268 ut
1030 1213 1158 1282 princeps
1176 1219 1289 1281 argento
1307 1213 1502 1268 conficiendam
1517 1213 1616 1283 jubeat

248 1303 416 1354 assumtus
434 1298 605 1354 necessarios
623 1299 650 1354 in
669 1315 699 1354 se
717 1299 831 1369 recipiat
848 1301 925 1369 petit.
957 1301 1041 1355 Simul
1061 1317 1122 1356 com
1140 1301 1217 1356 ducis
1236 1300 1395 1356 consiliariis
1414 1302 1469 1369 egit
1481 1299 1514 1355 de
1526 1300 1616 1356 reditu

196 1407 198 1428 ·
259 1385 290 1441 in
307 1385 440 1455 patriam:
460 1386 617 1454 „negotium
635 1387 689 1442 boc
708 1387 820 1444 dilatum
840 1393 908 1443 est“.
944 1387 1107 1442 Maestiinus
1125 1387 1266 1456 Tubingae
1291 1388 1479 1442 consentiente
1496 1386 1615 1455 lieplero

258 1473 514 1554 typuthrodroml
537 1475 641 1530 curavit
659 1484 687 1532 et
704 1477 768 1532 dum
786 1475 856 1530 liber
872 1476 996 1546 proelum
1014 1477 1098 1531 subiit
1124 1491 1184 1531 cam
1202 1475 1321 1545 Keplero
1340 1475 1519 1544 stuttgartise
1543 1489 1614 1528 com·

259 1569 381 1617 morante
401 1561 545 1632 (usquein
564 1563 645 1618 tinem
663 1565 764 1620 mensis
783 1566 863 1634 Maji)
882 1567 917 1620 de
935 1565 968 1620 iis
987 1579 1057 1634 quse
1084 1563 1244 1631 corrigenda
1263 1571 1354 1619 essent
1373 1579 1422 1634 prr
1439 1563 1532 1619 literas
1551 1563 1615 1632 egit.

259 1649 295 1718 (Ι.
314 1649 346 1705 21
361 1651 419 1718 aa).
456 1651 620 1706 Absolutum
638 1667 708 1721 opus
734 1652 807 1706 misit
832 1652 875 1708 die
893 1655 938 1710 25.
955 1654 1117 1710 Novembris
1137 1653 1267 1708 Gratiam.
1304 1650 1457 1722 Epistulam
1478 1649 1613 1706 dedicato·

261 1735 329 1791 riam
347 1735 393 1804 (ad
410 1733 525 1792 moines
544 1735 691 1808 Styrlacoa)
715 1738 825 1809 scripsit
843 1739 981 1810 chlerus
1000 1740 1186 1808 stuttgardise
1213 1728 1447 1808 ,idibus'ldejis“‚
1472 1739 1514 1793 bis
1532 1739 1613 1793 linem

224 1891 227 1900 ι
258 1822 374 1878 iaciens:
393 1821 527 1897 Accipite
542 1821 598 1882 boc
613 1825 689 1900 grati
703 1826 792 1883 animi
808 1824 975 1901 symbolum
990 1841 1095 1900 meque
1118 1821 1257 1882 humilem
1280 1821 1416 1882 clientem
1437 1823 1467 1878 in
1483 1831 1612 1882 vestram

262 1911 387 1984 gratiam
410 1910 559 1986 suscipite,
584 1919 614 1969 et
636 1909 763 1988 denique
786 1913 946 1972 assuescite
970 1915 1044 1971 inter
1059 1911 1211 1984 Caesares,
1237 1909 1415 1987 Alphonsos,
1438 1909 1614 1986 Rudolpbos

259 2003 432 2074 ceterosque
454 1999 651 2058 astronomiae
680 2007 863 2074 promotores
885 2000 1043 2060 accenseri.
1088 2001 1131 2056 sd
1149 2001 1479 2057 haeererbasnnotatin
1492 1998 1613 2056 editione

259 2085 395 2142 emunda:
423 2083 535 2144 Locum
558 2086 672 2146 invenit
693 2086 861 2146 adhortatio
884 2103 950 2146 mea
973 2085 1128 2146 commotio
1151 2101 1216 2145 meo
1241 2101 1298 2143 uon
1323 2087 1439 2159 exigito.
1486 2082 1613 2141 lllustris

259 2170 296 2229 D.
321 2170 501 2247 Capitonem
523 2171 560 2233 ‹le
582 2177 700 2250 proprio
723 2177 834 2247 statim,
858 2176 955 2247 ceteri,
979 2183 1013 2234 ut
1035 2181 1117 2233 erant
1139 2173 1205 2233 loco
1229 2175 1358 2249 eorporis
1373 2171 1612 2244 Prouincialium,

259 2267 430 2335 exspectato
452 2275 553 2320 eorum
577 2269 733 2338 convento,
757 2279 836 2324 anno
862 2268 944 2322 1600
970 2262 1040 2322 mibi
1062 2259 1248 2338 magnificam
1272 2261 1533 2320 remunerationem
1556 2259 1613 2316 im·

256 2355 415 2423 pararunt

364 2446 494 2502 senatum
512 2447 713 2518 Tubingeneem
732 2445 868 2519 Keplerus
886 2449 941 2505 boc
958 2446 1028 2503 adiit
1046 2447 1140 2504 libello
1165 2447 1295 2518 supplici,
1322 2447 1425 2502 reniam
1449 2453 1561 2518 petens,
1581 2453 1611 2500 ut

256 2533 309 2590 sibi
326 2533 415 2600 liceat,
434 2535 575 2606 Tubingae
594 2535 804 2602 ,Prodromumt
823 2535 895 2607 typis
915 2536 1064 2610 excudere:

361 2625 520 2703 Magnifice
551 2627 588 2688 l).
612 2627 736 2703 Raetos,
771 2627 955 2706 spectabiles
985 2629 1052 2692 DD.
1079 2629 1204 2703 Decani,
1235 2627 1443 2706 Praeceptores
1466 2635 1609 2706 perpetuo

255 2712 462 2777 colendisstmi.
1655 2769 1657 2782 ,

363 2801 435 2861 Cum
459 2804 601 2880 superiori
625 2802 724 2878 Julio,
755 2803 866 2864 Divina
884 2805 1036 2881 aspirante
1059 2805 1161 2882 gratia,
1189 2803 1424 2863 listronomicum
1447 2801 1511 2862 sire
1535 2801 1611 2862 Cos-

257 2889 478 2965 mograpbicurn
502 2890 652 2968 quoddam
675 2889 785 2968 ζητημα
800 2894 989 2966 invenissem,
1014 2892 1093 2968 quod
1116 2909 1175 2951 non
1190 2899 1302 2950 tanturn
1326 2890 1363 2950 ad
1379 2889 1436 2949 Dei
1452 2909 1488 2949 ex
1503 2899 1610 2950 natura

255 2979 453 3053 cognitionem
476 2979 633 3054 plurimum
658 2979 743 3058 iacit,
771 2980 823 3039 sed
847 2983 935 3040 etiam
958 2981 1169 3056 professionem
1191 2995 1287 3038 meam
1315 2985 1413 3037 ornat:
1442 2995 1557 3055 semper
1580 2982 1609 3035 in

256 3067 428 3125 occasiones
452 3065 515 3142 ejus
537 3065 709 3143 publicandi
732 3069 861 3126 intentus
883 3068 933 3140 lui,
959 3077 988 3126 et
1010 3085 1062 3144 per
1085 3069 1271 3127 occasionem
1294 3065 1404 3124 reditus
1428 3069 1484 3124 mei
1508 3069 1536 3123 in
1553 3085 1609 3143 pa-

255 3153 340 3211 triam
368 3163 458 3230 atque
485 3170 586 3214 moras
617 3171 683 3214 cum
707 3153 955 3233 Gruppenbacbio
979 3155 1015 3214 de
1038 3157 1195 3214 excusioue
1226 3156 1288 3230 egi,
1321 3155 1372 3228 qui
1399 3162 1545 3229 promtum
1576 3171 1608 3212 se

253 3239 360 3299 obtulit
381 3241 419 3300 ud
434 3259 530 3302 meam
545 3245 723 3318 petitionem,
749 3243 906 3302 dommodo
921 3241 1159 3318 Magnificentius
1176 3249 1205 3302 et
1221 3240 1477 3318 spectabilitatem
1492 3247 1607 3301 vestra-

253 3341 318 3384 rum
341 3331 470 3404 cognitio
493 3335 523 3389 et
545 3329 729 3406 indulgentia
751 3332 935 3390 interveniat.

358 3414 444 3490 Quod
467 3433 534 3476 cum
557 3417 750 3493 intelligerem
773 3435 807 3476 er
831 3420 912 3495 ipso,
936 3416 1134 3476 necessarium
1158 3416 1323 3490 epistimavi
1339 3413 1440 3490 Magn.
1463 3423 1491 3474 et
1507 3413 1605 3491 Spect.

254 3509 367 3562 vestras
389 3521 442 3580 per
463 3503 576 3578 literas,
609 3509 679 3581 quia
710 3521 806 3565 coram
829 3505 886 3564 boc
909 3514 1038 3580 tempore
1061 3521 1120 3563 non
1149 3521 1285 3581 possum,
1317 3503 1417 3561 debita
1444 3519 1509 3562 cum
1533 3504 1605 3561 sub-

252 3589 382 3663 iectione
406 3609 507 3652 orare:
537 3595 562 3651 si
585 3593 658 3651 nibil
681 3595 751 3652 insit
773 3595 801 3650 in
825 3609 891 3652 meo
923 3594 1073 3668 proposito
1105 3591 1278 3652 damnosum
1301 3589 1385 3666 Reip.
1410 3590 1605 3664 academicae,

253 3677 278 3733 si
293 3669 431 3754 seript'um
447 3681 552 3755 ipsum,
576 3679 655 3756 quod
672 3682 874 3756 praesentibus
890 3679 990 3755 Magn.
1007 3686 1036 3738 et
1051 3681 1147 3755 spect.
1164 3681 1325 3739 veatrsirum
1340 3693 1479 3737 censurae
1508 3678 1605 3735 bumi-

254 3761 323 3822 liter
344 3767 480 3842 subjicio,
503 3767 598 3828 lucem
621 3767 752 3844 aliquam
775 3768 861 3827 bonis
884 3771 996 3844 artibus
1019 3767 1120 3826 afferre
1143 3769 1245 3844 possit,
1270 3775 1302 3823 ut
1325 3765 1388 3842 ejus
1405 3765 1604 3842 vulgationem

253 3859 353 3912 restro
377 3853 490 3914 calculo
511 3855 623 3932 juretis
646 3862 735 3932 atque
759 3857 787 3914 in
810 3855 866 3916 boc
888 3855 974 3914 fldem
991 3871 1085 3913 meam
1101 3871 1190 3931 pones
1205 3853 1273 3912 DD.
1290 3851 1462 3912 Ordinarios
1477 3851 1603 3930 styriae,

253 3947 287 3999 ut
310 3941 420 4017 quibus
443 3949 512 4002 ante
535 3943 648 4018 aliquot
677 3961 792 4003 menses
822 3943 965 4020 ejusmodi
995 3959 1076 4018 spem
1103 3945 1174 4016 ieci,
1205 3942 1327 4000 liberare
1352 3940 1473 4016 juvetis.
1519 3937 1606 4014 Quod

251 4029 277 4086 si
299 4029 506 4106 impetravero,
530 4031 559 4088 iu
582 4031 715 4090 beneficii
739 4047 796 4091 nou
820 4032 919 4108 exigui
943 4039 1025 4107 parte
1044 4031 1187 4104 censebo,
1210 4026 1296 4087 simul
1321 4037 1349 4088 et
1373 4043 1491 4103 operam
1515 4026 1601 4102 dabo,

250 4123 284 4174 ut
306 4133 342 4177 ea
364 4115 430 4190 lide,
454 4133 514 4194 qua
536 4119 609 4178 civis
633 4135 688 4196 ego
712 4118 780 4178 buie
802 4119 959 4178 obstrictos
981 4135 1046 4177 sum
1068 4115 1248 4189 academius,
1272 4122 1386 4190 gratum
1410 4131 1456 4174 me
1479 4113 1603 4174 demon-

252 4210 352 4268 strem.
398 4203 515 4280 Valete,
538 4205 603 4266 Deo
626 4205 832 4268 commendati.
881 4213 907 4266 1.
932 4205 1006 4280 Maji
1030 4205 1085 4264 Ao.
1112 4209 1161 4264 96.
1186 4203 1349 4279 Tubingae.

577 4293 619 4352 M.
643 4301 673 4356 et
694 4293 747 4356 ss·
770 4291 837 4356 VV.
862 4294 1094 4370 subjectissimus
1118 4291 1279 4369 discipulus

1188 4377 1230 4439 Μ.
1254 4377 1307 4438 Jo.
1330 4374 1453 4452 Kepler,

1049 4465 1211 4526 illustrium
1234 4463 1350 4542 styriae
1373 4463 1601 4530 Prouincialium

1212 4552 1448 4614 Mathematicus.

319 4677 466 4746 Inscriptio:
484 4673 649 4748 magnificis,
668 4673 686 4731 S
708 4671 881 4743 estubilibus,
898 4671 1065 4730 Revereudis
1085 4678 1113 4727 et
1131 4667 1292 4726 Clarissimis
1311 4669 1387 4736 viris,
1411 4669 1471 4724 DD.
1490 4667 1600 4724 sectori

252 4753 280 4803 et
298 4757 414 4816 quatuor
431 4749 548 4802 Decanis
571 4747 658 4800 slmao
703 4743 867 4800 niversitatie
886 4744 1075 4813 Tubingenais‚
1099 4743 1157 4798 DD.
1175 4739 1401 4808 Praeceptoribus
1425 4746 1453 4795 ot
1474 4737 1599 4795 Patronis

250 4819 308 4876 suis
326 4823 458 4887 perpetua
475 4817 641 4886 gratitudine
657 4815 865 4885 prosequendis.
1296 4879 1312 4894 ..

321 4889 483 4958 adsatptnm
501 4895 548 4944 asts
571 4887 748 4946 omassum
765 4885 827 4948 DD.
843 4885 860 4940 4
878 4884 1005 4956 Decauic,
1022 4885 1169 4944 Decretum
1185 4882 1227 4942 22
1245 4880 1313 4954 Mati
1331 4879 1373 4940 96.
