3588 5540
598 421 641 482 De
658 419 752 482 amicis
769 425 799 480 et
816 417 970 482 fautoribus
987 414 1110 494 Kepleri.
1461 419 1526 495 sti

173 609 203 664 st
223 601 382 666 bliillernm
404 602 525 682 lipsiae
547 603 742 681 professores,
766 600 955 680 Heydenium
978 601 1121 679 Anglum,
1145 601 1321 666 Weolreram
1345 603 1435 664 misit
1479 603 1527 666 Do

172 692 341 768 pecunia
364 690 504 769 denique,
532 690 656 766 salario,
687 691 776 752 rebus
798 689 967 751 domesticis
990 693 1108 767 scripsit
1129 689 1166 750 ad
1189 687 1322 751 Marem
1345 690 1526 768 Welsernm,

172 780 277 838 aerarii
300 780 488 856 praelectum,
511 777 550 839 ad
572 778 766 852 Herwartum,
789 776 975 854 biiugouium
997 779 1182 855 ⁸unperatoris
1204 777 1358 853 modicum,
1382 779 1526 856 Argenti·

171 883 239 930 num
263 865 301 928 ad
321 866 547 944 Bemeggerum,
570 872 721 944 spectatae
735 864 804 927 fidei
820 868 955 940 amicum,
980 863 1096 927 Ulmum
1118 864 1156 926 ad
1173 864 1436 940 Hebeustreitium‚
1462 866 1526 926 Tu·

171 955 292 1032 bingam
320 953 358 1014 ad
387 953 613 1027 Scblckurdnm,
642 953 870 1029 Regiomontum
900 952 938 1028 ad
968 953 1092 1030 Papium
1121 953 1311 1029 (quibuscum
1339 953 1376 1014 de
1405 953 1527 1016 edendis
1579 945 1583 952 ’

172 1057 290 1119 quoqne
322 1043 412 1102 variis
440 1041 523 1102 libris
544 1041 632 1119 ogit),
664 1039 703 1102 ad
725 1041 871 1101 Batonem
893 1040 1040 1101 Jounuem
1065 1039 1241 1101 Friderieum
1263 1040 1475 1101 Holimannum
1496 1047 1528 1104 et

171 1129 252 1206 quod
272 1129 333 1205 jam
357 1147 447 1206 snpra
469 1136 661 1190 menorabrm
684 1135 737 1202 est,
761 1127 799 1187 ad
822 1128 1025 1203 Tubingenses
1048 1126 1207 1188 besoldum
1230 1135 1260 1188 et
1282 1128 1480 1190 Mnestlinuru.

277 1218 320 1276 Ex
335 1216 457 1294 Kepleri
473 1217 605 1294 epistolis
620 1217 765 1293 conjicere
788 1215 867 1289 lieet,
891 1215 994 1290 quales
1016 1216 1123 1275 luerint
1145 1223 1174 1276 et
1197 1217 1251 1274 viri
1274 1233 1370 1278 mores
1393 1225 1421 1277 et
1444 1219 1528 1295 cogi-

172 1302 254 1362 tandi
285 1307 372 1376 ratio,
404 1305 492 1381 qualo
521 1305 726 1364 coemmercium
754 1320 820 1364 cum
851 1305 985 1375 summis,
1022 1302 1143 1374 intimis,
1174 1302 1317 1380 quidquid
1351 1305 1469 1366 sciverit
1498 1311 1528 1366 et

173 1393 307 1464 senserit,
330 1391 402 1466 quid
428 1395 456 1452 iu
479 1393 571 1452 literis
594 1391 761 1468 profecerit,
789 1407 849 1467 que
871 1390 998 1466 deniqne
1022 1389 1143 1450 consilio
1166 1407 1257 1466 opera
1279 1408 1335 1451 sun
1358 1393 1524 1454 coniecerit.

171 1475 294 1556 Semper
316 1487 436 1556 paratus
459 1488 530 1554 erut,
554 1480 591 1538 de
613 1481 742 1538 maxima
757 1495 852 1538 rorum
869 1479 1021 1550 varietate,
1045 1494 1121 1553 quae
1144 1477 1171 1538 ei
1195 1487 1247 1538 ant
1270 1481 1404 1555 cognitae
1420 1487 1527 1556 esseut,

172 1573 225 1626 aut
244 1568 350 1641 ‘procul
373 1566 512 1628 abessent
534 1567 572 1626 ab
595 1567 659 1641 ejus
682 1565 797 1637 studiis,
820 1567 845 1624 si
869 1564 939 1641 quid
955 1567 1165 1640 interrogatum
1181 1572 1234 1624 aut
1255 1565 1422 1626 dubitatum
1439 1575 1525 1642 esset,

174 1669 240 1712 eum
262 1653 455 1714 familiaribus
477 1656 539 1713 suis
562 1670 620 1713 non
643 1656 747 1726 minus,
772 1669 860 1728 qnam
884 1669 950 1712 cum
973 1655 1146 1728 incognitis,
1169 1670 1236 1714 enm
1259 1653 1441 1730 simplicibus
1462 1657 1527 1733 agri

173 1741 357 1801 mensoribus
379 1749 410 1802 et
431 1741 669 1803 adolescentibus
691 1741 840 1800 literarum
862 1740 1002 1800 studiosis
1017 1756 1074 1798 nou
1092 1741 1197 1812 minus,
1221 1757 1311 1816 qnam
1333 1758 1400 1801 cnm
1415 1741 1528 1804 doetis-

171 1829 254 1887 simis
277 1827 445 1888 hominibus
469 1835 498 1890 et
526 1831 647 1888 summis
676 1829 747 1887 viris
776 1844 826 1904 per
848 1826 948 1887 literas
978 1827 1128 1888 disserere.
1173 1827 1303 1890 Comiter
1325 1836 1355 1888 et
1376 1828 1526 1892 liberalis·

171 1917 245 1976 slrus
268 1918 400 1976 veritatis
423 1923 453 1975 et
475 1915 636 1976 studiorum
653 1914 777 1993 cupidos
793 1913 917 1991 adjuvit,
941 1923 971 1974 et
993 1917 1018 1974 si
1034 1916 1084 1990 qui
1107 1923 1293 1976 occurrerunt
1314 1933 1435 1992 maeres,
1458 1917 1525 1978 illos

172 2005 307 2064 correxit.
338 2003 407 2080 lpse
430 2021 501 2064 vcro
523 2005 647 2064 libenter
669 2003 766 2062 locum
788 2001 906 2078 reliquit
929 2001 1188 2075 admonitionibus,
1213 2005 1339 2080 ingenue
1361 2005 1458 2064 iussus
1478 2023 1527 2066 er-

173 2105 254 2150 rores
279 2089 325 2151 vel
348 2093 374 2150 si
396 2090 467 2167 quid
489 2091 671 2167 negligentia
693 2090 929 2166 praetermiserit,
953 2105 1104 2166 nunquam
1118 2097 1216 2150 autem
1233 2093 1427 2167 ignorantiam
1442 2109 1527 2152 suam

174 2178 349 2254 ambagibus
372 2178 467 2238 celare
492 2179 585 2238 voluit
607 2187 636 2238 et
658 2179 738 2237 inani
762 2177 916 2236 verborum
939 2177 1070 2252 strepitu.
1117 2176 1203 2252 Quod
1225 2178 1344 2255 quidem
1366 2177 1527 2242 clarissime

174 2265 271 2326 elucet
298 2283 335 2326 er
357 2264 477 2342 Kepleri
508 2265 642 2344 epistolis
668 2264 706 2324 ad
734 2263 918 2325 Davidem
948 2263 1170 2328 Fabricium
1201 2268 1334 2342 scriptis,
1365 2283 1431 2327 cnm
1461 2265 1528 2343 ejus

173 2353 422 2414 accuratissimam
444 2355 641 2414 astronomiae
664 2361 694 2412 et
716 2345 868 2412 scientiam
891 2358 920 2410 et
949 2353 1156 2428 experientiam
1187 2354 1299 2430 integre
1325 2355 1529 2431 comprobaret

92 2503 99 2510 ,
176 2439 331 2515 eidemque
354 2440 452 2500 multis
477 2443 505 2498 iu
528 2441 616 2500 rebus
639 2441 841 2512 assentiretur,
871 2455 994 2514 quarum
1017 2441 1147 2515 cognitio
1171 2442 1227 2516 ipsi
1252 2441 1433 2502 Fabricianis
1456 2460 1542 2522 par-¹

153 2528 227 2588 -tim
249 2529 384 2604 epistolis
406 2535 508 2604 aperta
530 2537 583 2598 est,
607 2529 820 2604 patientissime
842 2527 969 2586 Fabricii
993 2528 1022 2584 iu
1046 2527 1234 2604 explorandis
1252 2528 1436 2606 planetarum
1458 2545 1528 2590 cnr·

175 2615 258 2675 sibus
280 2617 422 2692 ambages
445 2623 616 2692 sequeretur
637 2623 666 2676 et
689 2618 858 2684 veritatem,
888 2631 924 2672 ex
947 2613 1073 2686 obseura
1101 2616 1156 2672 viri
1186 2615 1382 2691 explicatione
1412 2619 1529 2692 auspis-

174 2704 246 2762 sime
270 2705 397 2762 maxima
419 2719 508 2779 opera
531 2703 727 2780 depromtam,
752 2702 808 2778 ipsi
832 2701 947 2760 offerret
969 2709 999 2760 et
1021 2701 1243 2774 demonstraret
1285 2701 1449 2762 Plurimum
1471 2722 1528 2765 au·

175 2796 234 2850 tem
257 2807 289 2850 se
311 2792 353 2850 rel
377 2791 583 2867 peritissimum
601 2798 630 2850 et
644 2791 735 2850 sentit
756 2795 786 2849 et
808 2788 938 2864 praebet,
961 2787 1099 2848 Fabricio
1121 2790 1304 2864 gravissime,
1329 2789 1416 2850 modo
1438 2808 1528 2852 seve-

174 2879 244 2952 rius,
269 2878 357 2938 modo
376 2879 511 2954 iocosius
535 2887 564 2938 et
587 2878 718 2952 facetius,
742 2874 813 2952 quid
836 2877 1003 2953 peccaverit
1025 2869 1254 2936 demonstrans.
1282 2876 1436 2938 Fabricius
1460 2881 1529 2954 qui-

175 2963 251 3038 dem,
275 2981 341 3026 enm
365 2972 394 3025 ct
416 2966 614 3026 astronomiae
637 2964 786 3025 studiosus
802 2972 831 3024 et
847 2961 1024 3039 astrologiae
1039 2964 1257 3024 amantissimus
1280 2973 1366 3038 esset,
1390 2964 1428 3024 nd
1442 2964 1528 3042 ,Kep-

175 3051 269 3112 lerum
291 3061 432 3129 tanquam
456 3053 606 3112 oraculum
630 3055 816 3112 aestimatum
839 3051 1006 3110 innumeras
1028 3049 1190 3110 dotalibus
1212 3049 1299 3110 rebus
1321 3054 1420 3128 poenit
1434 3069 1529 3128 quae·

174 3139 287 3200 mones
315 3149 346 3200 et
371 3139 514 3217 pueriles,
542 3147 573 3200 et
595 3142 722 3216 ineptas,
752 3148 782 3200 et
811 3136 891 3197 baud
921 3155 986 3198 raro
1013 3137 1052 3198 ad
1078 3139 1171 3215 ipsam
1191 3139 1332 3214 magieen
1359 3148 1388 3198 ot
1417 3157 1527 3200 merem

174 3229 410 3304 superstitionem
439 3231 628 3304 perimentes.
674 3226 788 3304 Quibus
811 3227 1005 3302 superstitiosi
1028 3227 1082 3284 viri
1105 3225 1238 3300 epistolis
1267 3242 1344 3301 quae
1371 3235 1441 3286 suut
1463 3245 1528 3288 res·

175 3331 271 3391 ponsa
293 3334 311 3375 a
332 3315 479 3392 lieploro,
508 3316 712 3392 quaestionum
746 3313 837 3374 nimia
863 3312 1049 3372 multitudine
1071 3329 1130 3372 non
1153 3311 1328 3389 defatigato,
1359 3312 1437 3375 lectu
1460 3304 1529 3374 suni

172 3400 398 3478 jncundissine.
445 3403 596 3464 Fabricius
625 3403 702 3462 enim
732 3403 837 3461 iterum
868 3403 1031 3476 iterumque
1053 3417 1148 3460 noras
1171 3401 1255 3462 adert
1278 3401 1476 3462 dubitationes
1500 3409 1530 3464 et

177 3487 275 3550 decies
299 3489 335 3550 de
358 3491 620 3566 argumentationis
642 3491 786 3549 inanitate
808 3486 943 3561 edoctus,
974 3489 1069 3548 denuo
1092 3487 1213 3563 Kepleri
1235 3491 1264 3546 in
1288 3491 1408 3549 somniis
1431 3495 1529 3550 astro-

175 3574 282 3653 logicis
306 3578 447 3638 aurilinm
470 3585 500 3640 et
523 3577 678 3638 eonsilium
701 3577 829 3653 quaerit,
858 3574 895 3634 ad
919 3577 1016 3652 priora
1037 3591 1117 3646 nova
1138 3575 1223 3636 addit
1245 3577 1332 3636 etiam
1355 3579 1450 3652 magis
1472 3579 1529 3639 ab·

178 3663 279 3728 surda.
325 3664 536 3744 Quemcunque
559 3674 657 3740 autem
680 3667 709 3723 in
733 3662 906 3724 medentes
929 3665 1016 3722 vertit
1038 3669 1066 3723 et
1089 3669 1223 3738 torquet,
1246 3663 1392 3741 lieplerus
1415 3681 1530 3742 semper

177 3759 230 3811 aut
248 3754 304 3810 viri
329 3753 460 3812 stultitiis
482 3761 642 3830 repugnat,
671 3759 724 3828 ant
747 3753 772 3810 si
799 3748 869 3827 quid
888 3749 950 3824 jam
974 3757 1061 3810 antea
1086 3757 1242 3810 nasutum
1267 3751 1372 3814 denuo
1390 3753 1528 3827 attulerit,

176 3837 205 3900 ia
229 3841 325 3916 ipsum
347 3841 486 3902 brevibus
510 3840 723 3913 demonstrare,
754 3840 784 3896 iu
807 3837 927 3897 dubium
949 3853 1074 3910 vocare,
1103 3837 1143 3897 ad
1172 3839 1261 3898 risum
1285 3839 1333 3900 vel
1362 3838 1400 3900 ad
1423 3840 1529 3899 absur·
1657 3825 1663 3844 ³

176 3925 245 3986 dnm
273 3925 416 3990 deducere
445 3935 475 3990 et
504 3927 562 3988 hoo
588 3927 676 3987 modo
707 3923 971 4002 interpellationes,
1002 3941 1079 4000 quae
1109 3927 1138 3982 iu
1170 3924 1232 3986 dies
1264 3928 1358 4002 megia
1387 3927 1529 3987 intolera-

176 4013 251 4074 biles
271 4013 384 4090 lierent,
408 4015 537 4092 rejicere.
584 4013 644 4076 Sed
665 4022 813 4090 postremo
837 4029 903 4072 enm
925 4021 1094 4072 astronomo
1116 4011 1268 4089 permultis
1290 4015 1416 4090 negotiis
1439 4031 1529 4073 occu·

175 4109 246 4178 pato
269 4109 322 4162 eut
343 4110 458 4180 tempus
481 4102 597 4162 deesset
619 4101 721 4162 eadam
745 4100 842 4161 denno
866 4099 991 4176 legendi,
1016 4100 1067 4160 ant
1090 4099 1246 4175 homiuem,
1269 4119 1334 4160 cnm
1350 4103 1529 4162 somniorum

176 4207 295 4250 suorum
319 4192 405 4250 nimis
429 4191 648 4250 amantissimus
671 4195 762 4262 esset,
795 4186 876 4248 nullo
898 4185 987 4248 modo
1009 4185 1047 4246 ad
1069 4190 1212 4248 rationem
1240 4187 1339 4249 reduci
1370 4204 1457 4264 posse
1480 4189 1528 4246 in·

178 4276 350 4360 tellerisset,
374 4277 507 4354 epistolis
530 4295 595 4338 oum
620 4279 745 4338 marimo
771 4275 896 4335 Fabricii
920 4273 1021 4334 dolore
1042 4274 1219 4352 respondere
1243 4275 1345 4349 desiit,
1369 4277 1419 4350 qui
1442 4291 1527 4334 suam

178 4365 206 4422 in
228 4365 389 4442 Keplerum
418 4363 649 4443 indignationem
679 4373 709 4423 et
738 4364 810 4421 iram
840 4363 948 4438 scripto
978 4361 1080 4422 effudit
1104 4363 1349 4444 „Prognostioo“,
1378 4359 1456 4438 quod
1480 4364 1528 4422 ln·

177 4454 276 4514 venire
309 4451 427 4528 quidem
449 4469 508 4511 non
531 4451 709 4528 potuimus,
726 4449 810 4526 cnjus
833 4457 929 4510 tumen
960 4448 1053 4508 libelli
1083 4467 1159 4526 quae
1188 4452 1275 4510 luerit
1296 4465 1411 4508 summa
1442 4449 1528 4510 laeile

176 4538 277 4616 colligi
297 4540 407 4618 poterit
429 4557 464 4600 ex
487 4538 606 4616 Kepleri
629 4553 780 4614 responso,
804 4537 882 4612 qnod
897 4535 1123 4613 premeridum
1145 4537 1319 4612 praeterient
1343 4534 1476 4596 additum
1499 4545 1529 4598 et

176 4625 281 4690 eodem
305 4629 364 4688 iere
387 4627 476 4688 mode
499 4642 557 4702 quo
580 4625 724 4703 epistolae
746 4625 939 4701 compositum
963 4632 1017 4684 est
1058 4626 1127 4696 (dir.
1146 4625 1201 4680 rol.
1219 4625 1255 4682 11.
1272 4643 1302 4696 p.
1323 4627 1393 4695 itit.)

280 4713 370 4788 Hand
393 4713 478 4784 aliter
492 4714 637 4791 Ksplerns
660 4719 789 4774 veterem
812 4711 1044 4772 Roeslinum
1067 4709 1246 4786 aanologum
1270 4717 1376 4770 uenat
1399 4710 1429 4769 iu
1446 4709 1528 4788 „Re-

176 4803 305 4880 sponso“
330 4818 386 4862 sue
414 4785 542 4863 e'dtttone
572 4799 760 4878 promulgato
774 4799 838 4870 (vol.
856 4802 877 4858 1.
896 4819 922 4872 p.
943 4805 990 4860 501
1008 4803 1065 4870 ssi,
1085 4798 1136 4857 ubi
1159 4795 1252 4871 lepori
1275 4795 1448 4874 laeedisque
1470 4801 1528 4858 mi-

175 4891 252 4952 nime
281 4890 476 4969 temporarias
509 4892 677 4966 pariterque
711 4885 873 4964 dapliernm
909 4885 1152 4958 Vlclrouinm,
1189 4881 1227 4943 de
1257 4901 1319 4964 quo
1352 4885 1528 4964 gutrissime

601 5005 606 5014 .
1263 4983 1320 5038 610
