3516 5540
446 417 626 482 sannaus
643 424 782 483 Historiae
799 420 991 484 esuriamus
1008 425 1102 486 seculo
1120 427 1193 486 xvi.
1439 429 1503 502 647

137 591 245 664 lecerit,
260 612 330 667 ·pen
342 597 452 669 aliquot
469 599 649 658 calculatores
667 617 722 658 nou
734 602 881 660 difficulter
892 603 1023 674 compleri
1035 619 1132 674 posse,
1151 611 1180 659 et
1190 611 1249 660 tum
1262 607 1386 664 omnibus
1398 609 1503 678 perspi-

140 699 218 738 cuum
233 683 308 754 iore,
328 695 423 743 motus
442 703 587 759 corporum
605 689 764 746 coelestium
782 692 817 746 ab
829 692 896 761 ipso
902 694 1044 748 restitutos
1056 691 1123 762 ipsis
1136 693 1301 763 apparantur
1314 709 1463 766 congruere
1474 705 1503 754 et

141 769 320 842 undiquaque
333 783 409 832 recte
419 784 553 833 constare.
572 777 693 850 contigit
702 779 967 849 'llycboniejusmodi
981 777 1205 844 ,calculatorem
1216 782 1335 837 narcisci
1346 783 1501 854 lleplerum,

143 860 190 914 scd
207 861 331 916 eundem
343 862 426 931 louge
438 864 530 933 elium,
549 880 581 920 eo
599 865 639 920 sir
656 881 722 922 snae
740 867 871 938 gloriolae
888 866 980 922 studio
998 864 1109 922 inflatus
1127 867 1249 938 optabat.
1274 869 1362 938 Quum
1381 871 1428 926 ille
1446 873 1502 928 ani·

144 963 214 1002 mum
234 946 350 1016 juvenis
375 951 443 1005 socii
467 951 502 1006 sd
525 953 659 1010 altmsima
680 955 828 1011 enitentem
846 961 977 1023 quantum
995 959 1104 1024 poteret
1122 954 1298 1024 deprimeret,
1323 957 1380 1012 suis
1399 957 1503 1014 scilicet

145 1033 258 1090 ducalis
271 1035 458 1107 ademingeua,
476 1037 521 1094 bic
537 1039 571 1094 iis
583 1057 654 1111 quaa
666 1040 760 1095 intimo
772 1041 855 1095 animi
872 1056 955 1097 sensu
966 1027 1130 1109 conceperat
1142 1041 1251 1112 infixus,
1269 1049 1301 1100 ut
1312 1059 1411 1099 aroana
1424 1059 1502 1115 prae-

146 1121 295 1189 sagientem
307 1132 426 1180 meatem
439 1125 571 1194 agimutia
582 1126 705 1184 effundet
717 1134 744 1182 et
763 1135 837 1182 certa
854 1133 1005 1197 aperteque
1022 1127 1136 1193 babeat,
1155 1129 1245 1184 studio
1264 1146 1403 1198 nunquam
1421 1131 1503 1187 inter·

146 1213 227 1269 m'aso
246 1211 358 1268 laborat
376 1217 405 1268 et
417 1212 555 1284 'lyaboms
574 1217 651 1272 obitu
670 1231 768 1285 magna
785 1215 1003 1271 observationum
1021 1217 1100 1286 copie
1117 1217 1230 1287 potitus,
1249 1231 1279 1271 se
1291 1235 1345 1286 quo
1357 1219 1504 1276 tetenderit

147 1303 304 1371 pervenisse
319 1302 380 1370 jara
395 1300 522 1357 exaltans
540 1303 639 1371 gaudio
657 1303 738 1360 ridet.
775 1303 875 1358 llliecit
893 1304 977 1372 enim,
1004 1311 1035 1359 ut
1053 1303 1240 1374 Gopernicaue
1257 1306 1327 1362 ratio
1349 1305 1377 1360 in
1400 1313 1503 1363 comem

146 1392 334 1459 munitamque
352 1390 388 1446 eb
406 1390 480 1445 omni
497 1397 576 1460 parte
593 1390 708 1446 formem
725 1389 850 1460 redacte,
873 1407 1037 1460 quamquam
1060 1391 1258 1448 reluctantibus
1281 1391 1415 1463 opinionis
1435 1395 1503 1449 anti-

147 1479 238 1546 quitus
256 1477 375 1534 traditae
392 1476 514 1546 maulia,
534 1493 587 1532 non
605 1479 644 1532 lta
662 1478 818 1548 langeport
830 1477 955 1534 omuibus
973 1478 1031 1533 lere
1043 1480 1212 1549 probaretur.
1227 1509 1260 1522 -
1274 1483 1315 1536 De
1333 1478 1501 1537 observatio·

148 1581 211 1620 ιιιιιιι
228 1565 447 1634 Τγοιιοιιίοιιιιιιιι
463 1563 529 1620 lutis
546 1580 695 1634 earumque
712 1565 831 1620 editione
849 1564 966 1620 diximus
984 1566 1037 1622 rol.
1058 1567 1080 1620 l.
1099 1583 1125 1637 p.
1148 1567 1195 1624 iel
1215 1573 1244 1621 ct
1261 1567 1308 1624 vl.
1327 1584 1353 1636 p.
1373 1567 1424 1623 bib
1443 1581 1465 1622 s.

249 1653 328 1708 later
344 1651 407 1706 illos
427 1653 583 1722 scriptores,
602 1667 671 1722 quos
684 1651 778 1722 Tycha
797 1653 825 1707 iu
843 1650 921 1708 libris
940 1654 997 1708 sais
1010 1651 1044 1707 de
1057 1652 1137 1709 stelle
1149 1652 1213 1708 anui
1226 1655 1296 1710 1572
1308 1661 1336 1710 et
1348 1654 1382 1708 de
1395 1661 1502 1710 cometa

149 1741 211 1796 saul
230 1743 301 1797 1577
320 1743 419 1811 partim
438 1741 555 1797 laudans
580 1742 678 1812 partim
696 1743 840 1811 increpans
859 1746 998 1809 recenset,
1022 1740 1102 1810 pauci
1125 1747 1190 1796 errat
1208 1749 1357 1796 memoratu
1377 1741 1453 1812 digni
1471 1743 1500 1797 iu

148 1829 198 1883 lac
209 1843 318 1884 samma
329 1829 462 1885 historiae
474 1830 663 1899 astronomiae,
682 1845 846 1901 quamquam
859 1829 893 1884 ed
906 1845 989 1883 uuum
1003 1843 1096 1884 omnes
1109 1827 1218 1885 collecti
1231 1832 1351 1900 speciem
1368 1830 1502 1901 praebent

149 1916 313 1971 conditionis
331 1915 415 1984 bajus
440 1917 570 1972 scientim
593 1915 644 1971 sub
662 1915 744 1972 fluam
767 1916 854 1971 seculi
872 1915 969 1972 decimi
988 1917 1070 1970 sexti.
1107 1915 1209 1972 Omnes
1227 1917 1261 1973 ab
1281 1917 1501 1973 observationum

149 2002 367 2074 Trebonicerum
387 2003 527 2080 diligentie
547 2012 574 2060 et
587 2004 739 2060 subtilitate
751 2004 832 2074 loligo
845 2003 954 2072 absunt,
973 2002 1083 2073 plurimi
1095 2007 1206 2064 nimium
1222 2005 1323 2064 addicti
1335 2008 1502 2063 inveteratae
1516 2065 1520 2077 ,

150 2091 379 2162 pbilosophorum
398 2091 633 2147 Aristotelicorum
652 2090 785 2147 derebus
804 2090 970 2146 coelestibus
995 2093 1147 2148 sententiae
1169 2094 1212 2147 rel
1232 2095 1313 2150 ctiam
1331 2093 1502 2163 astrologicis

148 2179 323 2247 vanitatibus,
342 2181 511 2248 repetierunt
529 2193 570 2248 es,
590 2193 660 2247 qaae
673 2177 793 2248 priorum
810 2179 928 2248 scriptis,
947 2184 1063 2249 excepto
1075 2179 1226 2248 Capernico
1240 2189 1269 2234 et
1280 2179 1441 2251 Reiuboldo,
1459 2197 1504 2236 ec·

149 2273 226 2336 capta
243 2265 386 2336 lerobant3
407 2267 489 2336 pauci
500 2265 638 2337 ingenium
652 2265 750 2319 borum
768 2279 840 2334 qaae
855 2264 913 2333 J'em
931 2264 1048 2321 diximus
1065 2265 1196 2321 luminum
1215 2265 1502 2332 asmouomieemeute

148 2362 279 2425 asperum
295 2354 413 2424 illosque
430 2355 515 2410 duces
532 2355 679 2421 elegerunt.
872 2419 885 2432 ἱ

251 2444 284 2498 lu
303 2441 463 2512 praemissis
481 2438 663 2496 voluminibus
681 2435 783 2508 passim
802 2447 948 2495 occurrunt
967 2439 1026 2509 riri,
1045 2455 1113 2508 quos
1127 2439 1222 2512 Tycha
1240 2439 1359 2498 inlibris
1372 2443 1503 2514 saispro·

150 2532 232 2602 ducit,
251 2547 338 2603 quare
357 2527 527 2600 superfluum
545 2528 665 2594 videaur,
689 2523 753 2580 illos
771 2525 815 2579 bic
833 2533 966 2596 repetere.
1003 2527 1093 2582 Unnm
1117 2528 1324 2587 Michaelem
1342 2530 1503 2586 Maestli·

149 2635 231 2688 uum,
251 2617 388 2688 discipulo
401 2616 521 2685 Keplero
534 2616 679 2682 celebrem,
698 2613 822 2682 pluribus
835 2612 979 2668 dicendam
993 2617 1157 2673 censuimus.
1182 2615 1277 2688 'lyobo
1288 2616 1389 2674 librum
1401 2619 1503 2674 Maest-

148 2707 195 2762 lini
214 2707 250 2762 de
268 2719 341 2760 nora
362 2704 445 2760 stelle
463 2704 688 2772 (Demonstratio
706 2703 896 2759 astronomica
913 2703 966 2758 loci
983 2703 1077 2758 atatim
1094 2719 1182 2759 nasac
1199 2709 1258 2760 tans
1274 2711 1399 2775 remorta
1416 2705 1506 2761 omisi

147 2768 332 2865 *audistisne
349 2799 474 2863 respectes
491 2793 617 2864 elpram
635 2799 661 2848 st
680 2791 906 2861 aequinoctialia)
924 2789 1059 2858 integrum
1078 2791 1206 2860 adjunxit
1224 2792 1300 2860 operi
1318 2805 1368 2845 sao
1386 2790 1505 2857 denota

146 2881 235 2951 mella,
257 2882 367 2936 diceus:
394 2881 490 2946 ,Exile
510 2881 619 2949 quidem
637 2879 783 2948 scriptum,
810 2877 893 2932 modo
912 2875 978 2932 lolia
995 2883 1024 2931 et
1041 2879 1127 2934 lineas
1146 2885 1268 2950 spectes,
1291 2884 1321 2934 st
1337 2879 1361 2934 si
1380 2893 1413 2933 ee
1431 2891 1503 2946 quae
1527 2913 1535 2928 ,

146 2970 269 3025 continet
286 2969 381 3038 reique
400 2967 508 3038 pondua
527 2966 695 3030 consideres,
721 2965 860 3034 plerisque
877 2964 964 3018 multo
982 2964 1132 3033 majoribus
1151 2965 1268 3036 emplius
1287 2973 1370 3034 atque
1388 2963 1503 3020 solidius

146 3057 178 3112 de
195 3057 251 3112 bec
270 3057 354 3111 stella
375 3058 404 3111 iu
421 3055 559 3126 publicum
585 3055 676 3110 emisit
692 3055 730 3109 bi
750 3054 789 3108 ld.
807 3051 986 3119 bieestliuaa,
1009 3067 1042 3106 eo
1060 3059 1184 3124 tempora
1207 3054 1235 3108 iu
1259 3053 1360 3124 oppido
1384 3051 1503 3122 quodam
1542 3083 1550 3090 ·

146 3145 300 3214 minag
317 3143 391 3199 dicto
409 3142 560 3213 parochus,
579 3147 677 3212 postea
694 3141 723 3195 ia
741 3139 883 3195 academia
901 3138 1143 3212 Heidelbergeasi,
1163 3153 1235 3195 nune
1253 3155 1317 3196 vero
1336 3137 1504 3207 Tabiugeusi

145 3233 345 3288 mtbsmatum
363 3230 502 3300 professor
520 3231 644 3298 (casroi
665 3235 686 3285 1.
704 3245 730 3295 p.
750 3229 819 3296 188).
855 3227 935 3282 Licet
957 3233 1048 3282 autem
1065 3227 1093 3281 lu
1112 3225 1276 3283 denotandis
1300 3225 1383 3296 hujus
1405 3224 1504 3282 smiles

146 3319 344 3390 phaenomenis
361 3317 438 3374 nulla
455 3317 610 3374 adhibuerit
628 3317 821 3381 instrumenta,
839 3320 935 3384 utpote
946 3313 1001 3370 illis
1019 3321 1085 3372 tunc
1104 3315 1234 3384 temporie
1255 3313 1326 3370 forte
1344 3314 1502 3382 destitutus,

147 3409 234 3465 salius
251 3415 347 3462 manen
364 3406 423 3461 lili
447 3421 500 3476 ope
517 3406 544 3462 ia
563 3403 728 3460 dimetienda
746 3403 806 3472 ejus
824 3402 886 3458 loco
905 3408 934 3456 at
951 3401 1126 3471 perallexeos
1149 3403 1272 3458 carentia
1288 3409 1346 3456 tam
1362 3417 1447 3471 prope
1466 3400 1501 3456 ad

146 3494 271 3556 nodutis
291 3509 405 3563 scopam
423 3493 585 3559 cobiuearit,
603 3501 635 3548 at
651 3491 730 3546 multi
747 3505 849 3559 eoram,
869 3491 916 3561 qui
934 3489 1122 3546 instrumentis
1140 3491 1233 3547 nescio
1253 3491 1352 3561 quibus
1370 3491 1421 3562 usi,
1440 3489 1502 3546 lon-

146 3583 204 3652 gius
223 3582 260 3636 ab
278 3581 333 3636 lnoc
351 3579 537 3636 deflexerint⁴⁴
574 3579 619 3632 Es
637 3577 731 3632 libello
748 3577 823 3648 ipsa,
852 3578 961 3648 qualem
980 3577 1075 3648 Tycha
1097 3577 1239 3648 proponit,
1263 3577 1333 3633 baec
1354 3593 1502 3649 excerpere

147 3671 249 3740 placet.
286 3667 374 3724 Stella
389 3666 467 3721 initio
486 3663 647 3722 Novembris
665 3671 814 3734 conspecte
832 3673 874 3720 est
892 3673 969 3721 teuta
987 3665 1110 3720 claritate
1129 3673 1157 3720 et
1168 3667 1361 3736 maguitudino,
1380 3673 1410 3722 ut
1423 3666 1502 3724 coelo

149 3773 248 3814 aercuo
268 3755 415 3823 „mediocri
434 3754 509 3809 sinus
526 3753 650 3808 acumine
668 3754 784 3809 vaslenti‘⁴
812 3755 908 3822 quavis
931 3753 1001 3809 bore
1023 3753 1076 3808 diei
1094 3754 1216 3824 conspici
1240 3755 1372 3823 potuerit:
1403 3753 1502 3811 Obser-

147 3845 271 3900 vationes
294 3844 324 3898 in
341 3844 483 3912 superiore
503 3848 531 3896 ot
547 3841 676 3896 inferiore
694 3841 890 3898 culminatiouc
909 3841 1025 3898 eundem
1050 3839 1133 3909 plene
1155 3841 1245 3897 locum
1264 3843 1361 3898 stellae
1377 3842 1504 3899 munde·

148 3935 226 4003 baut3
248 3947 327 3998 „cum
345 3945 411 4000 ergo
428 3931 457 3985 in
474 3929 572 3984 dimna
589 3929 760 3986 revolutione
779 3929 856 3985 nulla
873 3937 965 3986 matus
983 3929 1168 4000 discrepantia
1184 3945 1268 3987 seusu
1286 3932 1389 4002 percipi
1406 3931 1503 4001 possit,

147 4023 227 4080 facile
246 4039 283 4080 ex
301 4020 453 4077 Pitaiumaei
471 4019 629 4085 Almsgesta
647 4017 890 4087 demonstrabitur,
918 4033 1012 4072 aarum
1031 4017 1091 4087 ejus
1109 4024 1212 4072 motum
1234 4017 1269 4072 ab
1286 4015 1429 4088 apparenti
1446 4029 1502 4071 uon

148 4111 263 4178 Μαι-ιο,
282 4108 400 4176 atinde,
418 4107 577 4162 distantiam
595 4103 656 4173 ejus
673 4109 778 4160 tautam
797 4119 868 4172 ease,
886 4111 918 4160 ut
934 4103 968 4158 ed
987 4119 1046 4158 eam
1065 4102 1177 4158 dimidie
1194 4103 1296 4158 Terras
1314 4102 1446 4160 cuncter
1462 4101 1503 4158 iu·

147 4195 339 4268 comparabilis
357 4195 419 4251 sit‘*
458 4193 529 4248 Hinc
547 4199 574 4248 et
593 4209 626 4248 ex
646 4193 789 4262 Copornioi
808 4192 1008 4262 Reiuluoldiqae
1026 4191 1135 4262 placitis
1153 4193 1232 4262 sequi
1249 4189 1389 4248 concludit
1400 4191 1502 4247 Maest-

146 4289 232 4356 iim,
259 4285 370 4344 stallum
394 4284 468 4338 bana
485 4283 513 4338 ln
531 4282 649 4338 irarum
672 4282 818 4352 sphaeram
842 4281 1028 4350 reponendam
1047 4294 1117 4336 esse.
1152 4281 1314 4336 Immensum
1334 4283 1424 4334 samm
1441 4293 1502 4334 asse

146 4375 316 4432 altitudinem
334 4372 462 4440 lixarum,
481 4368 515 4424 ad
528 4385 610 4437 quam
622 4369 753 4424 durande
766 4369 869 4424 Terrae
887 4368 922 4423 ad
935 4367 1026 4426 Solem
1038 4375 1194 4438 avsmscat,
1214 4374 1263 4432 ,ut
1272 4371 1390 4420 astatur
1402 4365 1502 4434 coper-

147 4463 231 4531 nicas,
249 4471 472 4518 astronomorum
490 4463 555 4526 post
572 4455 760 4512 Ptolemaeum
777 4455 934 4527 princepat,
953 4455 1015 4511 idco
1033 4469 1123 4526 neom
1135 4453 1291 4510 distantiam
1302 4451 1387 4520 hujus
1405 4451 1502 4510 atelhs

148 4552 277 4622 aTm,
305 4563 397 4620 noque
420 4547 482 4617 ejus
499 4543 713 4614 magnitudinem
736 4557 829 4598 veram
852 4551 928 4600 certo
946 4543 1078 4600 coustbai
1095 4557 1187 4613 posse.
1223 4540 1266 4595 nd
1285 4539 1354 4596 baec
1372 4543 1402 4595 at
1417 4541 1502 4598 verba

148 4639 296 4698 Maubai:
312 4638 360 4702 ·„ai
378 4634 440 4691 orbi
457 4632 575 4700 ulcajm
593 4631 722 4702 planctae
739 4630 822 4686 stella
833 4631 903 4702 baec
915 4630 999 4686 elixa
1011 4637 1093 4699 esset,
1111 4625 1331 4682 commutationis
1342 4632 1433 4683 matus
1446 4641 1501 4683 uou

149 4742 240 4799 mpura
258 4735 341 4798 emet,
360 4723 438 4794 qaod
456 4721 549 4777 videro
567 4719 632 4774 licet
649 4717 697 4773 lib.
715 4717 748 4774 V.
766 4717 936 4787 copernici“,
955 4715 1024 4772 baec
1042 4711 1305 4770 annotetlirsbeus:
1323 4711 1426 4772 lrastra
1444 4716 1502 4772 eai-
1611 4725 1618 4738 ·

146 4818 245 4888 stimat,
269 4815 353 4874 orbes
371 4813 547 4883 planetarum
568 4805 659 4862 reales
683 4810 712 4860 et
729 4803 832 4860 solidos
850 4819 922 4874 esse,
946 4803 987 4859 sic
1004 4803 1085 4858 etiam
1102 4798 1322 4856 commutationis
1338 4807 1428 4858 motus
1446 4803 1500 4858 lm·

144 4907 255 4970 nabas
270 4921 330 4968 aaa
348 4901 422 4963 satis
440 4895 548 4972 prabet
567 4893 675 4958 medam
693 4892 768 4954 altra
784 4891 958 4974 plancarum
970 4889 1100 4948 terruiaoa
1111 4893 1243 4943 semaam
1260 4886 1355 4962 iuisee,
1372 4890 1427 4954 aiei
1438 4905 1500 4968 anm
