3624 5554
263 382 330 454 720
774 381 839 440 vira
854 379 971 442 dosnnis
988 382 1111 456 lispleri.

215 581 220 600 ι
245 509 372 642 *optimc
394 558 540 622 collocare
561 576 614 639 per
636 560 693 623 hoc
714 525 909 640 intonagmnr
922 561 1142 626 scholasticum.
1180 558 1299 624 Utinam
1314 561 1344 622 id
1361 560 1542 641 papendsnt
1559 565 1612 621 ant

262 649 442 728 nqnopism
464 647 656 724 edomantur,
684 667 716 710 ea
738 667 875 726 magnam
902 662 1016 732 partem
1042 651 1167 728 gloriae,
1195 667 1284 727 quum
1307 649 1341 713 O.
1363 647 1428 708 hi*
1449 656 1613 728 aucupatur

262 737 354 796 trihus
377 743 429 795 ant
449 744 576 812 quatuor
598 735 738 796 florenum
761 739 891 800 millibus
914 743 944 799 in
966 755 1059 800 auum
1081 737 1222 816 singulos,
1246 739 1362 798 nonnisi
1386 739 1495 798 nsitsto
1511 746 1541 796 et
1555 735 1611 796 hoo

262 825 369 900 exigno
392 823 581 884 ducentorum
603 824 749 902 stipendio
771 825 864 887 adse
887 827 1021 888 derivare
1043 842 1139 905 posse.
1184 824 1243 886 Sed
1265 831 1294 887 ot
1316 825 1383 905 plns
1405 833 1504 904 potore
1526 823 1612 883 vids-

261 911 322 984 hor,
346 928 435 989 quern
457 929 554 972 meam
575 910 678 972 deceat
700 912 883 974 modestiam.
913 915 984 976 Jurn
999 916 1114 974 noviter
1136 915 1214 974 eninr
1235 913 1326 974 literis
1350 915 1437 974 surici
1459 910 1611 990 cniusdam

262 999 332 1058 rnihi
354 997 479 1059 rolntnm
500 1007 555 1072 eat,
578 996 710 1060 decretos
732 1001 803 1061 mihi
826 1001 968 1062 dneentos
991 1000 1119 1062 thsleros
1146 1017 1199 1080 pro
1223 1000 1351 1062 editions
1373 1007 1404 1061 et
1426 997 1610 1060 dedicatione

260 1080 354 1148 libelli
375 1089 441 1146 mei.
486 1086 591 1164 ltaque
621 1094 734 1146 tuntum
763 1089 848 1150 ehest
871 1097 904 1149 ιιι
933 1092 996 1168 ipse
1024 1106 1080 1166 ego
1107 1105 1282 1149 consensum
1311 1089 1446 1150 ordinum
1476 1089 1505 1146 in
1535 1087 1611 1146 hanc

261 1191 372 1236 moram
395 1189 490 1234 meum
517 1181 616 1254 petere
637 1178 762 1254 possim,
795 1179 897 1238 utrix
920 1179 1006 1238 alitor
1028 1178 1148 1238 intumis
1170 1193 1268 1238 carere
1296 1179 1407 1256 possim
1433 1177 1505 1250 nisi,
1534 1173 1610 1236 ultro

259 1265 362 1341 jussus
384 1264 425 1322 ah
445 1263 517 1342 ipsis
539 1263 586 1322 hio
608 1279 734 1338 munere,
757 1264 855 1346 molid
877 1281 965 1342 aegre
987 1265 1083 1326 locere
1104 1263 1248 1325 simulem.
1616 1308 1621 1317 .

365 1347 478 1426 Quodsi
500 1347 582 1410 solus
603 1348 707 1428 Tynlro
736 1351 845 1412 scribet
866 1351 905 1412 cd
926 1352 1084 1425 Proosres,
1114 1351 1194 1429 qnod
1221 1369 1254 1411 se
1280 1349 1424 1411 lecturum
1446 1349 1610 1428 pollicetur,

262 1436 364 1498 videor
386 1453 445 1496 nou
466 1440 540 1497 sctis
561 1439 686 1498 multum
711 1441 896 1516 magistratui
918 1457 984 1500 meo
1007 1441 1185 1514 tributurus,
1216 1437 1318 1499 videor
1338 1440 1425 1498 nimie
1446 1437 1610 1513 neglectam

261 1528 447 1586 instituturus
469 1527 650 1603 petitionem,
674 1533 707 1586 ut
729 1527 841 1588 scilicet
863 1529 976 1604 integro
997 1529 1174 1588 universitas
1195 1529 1311 1606 privato
1334 1525 1452 1586 domino
1468 1524 1611 1586 concedat

262 1616 424 1674 ministrum
447 1629 542 1675 snum.
587 1611 654 1688 Quo
681 1621 769 1693 pacto
799 1621 913 1690 metuo,
943 1623 977 1676 nt
1004 1616 1152 1692 repulsum
1181 1615 1272 1676 leram
1299 1621 1351 1673 ant
1380 1613 1452 1673 mihi
1479 1612 1611 1691 plensris

261 1703 364 1762 missio
391 1707 587 1780 proponatur,
618 1703 793 1779 quaemihi
819 1705 919 1780 pruris
946 1701 1090 1764 accideret
1120 1710 1238 1782 propter
1265 1719 1400 1777 uxorem,
1423 1717 1556 1762 sonorum
1577 1707 1609 1760 st

261 1787 364 1851 affines
386 1791 416 1847 iu
439 1789 547 1866 Styriu.
1468 1858 1472 1868 ι

363 1874 434 1936 Jam
456 1893 537 1949 vero,
560 1883 593 1936 nt
614 1875 723 1954 lingum
744 1877 865 1938 concedi
886 1876 967 1952 mihi,
991 1877 1071 1955 qnod
1092 1879 1237 1957 petiturus
1258 1894 1332 1952 snm,
1355 1893 1414 1936 non
1437 1875 1519 1937 lesos
1541 1879 1610 1934 snut

261 1963 448 2026 difficultstea
474 1966 689 2026 oeconomicus.
735 1965 838 2026 Doseri
868 1982 942 2025 nror
970 1966 1084 2042 integro
1114 1966 1231 2026 hiennio
1261 1965 1308 2026 vel
1338 1964 1464 2044 emplius
1487 1963 1608 2022 honeste
1643 2003 1648 2010 -

260 2069 320 2114 non
343 2059 449 2130 potest.
495 2053 533 2111 Ar
555 2055 580 2111 si
603 2051 661 2114 hoc
683 2051 853 2128 adducetur,
876 2070 935 2112 non
957 2055 1012 2114 erit
1033 2053 1064 2114 id
1086 2055 1149 2116 sinc
1176 2060 1283 2116 sumtu
1328 2052 1391 2112 Neo
1412 2051 1498 2112 nliter
1520 2067 1610 2128 qnam

260 2141 384 2202 honesto
406 2147 437 2200 et
457 2141 547 2199 misso
577 2156 662 2201 curru
690 2140 834 2202 deducere
861 2140 942 2200 illam
974 2157 1102 2218 possum.
1148 2139 1223 2215 Quis
1252 2156 1322 2218 ergo
1351 2147 1464 2200 sumtus
1494 2137 1533 2197 sd
1556 2139 1610 2196 iter

260 2227 476 2308 suppeditabit,
508 2225 543 2287 de
570 2230 743 2288 necessariis
774 2227 812 2288 ad
840 2227 964 2288 reditum
988 2230 1054 2305 quis
1082 2227 1223 2288 osvehiti
1258 2227 1348 2304 Quis,
1379 2245 1455 2305 oneo
1477 2225 1556 2285 domi
1579 2225 1609 2282 ln

259 2315 387 2397 proediis
409 2317 507 2374 nroris
528 2315 730 2392 negliguntur,
753 2318 901 2390 restituet,
924 2319 990 2393 quis
1012 2317 1162 2393 neglectas
1185 2316 1406 2376 commoditates
1428 2321 1458 2374 et
1480 2325 1609 2387 nuruum

260 2403 395 2478 reditum,
419 2409 535 2463 centum
556 2403 683 2482 emplius
705 2403 822 2463 florenis
837 2403 1060 2477 aestimandum,
1083 2421 1119 2463 er
1135 2403 1263 2464 donariis
1278 2405 1439 2464 {aventium
1453 2401 1524 2460 mihi
1539 2416 1611 2479 pro-

261 2509 360 2554 cerum
389 2489 613 2569 compensabit?
648 2492 694 2549 An
725 2489 806 2552 solus
828 2491 932 2570 'tycho
962 2489 1084 2552 omnis'i
1124 2491 1181 2550 Vir
1211 2491 1307 2552 iudet
1354 2491 1399 2550 An
1429 2505 1485 2566 ego
1512 2489 1611 2548 omnis

262 2579 460 2640 astronomiae
490 2595 580 2638 ceusu
608 2577 778 2656 negligam?
815 2578 946 2650 Vellem,
978 2581 1004 2639 si
1033 2579 1105 2639 mihi
1130 2587 1319 2658 suppeterent
1349 2575 1466 2638 nlinndo
1496 2585 1610 2636 sumtus

261 2667 419 2728 necessarii
441 2663 480 2725 sd
500 2666 637 2727 olendum
659 2666 726 2726 loco
749 2669 900 2745 peregrino
924 2665 1081 2742 semilirm,
1110 2667 1136 2725 si
1158 2684 1216 2726 non
1239 2667 1275 2726 dc
1299 2668 1397 2726 nroris
1418 2681 1502 2724 meae
1524 2663 1610 2723 honis
1688 2681 1692 2696 ¹

261 2761 411 2832 speretur,
443 2771 566 2830 quornm
596 2762 674 2814 tutor
696 2757 856 2834 cumsim,
889 2753 1058 2832 diligentem
1087 2772 1134 2815 nnc
1156 2755 1307 2817 custodem
1334 2771 1398 2815 esse
1425 2752 1504 2812 lame
1524 2756 1611 2830 post·

260 2842 351 2905 huma
369 2842 466 2918 jubet.

366 2928 480 3004 Quodsi
502 2927 574 2989 mihi
596 2936 710 2990 constet
731 2929 935 2992 adducendum
956 2947 1089 3005 uxorem,
1109 2931 1172 3006 jam
1195 2929 1268 2988 illud
1290 2925 1511 3006 dispiciendum,
1534 2931 1611 2984 tern-

262 3018 363 3096 porine
385 3033 502 3094 parcum
531 3019 594 3096 ipss
625 3035 681 3092 ego
704 3026 735 3078 et
756 3018 847 3078 elium
870 3021 921 3096 qui
943 3035 1063 3078 uxorem
1085 3017 1214 3078 adduost
1241 3016 1402 3076 conducam
1424 3033 1461 3074 ex
1483 3030 1610 3073 consen·

261 3105 377 3180 guinula
398 3105 472 3181 ejus,
495 3104 575 3181 qnod
598 3104 733 3180 equidem
748 3105 857 3180 malim,
880 3123 918 3165 an
942 3121 1011 3166 vero
1034 3107 1098 3183 ipse
1113 3104 1297 3176 descendam,
1320 3103 1418 3163 omniu
1433 3118 1531 3162 eorem
1547 3099 1610 3159 dis·

262 3208 379 3270 ponam,
403 3209 521 3252 nxorcm
544 3193 666 3252 honeste
688 3197 854 3271 praesentis
874 3211 940 3253 mea
962 3195 1091 3266 comiter,
1114 3201 1144 3252 et
1158 3195 1200 3253 sic
1215 3195 1304 3253 etiam
1319 3209 1365 3252 me
1388 3193 1493 3251 iterum
1508 3189 1610 3247 slstnm

262 3277 462 3340 Procerihnel
492 3279 639 3340 Fortassis
661 3280 691 3338 ld
715 3283 757 3340 its
778 3280 840 3340 heri
862 3279 1027 3340 consultum
1049 3283 1139 3340 etism
1161 3289 1278 3361 propter
1298 3296 1394 3340 meam
1416 3277 1611 3338 existimetio-

262 3383 339 3440 nem,
361 3383 399 3427 ne
420 3373 523 3445 putent
538 3364 693 3442 Ordinrrii,
716 3385 782 3428 meo
803 3368 942 3428 instinctu
964 3368 1026 3428 heri
1048 3371 1114 3442 ista,
1137 3367 1189 3428 sed
1210 3368 1340 3429 habeant
1358 3385 1406 3428 me
1428 3371 1609 3438 oscusstnm,

262 3455 289 3514 si
310 3453 464 3532 quiescens
487 3471 542 3531 ego
565 3452 645 3514 dorni
666 3454 759 3515 literis
780 3472 901 3516 revocer
921 3457 952 3514 in
973 3455 1156 3520 Bohemicm.

367 3539 444 3600 lllnd
468 3545 556 3602 etiam
579 3541 837 3616 considerandum,
869 3560 957 3621 quem
984 3543 1082 3603 locoru
1103 3543 1141 3602 sd
1163 3541 1356 3603 hshitandnm
1379 3541 1468 3600 relirn
1490 3538 1608 3614 eligere.

262 3623 361 3705 Prsgs
383 3631 456 3688 meis
478 3630 583 3690 studiis
605 3639 676 3709 spts
697 3639 756 3704 est,
788 3631 874 3692 isthic
897 3639 942 3691 est
962 3630 1127 3709 frequentia
1148 3633 1316 3703 notionum,
1340 3628 1426 3688 isthic
1448 3628 1608 3687 rectissime

263 3717 351 3776 rehns
379 3719 452 3778 meis
479 3719 643 3796 prospicere
671 3735 804 3797 possem,
835 3719 920 3779 isthic
949 3726 994 3778 est
1024 3719 1126 3797 eliqua
1154 3721 1229 3780 inter
1257 3719 1391 3777 homines
1411 3716 1609 3793 germanicum

264 3807 394 3880 lingnam
417 3803 558 3865 callentes
580 3809 756 3880 amoenitas,
785 3825 845 3884 qun
866 3807 976 3866 soletur
998 3824 1071 3866 uror
1097 3823 1164 3867 mes
1184 3808 1343 3866 amicorum
1365 3811 1396 3864 et
1418 3811 1608 3880 cognotorum

263 3893 436 3954 chroatiam.
472 3892 582 3952 Contra
603 3910 662 3953 non
684 3901 782 3972 potest
803 3893 891 3956 isthic
913 3896 973 3953 risi
996 3896 1053 3954 nisi
1075 3910 1182 3971 magno
1204 3903 1311 3967 sumtu,
1335 3893 1385 3970 qni
1400 3891 1472 3950 mihi
1487 3889 1536 3949 rol
1550 3905 1608 3947 non

262 3983 392 4059 suppetit
415 3979 462 4041 vel
484 3999 504 4040 a
524 3979 665 4058 Tychone
687 3997 745 4042 non
767 3981 1010 4059 suppeditabitur.
1056 3981 1165 4041 Hicin
1187 3981 1322 4041 Bennthn
1343 3981 1430 4058 psuoi
1451 3985 1519 4038 snm
1540 3993 1608 4053 ger-

263 4071 352 4140 msni,
375 4065 503 4129 solitudo
524 4065 690 4140 hominum,
713 4067 863 4146 'l'yohonis
880 4087 949 4130 sero
972 4079 1115 4146 mgnstne
1128 4066 1225 4144 sedes,
1249 4085 1356 4145 magna
1371 4066 1457 4126 turha
1470 4064 1607 4136 familiae,

263 4158 310 4218 coi
336 4155 428 4214 nolim
458 4157 620 4216 immiscere
648 4172 745 4230 meos,
776 4159 827 4233 qni
857 4157 1062 4234 tranuillitsti
1084 4165 1114 4216 et
1135 4157 1297 4216 modestice
1325 4160 1527 4215 assuererunt.
1572 4151 1609 4210 Et

263 4251 361 4304 umen
383 4251 417 4304 ut
439 4241 572 4320 'l'yohoni
605 4245 706 4310 crebro
734 4261 873 4322 praesens
899 4247 971 4320 sim,
1004 4245 1166 4305 studiorum
1196 4246 1271 4304 ratio
1295 4252 1325 4304 et
1345 4245 1437 4322 ipsius
1459 4239 1610 4318 'lychonis

125 4399 129 4406 ,
262 4333 444 4412 propositum
467 4329 606 4409 postulet.

366 4418 426 4480 Sed
448 4418 507 4479 iere
529 4419 624 4492 omisi,
647 4417 727 4496 quod
749 4420 842 4498 primo
864 4418 931 4480 loco
955 4428 1017 4480 erat
1038 4417 1285 4499 perpendendum,
1307 4411 1607 4495 praestententur

263 4507 357 4585 possit
379 4505 539 4580 commode,
562 4508 703 4584 tantisper
725 4507 904 4566 incesseris
926 4509 1046 4567 servitio
1061 4509 1161 4567 virere
1183 4515 1212 4566 ct
1232 4505 1365 4584 ‘l'ychoni
1387 4521 1426 4564 ex
1447 4499 1608 4565 shnndnnti

265 4605 383 4671 operum
406 4593 484 4668 darc,
508 4611 545 4653 an
568 4612 588 4654 ι
609 4594 673 4654 solo
687 4593 827 4672 Tychone
849 4593 1001 4671 pendere?
1038 4593 1115 4654 lllud
1137 4592 1242 4654 snndet
1263 4593 1396 4654 Cscssris
1419 4591 1564 4668 linieatns
1579 4593 1609 4648 et

264 4679 351 4740 aulas
373 4680 518 4760 splendor,
542 4679 712 4743 dissusdent
734 4681 815 4742 hsce.
846 4681 975 4740 Primum
990 4685 1039 4740 sir
1062 4699 1108 4741 me
1129 4683 1271 4759 recipient
1293 4683 1348 4740 nisi
1371 4685 1475 4752 totum,
1498 4691 1607 4736 rennn-

265 4767 343 4831 crau
363 4767 495 4846 Styrensi
523 4767 688 4841 iunctione,
716 4775 769 4829 eut
796 4775 945 4846 receptum
973 4777 1077 4848 postes
1102 4785 1160 4828 non
1191 4769 1318 4848 emplius
1347 4768 1501 4828 dimittent
1546 4763 1608 4842 llec

265 4855 342 4920 tuin]
368 4857 475 4918 murs
509 4856 741 4920 clementissimts
769 4855 903 4918 Cusssris
932 4857 1061 4936 imperils
1092 4857 1312 4938 repnpnsndnm
1345 4861 1432 4917 esset
1491 4849 1607 4914 Deinde
