3588 5540
806 305 901 410 -ἰιιὶ,
1472 313 1539 411 887

183 541 258 594 tasse
274 533 435 606 indigitaase
452 549 514 602 eos,
539 531 586 604 qui
603 530 648 586 Jo.
668 527 761 586 Arndo
780 527 940 584 adhaerent.
976 525 1039 582 Non
1058 537 1106 578 ena
1123 521 1232 592 putari,
1257 518 1307 578 sed
1324 515 1495 586 nocensne
1512 519 1542 572 ιι

184 625 269 694 ιιιιι,
288 640 403 693 quorum
420 621 546 693 pagellae
563 627 606 676 tot
624 634 711 674 annos
735 615 851 674 subinde
869 629 956 671 novae
974 612 1025 668 sub
1043 609 1152 668 uomina
1171 607 1277 666 hennei
1295 603 1412 676 Agnostf
1429 608 1458 660 ιι
1476 601 1542 658 alio·
1647 671 1649 676 Α
1727 613 1737 632 ⁸

184 729 259 782 rum,
279 713 325 781 qui
348 725 378 766 se
395 708 610 766 Roaecruoianos
629 705 839 776 appellitarnnt,
865 698 1136 766 circumferebantur,
1154 697 1253 767 quibus
1275 693 1425 759 edebatur,
1445 689 1543 746 admse

181 802 238 870 jam
256 799 393 865 seculum,
418 815 473 868 quo
492 794 639 852 Christiani
664 785 764 861 integri
782 793 853 848 ritae
872 789 1061 858 scelerumque
1085 785 1147 856 puri
1165 801 1198 841 ec
1215 799 1245 840 re
1262 781 1325 852 ipsa
1345 779 1404 852 jam
1426 775 1544 850 perfecti

185 887 239 944 sint
256 887 363 944 victuri.
399 887 442 942 De
459 891 552 940 cetero
570 883 653 953 plene
672 889 763 938 tecum
782 898 841 938 sum
860 896 911 936 nec
929 876 1095 945 theologiam
1113 875 1141 931 in
1154 874 1244 930 verbis
1263 879 1292 928 et
1309 867 1543 937 altercationibus,

185 975 233 1032 sed
251 975 279 1028 in
296 974 488 1030 informatione
507 971 543 1027 ed
561 967 708 1028 christiane
726 969 870 1025 vivendum
889 982 987 1022 censeo
1006 964 1134 1035 positam.
1234 969 1235 976 ’

289 1061 400 1128 Gratias
423 1060 530 1114 interim
553 1075 605 1128 ago
628 1074 679 1128 pro
706 1057 875 1112 Celenderis.
917 1056 980 1110 Non
1004 1052 1130 1121 equidem
1154 1065 1264 1106 censam
1287 1046 1395 1103 invenio
1418 1042 1543 1100 Vulcano

186 1154 303 1223 dignam.
321 1153 405 1207 Forte
423 1149 596 1206 offenderunt
618 1149 665 1204 illa
682 1149 766 1204 rerba
783 1149 852 1218 pag?
864 1145 971 1218 penult.
988 1144 1039 1201 mit
1057 1143 1117 1199 dem
1136 1138 1242 1208 Zwertp
1260 1151 1296 1191 ιιι
1313 1134 1400 1192 tinem
1418 1131 1544 1190 cohme-

133 1315 136 1321 ,
186 1249 230 1300 ten
249 1241 443 1298 Gotteadienat.
471 1239 561 1295 Aliam
579 1244 607 1294 te
626 1238 693 1293 mibi
711 1236 797 1292 literis
815 1232 947 1305 proximis
960 1237 1118 1302 apertmnm
1131 1225 1215 1294 dicis;
1235 1239 1294 1280 eam
1306 1221 1390 1291 igitur
1402 1225 1544 1290 exspecto.

148 1405 150 1412 Α
188 1360 219 1370 -
237 1330 310 1384 Τιιι
329 1326 365 1384 ed
383 1343 426 1382 me
444 1326 539 1382 literas
557 1325 642 1395 dirige
660 1327 782 1397 Lipsiam
801 1325 836 1380 ed
853 1323 910 1380 hic.
925 1321 996 1376 Phil.
1010 1317 1165 1384 Mulierum,
1185 1313 1245 1381 ejus
1264 1308 1419 1366 academiae
1437 1306 1543 1362 matbe-

185 1417 321 1486 maticnm,
340 1417 388 1485 qui
406 1415 555 1472 communis
574 1422 668 1470 noster
685 1417 787 1472 amicus
806 1430 853 1470 eas
871 1431 927 1469 non
945 1410 1046 1466 inritus
1065 1407 1119 1462 bue
1137 1402 1252 1461 curabit.

289 1503 377 1572 enam
399 1503 525 1573 promisit
547 1503 683 1572 Keplerue
706 1502 915 1573 explicationem
936 1513 1036 1556 causae
1059 1491 1171 1550 cremati
1193 1487 1356 1557 Calendarii,
1370 1485 1443 1544 baua
1460 1481 1546 1542 tuine

186 1592 280 1648 refert:
311 1587 368 1646 Hic
391 1587 510 1664 (Lincii)
532 1589 738 1665 spargebatur,
768 1588 892 1648 flammis
916 1585 1023 1646 tradite
1045 1579 1225 1656 exemplaria
1246 1571 1413 1634 Celenderii
1436 1571 1546 1643 omnia,

187 1673 265 1752 quod
290 1682 359 1734 tunc
381 1675 444 1735 fieri
466 1692 524 1736 non
554 1679 667 1752 potuit,
692 1694 756 1736 cum
786 1675 868 1735 nulla
890 1673 1063 1750 scripserim.
1109 1667 1182 1727 Post
1204 1664 1313 1724 facturn
1337 1667 1381 1720 ιιι
1402 1658 1546 1734 superiori

74 1773 77 1780 '
187 1763 341 1824 Decembri
364 1767 393 1821 in
417 1763 525 1840 Styrie,
549 1763 660 1823 nnllum
684 1765 722 1824 ob
745 1764 983 1840 Prognostioum,
1007 1758 1059 1819 sed
1084 1757 1155 1832 quia
1177 1751 1214 1813 de
1236 1747 1447 1829 praecellentia
1473 1761 1546 1806 cou-

186 1850 309 1910 tendnnt
338 1853 522 1926 provinciae,
555 1868 679 1929 quarum
710 1854 738 1911 in
769 1851 854 1910 titulo
882 1849 915 1908 fit
943 1849 1069 1918 mentio,
1100 1859 1166 1904 eum
1194 1857 1249 1915 ego
1277 1835 1545 1913 Sept-Anisenam,

188 1941 233 1998 cui
257 1941 368 2011 servio,
392 1941 621 2016 proposuissem.
659 1939 717 1999 Hie
738 1941 846 2014 privati
862 1937 964 2013 aliqui,
987 1942 1145 2010 antequam
1167 1945 1213 1988 ree
1229 1925 1267 1986 ad
1283 1940 1389 2001 corpus
1405 1918 1547 1980 Ordinum
1656 1921 1662 1948 ⁸

188 2026 299 2099 deleta,
329 2026 540 2102 praejudicium
571 2028 627 2087 hoo
656 2029 763 2102 insigni
792 2032 820 2086 et
851 2025 965 2086 solenni
993 2029 1061 2082 actu
1088 2013 1266 2078 abolendum
1288 2015 1462 2072 statuerunt.
1507 2007 1549 2068 Αι

188 2130 293 2190 corpus
315 2115 411 2190 ipsum
436 2112 578 2174 Ordinem
606 2131 658 2192 pro
683 2114 866 2174 dedicatione
889 2111 1024 2188 Mystcrii
1053 2113 1114 2168 300
1138 2103 1208 2163 mibi
1236 2101 1363 2162 florenos
1393 2095 1548 2156 doemunt.

187 2200 273 2261 Hanc
288 2209 319 2260 tu
335 2219 457 2260 causans
471 2202 560 2262 cladis
573 2202 746 2274 chartarum,
760 2219 811 2279 per
826 2218 858 2261 se
875 2199 964 2276 paulo
980 2202 1048 2274 post
1062 2195 1264 2272 periturarum,
1278 2187 1405 2249 olfacere
1418 2199 1478 2244 uon
1489 2201 1548 2260 po·

189 2291 279 2348 fuisti.
302 2288 553 2365 Hactenusigitur
566 2292 623 2348 vici
639 2290 762 2350 diversis
775 2290 841 2363 viis,
854 2289 949 2348 Deum
960 2300 1072 2362 precor,
1089 2289 1123 2341 ut
1134 2297 1181 2340 me
1191 2293 1277 2356 porro
1288 2289 1408 2351 quicque
1421 2279 1548 2334 tueatur.

292 2377 339 2438 De
361 2376 500 2454 Philippo
524 2377 666 2451 bitillero,
690 2377 838 2437 literarum
862 2381 1026 2435 nostrarum
1049 2375 1201 2447 sequestro
1224 2357 1446 2433 constituendo,
1470 2365 1548 2420 ιιιιι

189 2481 300 2524 mones.
347 2465 382 2524 Ei
406 2482 461 2540 ego
484 2457 561 2525 eddo
585 2464 708 2525 alterum
732 2464 866 2524 Viennae
888 2461 1074 2532 residentem,
1097 2456 1223 2522 Saxonis
1245 2451 1388 2514 Eiectoris
1411 2454 1548 2522 egentem

189 2551 238 2612 Jo.
255 2551 429 2627 Zeidlerurn,
446 2553 554 2612 dictum
570 2552 734 2626 Hofmenn,
751 2560 784 2612 ut
799 2551 901 2628 Lipsia
915 2551 1060 2610 Viennam
1076 2553 1145 2606 tues
1160 2543 1322 2601 mittentur.
1347 2537 1453 2612 Cogito
1470 2536 1548 2594 enim

191 2640 335 2702 Viennam
350 2643 399 2715 ire,
424 2647 476 2700 aut
498 2643 522 2700 si
537 2657 595 2700 non
620 2658 694 2714 earn,
718 2642 774 2700 iste
797 2639 914 2698 Vienna
937 2635 976 2697 ed
999 2651 1046 2694 me
1068 2635 1174 2692 mittet.
1206 2627 1549 2699 theophanaempt.)

259 2773 262 2782 ι
294 2741 394 2796 Editus
413 2746 455 2795 cst
473 2741 525 2795 boc
542 2755 614 2794 enno
634 2741 749 2795 Canon
767 2738 1074 2807 legarithmornm,
1091 2715 1132 2784 xde
1152 2743 1206 2797 qua
1224 2725 1343 2781 editione
1367 2722 1437 2778 haee
1454 2734 1549 2776 occur·

191 2833 255 2882 runt
272 2827 300 2882 in
321 2828 435 2897 liepleri
453 2827 621 2896 praelatione
637 2828 673 2883 ad
693 2827 829 2884 deiodie
841 2825 1073 2895 Suppicrnerrtom,
1093 2815 1166 2887 qnod
1184 2827 1255 2868 anno
1267 2808 1420 2880 posteriore
1432 2805 1548 2876 prodiit:

193 2911 329 2974 chiliade
358 2931 424 2971 cnm
457 2911 704 2971 demonstratione
734 2920 767 2969 ut
793 2913 919 2987 primum
949 2906 1079 2984 perfecta
1104 2901 1161 2960 fuit
1183 2895 1331 2956 transmisi
1354 2893 1458 2952 Lineio
1479 2897 1549 2952 tan-

193 3020 281 3079 quam
304 2999 343 3060 ad
365 3000 538 3077 Philippum
554 2998 776 3074 Landgravium
791 2998 929 3070 liesdac,
953 2993 1005 3054 se'd
1028 3009 1079 3069 per
1101 2987 1243 3060 ambages
1265 2984 1410 3053 itinerum,
1434 2981 1463 3036 iu
1479 2978 1550 3054 qni·

194 3093 247 3152 bus
270 3088 389 3151 libellus
412 3087 508 3148 haesit
532 3089 560 3144 in
586 3090 704 3146 tertium
727 3104 836 3146 aunum
859 3100 964 3160 usque.
995 3081 1070 3156 Spes
1093 3071 1237 3136 interdum
1260 3068 1379 3142 affulsit,
1405 3063 1549 3128 cauato

195 3177 466 3255 Logaritfrrnornm
491 3191 631 3234 excusum
654 3176 689 3232 iri
714 3192 783 3234 cura
805 3175 974 3250 peritorum,
997 3167 1049 3228 sed
1073 3183 1109 3226 ea
1130 3158 1255 3220 subinde
1277 3160 1382 3216 iterum
1405 3153 1550 3215 exstincta

194 3268 257 3328 fuit.
311 3265 417 3339 Iteqne
450 3263 562 3322 refrixit
595 3264 683 3321 etiarn
717 3262 796 3338 apud
829 3279 876 3321 me
908 3258 1037 3320 studium
1068 3248 1160 3313 libelli
1194 3244 1365 3308 exornandi.
1416 3239 1562 3302 Tandem·

196 3364 338 3424 tantumno
360 3345 488 3424 lbissj‘in
512 3367 616 3432 manus
640 3351 755 3427 patroni
778 3351 824 3408 sui
848 3347 1035 3406 illustrissimi
1058 3337 1202 3419 perlatus,
1232 3350 1279 3395 me
1306 3332 1424 3408 penitae
1445 3331 1549 3406 ignaro

194 3461 249 3504 nec
272 3445 431 3521 quicquam
453 3435 512 3499 talc
535 3439 690 3514 opinante,
716 3439 794 3514 typis
817 3434 973 3494 mandatus
996 3432 1066 3502 fuit,
1094 3433 1128 3486 ut
1149 3426 1230 3501 prins
1254 3438 1290 3482 ex
1312 3417 1450 3496 catalogo
1472 3432 1550 3476 nun-

196 3531 329 3591 dinarum
352 3527 649 3598 francofurtensium,
674 3541 762 3600 quam
778 3542 814 3583 ex
830 3523 921 3583 literis
938 3518 1014 3580 Cela.
1030 3526 1099 3577 tuae
1114 3514 1202 3592 (quas
1217 3505 1384 3571 adhucdum
1399 3507 1431 3585 iu
1446 3505 1551 3566 itinere

196 3637 261 3680 esse
284 3635 377 3694 nuper
399 3613 557 3674 admodum
580 3612 709 3689 resciri),
733 3610 804 3688 quid
827 3616 961 3686 ageretur
983 3603 1173 3685 perceperim.

299 3719 332 3772 In
354 3713 524 3787 praefatione
549 3711 584 3767 ad
610 3710 707 3766 librum
734 3725 815 3780 quem
839 3707 979 3777 inscripsit
1005 3703 1141 3774 Keplerua
1166 3696 1304 3770 Tychottt'a
1325 3693 1550 3766 Hyperatpittea,

196 3809 299 3877 scripta
318 3822 340 3860 c.
359 3804 440 3859 finem
460 3801 525 3856 enni
545 3799 621 3868 teil,
640 3799 769 3869 legimns:
793 3791 1022 3870 Antitycbonem
1039 3783 1232 3846 Claramoutii
1248 3786 1316 3840 ante
1333 3783 1351 3840 d
1368 3793 1462 3838 annos
1485 3774 1551 3836 edi·

196 3902 257 3952 turn
280 3889 392 3950 tardius
423 3885 542 3964 quidem
573 3902 661 3959 quem
693 3883 800 3943 vellem
824 3890 854 3942 et
877 3877 1027 3938 auditione
1051 3883 1079 3934 et
1103 3871 1197 3932 oculis
1228 3868 1388 3943 usurpavi,
1419 3874 1573 3946 tempore!

196 3989 294 4039 tamen
318 3976 576 4054 opportunissimo,
600 3991 675 4046 eum,
700 3969 845 4032 absolutis
867 3965 985 4027 undem
1014 3961 1139 4022 Tabulis
1153 3955 1367 4031 Redolpbinie,
1390 3951 1428 4014 de
1450 3965 1551 4011 earnm

197 4067 325 4128 editione
349 4065 387 4124 ed
410 4064 620 4140 imperatorem
643 4059 820 4132 retulissem,
843 4055 1000 4122 vacatione
1023 4051 1139 4108 interim
1163 4043 1256 4106 oculis
1272 4056 1431 4116 eorumque
1446 4037 1549 4098 morbo

196 4163 281 4232 parto
304 4172 323 4214 ι
344 4153 443 4213 studio
466 4149 652 4222 gravissimo,
676 4149 796 4222 otioque
822 4143 891 4204 defo
916 4148 945 4203 ιι
968 4133 1168 4216 cognoscendi
1189 4132 1298 4193 librum
1321 4144 1412 4204 opera
1432 4124 1550 4186 lectoria

196 4253 226 4304 et
248 4241 387 4314 dictandi,
411 4239 482 4316 quid
505 4253 651 4312 supereo
675 4234 832 4294 videretur.
1528 4240 1532 4252 ·

301 4339 486 4397 Schichardue
505 4337 590 4393 refert
609 4333 798 4402 (Februario),
822 4329 961 4399 accepisse
988 4342 1017 4381 se
1037 4317 1228 4382 Calendarium
1245 4312 1358 4384 liepleri
1376 4317 1405 4368 et
1423 4308 1551 4376 ,comm-

196 4435 316 4489 sionem“
336 4431 375 4499 (v.
394 4445 419 4484 a.
438 4427 521 4493 1623)
546 4430 680 4492 rogatque
704 4429 735 4478 ut
753 4421 788 4477 ad
806 4419 994 4490 quaestionem
1017 4411 1199 4481 theologicam
1217 4405 1353 4477 quandam
1376 4398 1550 4471 respondeat

196 4524 256 4578 llac
281 4518 442 4590 quaestione
466 4521 556 4570 motus
581 4511 717 4581 Keplerns
745 4507 952 4577 responsionem
982 4503 1083 4558 Martio
1106 4511 1199 4554 mense
1223 4495 1395 4559 Berneggero
1424 4487 1552 4543 manami-

197 4611 231 4665 sit
249 4611 302 4664 bac
325 4607 420 4662 addita
441 4601 634 4659 instructione:
667 4594 806 4664 ,libellum
828 4593 965 4663 adjectum
993 4590 1040 4645 ubi
1067 4583 1216 4657 perlegeris
1246 4578 1351 4634 remitte
1379 4573 1550 4632 Schfehardo

197 4698 277 4766 eique
294 4693 383 4752 scriba
403 4693 474 4760 (nem
493 4687 625 4746 excludor
642 4683 775 4754 tempore)
794 4695 893 4752 rogere
910 4695 968 4746 me,
987 4685 1018 4732 ut
1036 4675 1081 4730 ille
1098 4669 1182 4728 Falco
1202 4665 1275 4736 (Vll.
1296 4661 1358 4732 142)
1382 4661 1505 4718 libellum
1522 4659 1552 4718 fu

196 4783 284 4840 forma
301 4778 493 4851 disputationis
510 4775 619 4847 publice
636 4775 787 4843 proponat‘
808 4775 860 4826 ιιι.
898 4763 1052 4835 Septembri
1071 4757 1183 4816 nunciet
1200 4750 1399 4820 Schicherdus,
1419 4749 1551 4819 legerith·

197 4887 256 4928 mos
269 4883 332 4926 esse
344 4864 487 4940 blarpurgi
500 4876 625 4934 excusos,
644 4859 745 4916 vidisse
757 4874 788 4916 se
800 4858 883 4916 etiam
897 4851 1060 4924 „uindiciast
1079 4841 1191 4914 chleri
1202 4837 1375 4912 Tyobonicaa
1387 4843 1416 4894 et
1426 4835 1550 4907 ruam,
