<?xml version="1.0" encoding="UTF-8"?>
<!DOCTYPE html PUBLIC "-//W3C//DTD XHTML 1.0 Transitional//EN"
    "http://www.w3.org/TR/xhtml1/DTD/xhtml1-transitional.dtd">
<html xmlns="http://www.w3.org/1999/xhtml" xml:lang="en" lang="en">
 <head>
  <title>
</title>
<meta http-equiv="Content-Type" content="text/html;charset=utf-8" />
  <meta name='ocr-system' content='tesseract 3.04.00' />
  <meta name='ocr-capabilities' content='ocr_page ocr_carea ocr_par ocr_line ocrx_word'/>
</head>
<body>
  <div class='ocr_page' id='page_1' title='image "./joanniskepleria25frisgoog_0394.png"; bbox 0 0 3588 5540; ppageno 0'>
   <div class='ocr_carea' id='block_1_1' title="bbox 706 415 1537 492">
    <p class='ocr_par' dir='ltr' id='par_1_1' title="bbox 706 415 1537 492">
     <span class='ocr_line' id='line_1_1' title="bbox 706 415 1537 492; baseline -0.002 -16"><span class='ocrx_word' id='word_1_1' title='bbox 706 417 749 476; x_wconf 85' lang='lat' dir='ltr'><strong>Do</strong></span> <span class='ocrx_word' id='word_1_2' title='bbox 766 417 880 492; x_wconf 81' lang='lat' dir='ltr'><strong>Kepleri</strong></span> <span class='ocrx_word' id='word_1_3' title='bbox 896 417 1009 478; x_wconf 81' lang='grc'>18181118.</span> <span class='ocrx_word' id='word_1_4' title='bbox 1210 419 1215 429; x_wconf 91' lang='grc'><em>’</em></span> <span class='ocrx_word' id='word_1_5' title='bbox 1473 415 1537 490; x_wconf 82' lang='grc'><strong>935</strong></span> 
     </span>
    </p>
   </div>
   <div class='ocr_carea' id='block_1_2' title="bbox 178 594 1538 1117">
    <p class='ocr_par' dir='ltr' id='par_1_2' title="bbox 178 594 1538 1117">
     <span class='ocr_line' id='line_1_2' title="bbox 182 594 1538 680; baseline 0.003 -24"><span class='ocrx_word' id='word_1_6' title='bbox 182 598 293 671; x_wconf 89' lang='lat' dir='ltr'><strong>manni,</strong></span> <span class='ocrx_word' id='word_1_7' title='bbox 318 599 368 674; x_wconf 87' lang='lat' dir='ltr'><strong>qui</strong></span> <span class='ocrx_word' id='word_1_8' title='bbox 391 598 419 656; x_wconf 88' lang='lat' dir='ltr'><strong>in</strong></span> <span class='ocrx_word' id='word_1_9' title='bbox 443 594 579 678; x_wconf 81' lang='lat' dir='ltr'><strong>Eltingae</strong></span> <span class='ocrx_word' id='word_1_10' title='bbox 602 611 680 678; x_wconf 85' lang='lat' dir='ltr'><strong>pago</strong></span> <span class='ocrx_word' id='word_1_11' title='bbox 702 615 792 679; x_wconf 89' lang='grc'>81888</span> <span class='ocrx_word' id='word_1_12' title='bbox 815 599 986 678; x_wconf 86' lang='lat' dir='ltr'><strong>Laebergae</strong></span> <span class='ocrx_word' id='word_1_13' title='bbox 1008 600 1110 662; x_wconf 90' lang='lat' dir='ltr'><strong>urbem</strong></span> <span class='ocrx_word' id='word_1_14' title='bbox 1131 601 1188 661; x_wconf 87' lang='grc'>8118</span> <span class='ocrx_word' id='word_1_15' title='bbox 1211 617 1375 680; x_wconf 84' lang='lat' dir='ltr'><strong>cauponam</strong></span> <span class='ocrx_word' id='word_1_16' title='bbox 1397 599 1476 660; x_wconf 91' lang='lat' dir='ltr'><strong>idem</strong></span> <span class='ocrx_word' id='word_1_17' title='bbox 1507 607 1538 662; x_wconf 88' lang='grc'><strong>81</strong></span> 
     </span>
     <span class='ocr_line' id='line_1_3' title="bbox 181 685 1536 765; baseline 0.005 -23"><span class='ocrx_word' id='word_1_18' title='bbox 181 685 390 764; x_wconf 79' lang='lat' dir='ltr'><strong>praefecturam</strong></span> <span class='ocrx_word' id='word_1_19' title='bbox 423 685 536 747; x_wconf 89' lang='lat' dir='ltr'><strong>babuit.</strong></span> <span class='ocrx_word' id='word_1_20' title='bbox 580 687 756 748; x_wconf 79' lang='lat' dir='ltr'><strong>Praesertim</strong></span> <span class='ocrx_word' id='word_1_21' title='bbox 786 689 921 764; x_wconf 87' lang='lat' dir='ltr'><strong>conjugis</strong></span> <span class='ocrx_word' id='word_1_22' title='bbox 949 687 1017 748; x_wconf 85' lang='lat' dir='ltr'><strong>dote</strong></span> <span class='ocrx_word' id='word_1_23' title='bbox 1049 688 1167 764; x_wconf 75' lang='lat' dir='ltr'><strong>adiutus</strong></span> <span class='ocrx_word' id='word_1_24' title='bbox 1196 688 1340 749; x_wconf 89' lang='lat' dir='ltr'><strong>Henricus</strong></span> <span class='ocrx_word' id='word_1_25' title='bbox 1365 687 1536 765; x_wconf 82' lang='lat' dir='ltr'><strong>Leobcrgaa</strong></span> 
     </span>
     <span class='ocr_line' id='line_1_4' title="bbox 183 772 1536 854; baseline 0.001 -20"><span class='ocrx_word' id='word_1_26' title='bbox 183 780 212 834; x_wconf 88' lang='grc'><strong>81</strong></span> <span class='ocrx_word' id='word_1_27' title='bbox 234 772 351 832; x_wconf 87' lang='lat' dir='ltr'><strong>domurn</strong></span> <span class='ocrx_word' id='word_1_28' title='bbox 376 779 405 834; x_wconf 90' lang='grc'><strong>81</strong></span> <span class='ocrx_word' id='word_1_29' title='bbox 427 791 514 850; x_wconf 87' lang='lat' dir='ltr'><strong>agros</strong></span> <span class='ocrx_word' id='word_1_30' title='bbox 536 775 592 834; x_wconf 91' lang='lat' dir='ltr'><strong>sibi</strong></span> <span class='ocrx_word' id='word_1_31' title='bbox 616 777 769 852; x_wconf 81' lang='lat' dir='ltr'><strong>paravisse</strong></span> <span class='ocrx_word' id='word_1_32' title='bbox 792 776 923 850; x_wconf 87' lang='lat' dir='ltr'><strong>videtur,</strong></span> <span class='ocrx_word' id='word_1_33' title='bbox 948 791 1022 851; x_wconf 91' lang='lat' dir='ltr'><strong>qnos</strong></span> <span class='ocrx_word' id='word_1_34' title='bbox 1044 783 1159 835; x_wconf 89' lang='lat' dir='ltr'><strong>mortuo</strong></span> <span class='ocrx_word' id='word_1_35' title='bbox 1173 779 1277 836; x_wconf 87' lang='lat' dir='ltr'><strong>marito</strong></span> <span class='ocrx_word' id='word_1_36' title='bbox 1301 783 1447 836; x_wconf 88' lang='grc'>81118181</span> <span class='ocrx_word' id='word_1_37' title='bbox 1470 779 1536 854; x_wconf 88' lang='lat' dir='ltr'><strong>ipsa</strong></span> 
     </span>
     <span class='ocr_line' id='line_1_5' title="bbox 186 859 1535 948; baseline 0.003 -28"><span class='ocrx_word' id='word_1_38' title='bbox 186 860 276 920; x_wconf 90' lang='lat' dir='ltr'><strong>coluit</strong></span> <span class='ocrx_word' id='word_1_39' title='bbox 298 869 328 920; x_wconf 90' lang='grc'><strong>81</strong></span> <span class='ocrx_word' id='word_1_40' title='bbox 349 862 456 921; x_wconf 88' lang='lat' dir='ltr'><strong>liberos</strong></span> <span class='ocrx_word' id='word_1_41' title='bbox 480 879 598 938; x_wconf 90' lang='lat' dir='ltr'><strong>quoque</strong></span> <span class='ocrx_word' id='word_1_42' title='bbox 621 862 870 940; x_wconf 87' lang='lat' dir='ltr'><strong>(Margarctham,</strong></span> <span class='ocrx_word' id='word_1_43' title='bbox 893 862 1055 936; x_wconf 87' lang='lat' dir='ltr'><strong>Joaunem,</strong></span> <span class='ocrx_word' id='word_1_44' title='bbox 1080 863 1253 938; x_wconf 90' lang='lat' dir='ltr'><strong>Henricum,</strong></span> <span class='ocrx_word' id='word_1_45' title='bbox 1278 859 1535 948; x_wconf 73' lang='lat' dir='ltr'><strong>christophorum)</strong></span> 
     </span>
     <span class='ocr_line' id='line_1_6' title="bbox 178 949 1535 1029; baseline 0.004 -22"><span class='ocrx_word' id='word_1_46' title='bbox 178 949 240 1025; x_wconf 89' lang='lat' dir='ltr'><strong>jam</strong></span> <span class='ocrx_word' id='word_1_47' title='bbox 263 949 330 1007; x_wconf 90' lang='lat' dir='ltr'><strong>inde</strong></span> <span class='ocrx_word' id='word_1_48' title='bbox 354 951 492 1026; x_wconf 88' lang='grc'>8888118</span> <span class='ocrx_word' id='word_1_49' title='bbox 515 949 711 1026; x_wconf 84' lang='lat' dir='ltr'><strong>agriculturae</strong></span> <span class='ocrx_word' id='word_1_50' title='bbox 733 951 900 1011; x_wconf 77' lang='lat' dir='ltr'><strong>assuefecit.</strong></span> <span class='ocrx_word' id='word_1_51' title='bbox 932 949 1021 1010; x_wconf 88' lang='lat' dir='ltr'><strong>Pater</strong></span> <span class='ocrx_word' id='word_1_52' title='bbox 1043 953 1129 1023; x_wconf 87' lang='lat' dir='ltr'><strong>euim,</strong></span> <span class='ocrx_word' id='word_1_53' title='bbox 1152 951 1236 1026; x_wconf 75' lang='lat' dir='ltr'><strong>cuius</strong></span> <span class='ocrx_word' id='word_1_54' title='bbox 1251 953 1380 1010; x_wconf 88' lang='lat' dir='ltr'><strong>animum</strong></span> <span class='ocrx_word' id='word_1_55' title='bbox 1396 957 1535 1029; x_wconf 89' lang='grc'>88181188</span> 
     </span>
     <span class='ocr_line' id='line_1_7' title="bbox 181 1035 1533 1117; baseline 0.004 -23"><span class='ocrx_word' id='word_1_56' title='bbox 181 1035 348 1111; x_wconf 83' lang='lat' dir='ltr'><strong>opulentiae</strong></span> <span class='ocrx_word' id='word_1_57' title='bbox 370 1044 568 1115; x_wconf 84' lang='lat' dir='ltr'><strong>paternaeque</strong></span> <span class='ocrx_word' id='word_1_58' title='bbox 591 1039 619 1094; x_wconf 89' lang='lat' dir='ltr'><strong>in</strong></span> <span class='ocrx_word' id='word_1_59' title='bbox 636 1037 735 1097; x_wconf 90' lang='lat' dir='ltr'><strong>Wilae</strong></span> <span class='ocrx_word' id='word_1_60' title='bbox 753 1039 823 1098; x_wconf 89' lang='lat' dir='ltr'><strong>urbe</strong></span> <span class='ocrx_word' id='word_1_61' title='bbox 847 1039 1033 1098; x_wconf 82' lang='lat' dir='ltr'><strong>auctoritatis</strong></span> <span class='ocrx_word' id='word_1_62' title='bbox 1047 1039 1189 1099; x_wconf 91' lang='lat' dir='ltr'><strong>memoria</strong></span> <span class='ocrx_word' id='word_1_63' title='bbox 1211 1039 1333 1117; x_wconf 90' lang='lat' dir='ltr'><strong>subiret,</strong></span> <span class='ocrx_word' id='word_1_64' title='bbox 1356 1055 1421 1097; x_wconf 91' lang='lat' dir='ltr'><strong>cum</strong></span> <span class='ocrx_word' id='word_1_65' title='bbox 1438 1055 1533 1115; x_wconf 87' lang='lat' dir='ltr'><strong>neque</strong></span> 
     </span>
    </p>
   </div>
   <div class='ocr_carea' id='block_1_3' title="bbox 84 1123 1536 1204">
    <p class='ocr_par' dir='ltr' id='par_1_3' title="bbox 84 1123 1536 1204">
     <span class='ocr_line' id='line_1_8' title="bbox 84 1123 1536 1204; baseline 0.002 -21"><span class='ocrx_word' id='word_1_66' title='bbox 84 1163 85 1166; x_wconf 26' lang='grc'>1</span> <span class='ocrx_word' id='word_1_67' title='bbox 180 1123 286 1192; x_wconf 88' lang='lat' dir='ltr'><strong>Wilae,</strong></span> <span class='ocrx_word' id='word_1_68' title='bbox 310 1140 369 1199; x_wconf 90' lang='lat' dir='ltr'><strong>qua</strong></span> <span class='ocrx_word' id='word_1_69' title='bbox 391 1127 420 1182; x_wconf 93' lang='lat' dir='ltr'><strong>in</strong></span> <span class='ocrx_word' id='word_1_70' title='bbox 437 1125 507 1184; x_wconf 91' lang='lat' dir='ltr'><strong>urbe</strong></span> <span class='ocrx_word' id='word_1_71' title='bbox 524 1127 709 1184; x_wconf 89' lang='lat' dir='ltr'><strong>matrimonio</strong></span> <span class='ocrx_word' id='word_1_72' title='bbox 725 1128 797 1185; x_wconf 91' lang='lat' dir='ltr'><strong>inito</strong></span> <span class='ocrx_word' id='word_1_73' title='bbox 813 1125 996 1203; x_wconf 90' lang='lat' dir='ltr'><strong>aliquantum</strong></span> <span class='ocrx_word' id='word_1_74' title='bbox 1021 1127 1160 1203; x_wconf 86' lang='lat' dir='ltr'><strong>temporis</strong></span> <span class='ocrx_word' id='word_1_75' title='bbox 1182 1125 1336 1198; x_wconf 84' lang='lat' dir='ltr'><strong>habitarit,</strong></span> <span class='ocrx_word' id='word_1_76' title='bbox 1359 1143 1455 1203; x_wconf 87' lang='lat' dir='ltr'><strong>nequa</strong></span> <span class='ocrx_word' id='word_1_77' title='bbox 1478 1141 1536 1204; x_wconf 89' lang='grc'><strong>88-</strong></span> 
     </span>
    </p>
   </div>
   <div class='ocr_carea' id='block_1_4' title="bbox 163 1195 1568 4264">
    <p class='ocr_par' dir='ltr' id='par_1_4' title="bbox 170 1195 1568 3214">
     <span class='ocr_line' id='line_1_9' title="bbox 180 1195 1533 1291; baseline 0.003 -21"><span class='ocrx_word' id='word_1_78' title='bbox 180 1218 243 1271; x_wconf 89' lang='grc'>8188</span> <span class='ocrx_word' id='word_1_79' title='bbox 267 1210 451 1288; x_wconf 82' lang='lat' dir='ltr'><strong>Leobergae,</strong></span> <span class='ocrx_word' id='word_1_80' title='bbox 481 1228 577 1288; x_wconf 90' lang='lat' dir='ltr'><strong>neque</strong></span> <span class='ocrx_word' id='word_1_81' title='bbox 602 1195 828 1289; x_wconf 75' lang='lat' dir='ltr'><strong>Elmebdiugae,</strong></span> <span class='ocrx_word' id='word_1_82' title='bbox 861 1229 921 1291; x_wconf 89' lang='lat' dir='ltr'><strong>quo</strong></span> <span class='ocrx_word' id='word_1_83' title='bbox 951 1211 1030 1273; x_wconf 85' lang='lat' dir='ltr'><strong>laete</strong></span> <span class='ocrx_word' id='word_1_84' title='bbox 1059 1215 1171 1290; x_wconf 88' lang='lat' dir='ltr'><strong>majora</strong></span> <span class='ocrx_word' id='word_1_85' title='bbox 1204 1213 1338 1273; x_wconf 88' lang='grc'>18111188</span> <span class='ocrx_word' id='word_1_86' title='bbox 1357 1213 1474 1289; x_wconf 78' lang='lat' dir='ltr'><strong>jactura</strong></span> <span class='ocrx_word' id='word_1_87' title='bbox 1496 1231 1533 1274; x_wconf 87' lang='lat' dir='ltr'><strong>ex</strong></span> 
     </span>
     <span class='ocr_line' id='line_1_10' title="bbox 179 1298 1533 1378; baseline -0.001 -15"><span class='ocrx_word' id='word_1_88' title='bbox 179 1298 333 1374; x_wconf 72' lang='lat' dir='ltr'><strong>beouerga</strong></span> <span class='ocrx_word' id='word_1_89' title='bbox 355 1299 496 1359; x_wconf 79' lang='lat' dir='ltr'><strong>familiam</strong></span> <span class='ocrx_word' id='word_1_90' title='bbox 519 1301 722 1374; x_wconf 87' lang='lat' dir='ltr'><strong>transtulerat,</strong></span> <span class='ocrx_word' id='word_1_91' title='bbox 753 1304 781 1358; x_wconf 93' lang='grc'><strong>18</strong></span> <span class='ocrx_word' id='word_1_92' title='bbox 805 1317 922 1360; x_wconf 90' lang='lat' dir='ltr'><strong>suarum</strong></span> <span class='ocrx_word' id='word_1_93' title='bbox 951 1317 1046 1361; x_wconf 90' lang='lat' dir='ltr'><strong>rerum</strong></span> <span class='ocrx_word' id='word_1_94' title='bbox 1075 1301 1221 1378; x_wconf 86' lang='lat' dir='ltr'><strong>angustiis</strong></span> <span class='ocrx_word' id='word_1_95' title='bbox 1243 1305 1272 1360; x_wconf 90' lang='grc'><strong>81</strong></span> <span class='ocrx_word' id='word_1_96' title='bbox 1295 1302 1457 1378; x_wconf 84' lang='lat' dir='ltr'><strong>exiguitate</strong></span> <span class='ocrx_word' id='word_1_97' title='bbox 1480 1310 1533 1362; x_wconf 75' lang='grc'><strong>88-</strong></span> 
     </span>
     <span class='ocr_line' id='line_1_11' title="bbox 180 1387 1534 1466; baseline 0.004 -22"><span class='ocrx_word' id='word_1_98' title='bbox 180 1387 330 1461; x_wconf 85' lang='lat' dir='ltr'><strong>quiescere</strong></span> <span class='ocrx_word' id='word_1_99' title='bbox 352 1395 466 1464; x_wconf 87' lang='lat' dir='ltr'><strong>posset,</strong></span> <span class='ocrx_word' id='word_1_100' title='bbox 489 1387 613 1465; x_wconf 89' lang='lat' dir='ltr'><strong>primum</strong></span> <span class='ocrx_word' id='word_1_101' title='bbox 637 1405 660 1448; x_wconf 91' lang='lat' dir='ltr'><strong>c.</strong></span> <span class='ocrx_word' id='word_1_102' title='bbox 684 1405 711 1448; x_wconf 91' lang='grc'><strong>8.</strong></span> <span class='ocrx_word' id='word_1_103' title='bbox 738 1393 820 1448; x_wconf 82' lang='grc'>1874</span> <span class='ocrx_word' id='word_1_104' title='bbox 847 1388 1045 1466; x_wconf 88' lang='lat' dir='ltr'><strong>Hispanorum</strong></span> <span class='ocrx_word' id='word_1_105' title='bbox 1066 1396 1098 1449; x_wconf 87' lang='lat' dir='ltr'><strong>et</strong></span> <span class='ocrx_word' id='word_1_106' title='bbox 1121 1389 1342 1448; x_wconf 69' lang='lat' dir='ltr'><strong>austriacorum</strong></span> <span class='ocrx_word' id='word_1_107' title='bbox 1365 1395 1461 1448; x_wconf 89' lang='lat' dir='ltr'><strong>castra</strong></span> <span class='ocrx_word' id='word_1_108' title='bbox 1484 1406 1534 1450; x_wconf 89' lang='lat' dir='ltr'><strong>se-</strong></span> 
     </span>
     <span class='ocr_line' id='line_1_12' title="bbox 179 1473 1533 1550; baseline 0.004 -19"><span class='ocrx_word' id='word_1_109' title='bbox 179 1480 263 1532; x_wconf 88' lang='lat' dir='ltr'><strong>cutus</strong></span> <span class='ocrx_word' id='word_1_110' title='bbox 286 1479 339 1533; x_wconf 88' lang='lat' dir='ltr'><strong>est.</strong></span> <span class='ocrx_word' id='word_1_111' title='bbox 385 1473 547 1550; x_wconf 88' lang='lat' dir='ltr'><strong>Postquam</strong></span> <span class='ocrx_word' id='word_1_112' title='bbox 570 1481 669 1534; x_wconf 90' lang='lat' dir='ltr'><strong>autem</strong></span> <span class='ocrx_word' id='word_1_113' title='bbox 692 1481 821 1536; x_wconf 80' lang='grc'>81519</span> <span class='ocrx_word' id='word_1_114' title='bbox 846 1475 966 1535; x_wconf 90' lang='lat' dir='ltr'><strong>domum</strong></span> <span class='ocrx_word' id='word_1_115' title='bbox 989 1479 1118 1548; x_wconf 83' lang='lat' dir='ltr'><strong>revertit,</strong></span> <span class='ocrx_word' id='word_1_116' title='bbox 1141 1475 1218 1536; x_wconf 90' lang='lat' dir='ltr'><strong>adeo</strong></span> <span class='ocrx_word' id='word_1_117' title='bbox 1241 1491 1300 1535; x_wconf 93' lang='grc'><strong>181</strong></span> <span class='ocrx_word' id='word_1_118' title='bbox 1323 1482 1401 1536; x_wconf 90' lang='grc'>88118</span> <span class='ocrx_word' id='word_1_119' title='bbox 1425 1491 1480 1534; x_wconf 88' lang='grc'><strong>818</strong></span> <span class='ocrx_word' id='word_1_120' title='bbox 1503 1484 1533 1537; x_wconf 89' lang='grc'><strong>81</strong></span> 
     </span>
     <span class='ocr_line' id='line_1_13' title="bbox 179 1560 1563 1643; baseline 0.001 -24"><span class='ocrx_word' id='word_1_121' title='bbox 179 1561 265 1620; x_wconf 88' lang='lat' dir='ltr'><strong>rebus</strong></span> <span class='ocrx_word' id='word_1_122' title='bbox 288 1560 455 1621; x_wconf 88' lang='lat' dir='ltr'><strong>domesticis</strong></span> <span class='ocrx_word' id='word_1_123' title='bbox 479 1569 633 1622; x_wconf 89' lang='lat' dir='ltr'><strong>contentus</strong></span> <span class='ocrx_word' id='word_1_124' title='bbox 665 1570 741 1636; x_wconf 89' lang='lat' dir='ltr'><strong>erat,</strong></span> <span class='ocrx_word' id='word_1_125' title='bbox 772 1570 805 1622; x_wconf 91' lang='lat' dir='ltr'><strong>ut</strong></span> <span class='ocrx_word' id='word_1_126' title='bbox 835 1565 889 1624; x_wconf 91' lang='lat' dir='ltr'><strong>sub</strong></span> <span class='ocrx_word' id='word_1_127' title='bbox 913 1581 1021 1624; x_wconf 91' lang='lat' dir='ltr'><strong>annum</strong></span> <span class='ocrx_word' id='word_1_128' title='bbox 1047 1569 1129 1626; x_wconf 83' lang='grc'>1889</span> <span class='ocrx_word' id='word_1_129' title='bbox 1157 1566 1263 1622; x_wconf 88' lang='lat' dir='ltr'><strong>iterum</strong></span> <span class='ocrx_word' id='word_1_130' title='bbox 1290 1565 1414 1640; x_wconf 88' lang='lat' dir='ltr'><strong>patriam</strong></span> <span class='ocrx_word' id='word_1_131' title='bbox 1442 1562 1563 1643; x_wconf 60' lang='grc' dir='ltr'><strong>18118-ι</strong></span> 
     </span>
     <span class='ocr_line' id='line_1_14' title="bbox 178 1649 1531 1729; baseline 0.002 -23"><span class='ocrx_word' id='word_1_132' title='bbox 178 1655 281 1726; x_wconf 90' lang='lat' dir='ltr'><strong>queret</strong></span> <span class='ocrx_word' id='word_1_133' title='bbox 302 1651 365 1709; x_wconf 92' lang='lat' dir='ltr'><strong>sinc</strong></span> <span class='ocrx_word' id='word_1_134' title='bbox 395 1649 500 1708; x_wconf 89' lang='lat' dir='ltr'><strong>reditu.</strong></span> <span class='ocrx_word' id='word_1_135' title='bbox 548 1649 639 1726; x_wconf 88' lang='lat' dir='ltr'><strong>Cujus</strong></span> <span class='ocrx_word' id='word_1_136' title='bbox 663 1650 699 1711; x_wconf 92' lang='lat' dir='ltr'><strong>de</strong></span> <span class='ocrx_word' id='word_1_137' title='bbox 721 1651 838 1710; x_wconf 89' lang='lat' dir='ltr'><strong>lortuna</strong></span> <span class='ocrx_word' id='word_1_138' title='bbox 865 1654 1025 1729; x_wconf 89' lang='lat' dir='ltr'><strong>posteriore</strong></span> <span class='ocrx_word' id='word_1_139' title='bbox 1048 1669 1084 1711; x_wconf 87' lang='lat' dir='ltr'><strong>err</strong></span> <span class='ocrx_word' id='word_1_140' title='bbox 1108 1653 1198 1710; x_wconf 86' lang='lat' dir='ltr'><strong>variis</strong></span> <span class='ocrx_word' id='word_1_141' title='bbox 1225 1649 1335 1710; x_wconf 89' lang='lat' dir='ltr'><strong>tabulis</strong></span> <span class='ocrx_word' id='word_1_142' title='bbox 1365 1650 1531 1726; x_wconf 86' lang='lat' dir='ltr'><strong>gentiliciis,</strong></span> 
     </span>
     <span class='ocr_line' id='line_1_15' title="bbox 178 1737 1568 1822; baseline 0.003 -28"><span class='ocrx_word' id='word_1_143' title='bbox 178 1753 254 1812; x_wconf 88' lang='lat' dir='ltr'><strong>quac</strong></span> <span class='ocrx_word' id='word_1_144' title='bbox 277 1737 364 1796; x_wconf 90' lang='lat' dir='ltr'><strong>nobie</strong></span> <span class='ocrx_word' id='word_1_145' title='bbox 386 1737 484 1796; x_wconf 90' lang='lat' dir='ltr'><strong>aditae</strong></span> <span class='ocrx_word' id='word_1_146' title='bbox 507 1744 584 1807; x_wconf 90' lang='lat' dir='ltr'><strong>sunt,</strong></span> <span class='ocrx_word' id='word_1_147' title='bbox 608 1737 679 1795; x_wconf 90' lang='lat' dir='ltr'><strong>nibil</strong></span> <span class='ocrx_word' id='word_1_148' title='bbox 704 1745 883 1816; x_wconf 89' lang='lat' dir='ltr'><strong>compertum</strong></span> <span class='ocrx_word' id='word_1_149' title='bbox 906 1747 960 1799; x_wconf 89' lang='lat' dir='ltr'><strong>est.</strong></span> <span class='ocrx_word' id='word_1_150' title='bbox 990 1739 1076 1799; x_wconf 89' lang='lat' dir='ltr'><strong>Hanc</strong></span> <span class='ocrx_word' id='word_1_151' title='bbox 1092 1745 1243 1817; x_wconf 84' lang='lat' dir='ltr'><strong>paternam</strong></span> <span class='ocrx_word' id='word_1_152' title='bbox 1258 1753 1353 1814; x_wconf 80' lang='lat' dir='ltr'><strong>vagae</strong></span> <span class='ocrx_word' id='word_1_153' title='bbox 1368 1737 1531 1798; x_wconf 87' lang='lat' dir='ltr'><strong>liberioris·</strong></span> <span class='ocrx_word' id='word_1_154' title='bbox 1564 1814 1568 1822; x_wconf 22' lang='lat'>=</span> 
     </span>
     <span class='ocr_line' id='line_1_16' title="bbox 180 1824 1527 1905; baseline 0.001 -23"><span class='ocrx_word' id='word_1_155' title='bbox 180 1841 238 1900; x_wconf 91' lang='lat' dir='ltr'><strong>que</strong></span> <span class='ocrx_word' id='word_1_156' title='bbox 261 1825 342 1884; x_wconf 86' lang='lat' dir='ltr'><strong>vitae</strong></span> <span class='ocrx_word' id='word_1_157' title='bbox 365 1824 531 1902; x_wconf 88' lang='lat' dir='ltr'><strong>cupidinem</strong></span> <span class='ocrx_word' id='word_1_158' title='bbox 554 1824 700 1884; x_wconf 86' lang='lat' dir='ltr'><strong>Henricus</strong></span> <span class='ocrx_word' id='word_1_159' title='bbox 722 1825 800 1884; x_wconf 85' lang='lat' dir='ltr'><strong>iilius</strong></span> <span class='ocrx_word' id='word_1_160' title='bbox 824 1834 924 1904; x_wconf 75' lang='lat' dir='ltr'><strong>(natus</strong></span> <span class='ocrx_word' id='word_1_161' title='bbox 949 1829 1048 1901; x_wconf 81' lang='grc'>1818)</span> <span class='ocrx_word' id='word_1_162' title='bbox 1075 1844 1095 1885; x_wconf 88' lang='lat' dir='ltr'><strong>a</strong></span> <span class='ocrx_word' id='word_1_163' title='bbox 1117 1834 1198 1905; x_wconf 90' lang='lat' dir='ltr'><strong>patre</strong></span> <span class='ocrx_word' id='word_1_164' title='bbox 1229 1827 1379 1902; x_wconf 87' lang='lat' dir='ltr'><strong>accepisse</strong></span> <span class='ocrx_word' id='word_1_165' title='bbox 1402 1825 1527 1900; x_wconf 88' lang='lat' dir='ltr'><strong>ridetur,</strong></span> 
     </span>
     <span class='ocr_line' id='line_1_17' title="bbox 177 1910 1528 1990; baseline 0.001 -21"><span class='ocrx_word' id='word_1_166' title='bbox 177 1912 299 1987; x_wconf 91' lang='lat' dir='ltr'><strong>etquid</strong></span> <span class='ocrx_word' id='word_1_167' title='bbox 323 1910 469 1988; x_wconf 83' lang='lat' dir='ltr'><strong>chlerus</strong></span> <span class='ocrx_word' id='word_1_168' title='bbox 499 1914 562 1988; x_wconf 89' lang='grc'>1888</span> <span class='ocrx_word' id='word_1_169' title='bbox 586 1912 621 1972; x_wconf 91' lang='lat' dir='ltr'><strong>de</strong></span> <span class='ocrx_word' id='word_1_170' title='bbox 643 1913 739 1972; x_wconf 77' lang='lat' dir='ltr'><strong>fratris</strong></span> <span class='ocrx_word' id='word_1_171' title='bbox 762 1915 824 1972; x_wconf 86' lang='lat' dir='ltr'><strong>rita</strong></span> <span class='ocrx_word' id='word_1_172' title='bbox 847 1922 876 1975; x_wconf 90' lang='grc'><strong>81</strong></span> <span class='ocrx_word' id='word_1_173' title='bbox 903 1915 1020 1973; x_wconf 80' lang='lat' dir='ltr'><strong>fortuna</strong></span> <span class='ocrx_word' id='word_1_174' title='bbox 1043 1913 1164 1986; x_wconf 83' lang='lat' dir='ltr'><strong>dixerit,</strong></span> <span class='ocrx_word' id='word_1_175' title='bbox 1192 1913 1254 1990; x_wconf 89' lang='lat' dir='ltr'><strong>jam</strong></span> <span class='ocrx_word' id='word_1_176' title='bbox 1284 1930 1373 1990; x_wconf 88' lang='lat' dir='ltr'><strong>supra</strong></span> <span class='ocrx_word' id='word_1_177' title='bbox 1398 1916 1438 1986; x_wconf 85' lang='grc'><strong>(8.</strong></span> <span class='ocrx_word' id='word_1_178' title='bbox 1462 1917 1528 1986; x_wconf 87' lang='grc'>828)</span> 
     </span>
     <span class='ocr_line' id='line_1_18' title="bbox 176 1999 1531 2077; baseline 0.002 -20"><span class='ocrx_word' id='word_1_179' title='bbox 176 1999 339 2058; x_wconf 87' lang='lat' dir='ltr'><strong>retulimus.</strong></span> <span class='ocrx_word' id='word_1_180' title='bbox 379 1999 480 2074; x_wconf 91' lang='lat' dir='ltr'><strong>(Hunc</strong></span> <span class='ocrx_word' id='word_1_181' title='bbox 510 1999 670 2060; x_wconf 88' lang='lat' dir='ltr'><strong>Henricum</strong></span> <span class='ocrx_word' id='word_1_182' title='bbox 696 2001 850 2076; x_wconf 87' lang='lat' dir='ltr'><strong>reliquisse</strong></span> <span class='ocrx_word' id='word_1_183' title='bbox 882 2000 955 2061; x_wconf 91' lang='lat' dir='ltr'><strong>duas</strong></span> <span class='ocrx_word' id='word_1_184' title='bbox 983 2001 1105 2074; x_wconf 87' lang='lat' dir='ltr'><strong>filiolas,</strong></span> <span class='ocrx_word' id='word_1_185' title='bbox 1137 2002 1245 2077; x_wconf 90' lang='lat' dir='ltr'><strong>quibus</strong></span> <span class='ocrx_word' id='word_1_186' title='bbox 1268 1999 1401 2062; x_wconf 88' lang='lat' dir='ltr'><strong>Joannes</strong></span> <span class='ocrx_word' id='word_1_187' title='bbox 1432 2009 1531 2061; x_wconf 88' lang='lat' dir='ltr'><strong>noster</strong></span> 
     </span>
     <span class='ocr_line' id='line_1_19' title="bbox 177 2086 1532 2169; baseline 0.002 -24"><span class='ocrx_word' id='word_1_188' title='bbox 177 2094 320 2163; x_wconf 87' lang='lat' dir='ltr'><strong>quantum</strong></span> <span class='ocrx_word' id='word_1_189' title='bbox 351 2089 448 2163; x_wconf 89' lang='lat' dir='ltr'><strong>potuit</strong></span> <span class='ocrx_word' id='word_1_190' title='bbox 476 2086 617 2146; x_wconf 86' lang='lat' dir='ltr'><strong>auxilium</strong></span> <span class='ocrx_word' id='word_1_191' title='bbox 647 2088 773 2162; x_wconf 88' lang='lat' dir='ltr'><strong>larebat,</strong></span> <span class='ocrx_word' id='word_1_192' title='bbox 804 2091 832 2146; x_wconf 92' lang='lat' dir='ltr'><strong>iu</strong></span> <span class='ocrx_word' id='word_1_193' title='bbox 862 2089 986 2149; x_wconf 87' lang='lat' dir='ltr'><strong>historia</strong></span> <span class='ocrx_word' id='word_1_194' title='bbox 1015 2088 1136 2169; x_wconf 87' lang='lat' dir='ltr'><strong>„judicii</strong></span> <span class='ocrx_word' id='word_1_195' title='bbox 1165 2089 1285 2148; x_wconf 80' lang='lat' dir='ltr'><strong>matris“</strong></span> <span class='ocrx_word' id='word_1_196' title='bbox 1319 2087 1430 2148; x_wconf 89' lang='lat' dir='ltr'><strong>dictum</strong></span> <span class='ocrx_word' id='word_1_197' title='bbox 1462 2092 1532 2165; x_wconf 90' lang='grc'>881.)</span> 
     </span>
     <span class='ocr_line' id='line_1_20' title="bbox 176 2173 1533 2252; baseline 0.002 -19"><span class='ocrx_word' id='word_1_198' title='bbox 176 2174 287 2234; x_wconf 80' lang='lat' dir='ltr'><strong>Contra</strong></span> <span class='ocrx_word' id='word_1_199' title='bbox 311 2173 512 2251; x_wconf 80' lang='lat' dir='ltr'><strong>cbristophori</strong></span> <span class='ocrx_word' id='word_1_200' title='bbox 534 2175 630 2234; x_wconf 83' lang='lat' dir='ltr'><strong>fratris</strong></span> <span class='ocrx_word' id='word_1_201' title='bbox 652 2184 757 2236; x_wconf 90' lang='grc'>181818</span> <span class='ocrx_word' id='word_1_202' title='bbox 779 2193 815 2235; x_wconf 86' lang='lat' dir='ltr'><strong>er</strong></span> <span class='ocrx_word' id='word_1_203' title='bbox 838 2179 981 2250; x_wconf 89' lang='lat' dir='ltr'><strong>omnium,</strong></span> <span class='ocrx_word' id='word_1_204' title='bbox 1011 2193 1085 2252; x_wconf 90' lang='lat' dir='ltr'><strong>quos</strong></span> <span class='ocrx_word' id='word_1_205' title='bbox 1109 2175 1146 2236; x_wconf 91' lang='lat' dir='ltr'><strong>de</strong></span> <span class='ocrx_word' id='word_1_206' title='bbox 1168 2191 1203 2235; x_wconf 91' lang='grc'><strong>88</strong></span> <span class='ocrx_word' id='word_1_207' title='bbox 1226 2175 1385 2249; x_wconf 86' lang='lat' dir='ltr'><strong>babemus,</strong></span> <span class='ocrx_word' id='word_1_208' title='bbox 1408 2179 1533 2236; x_wconf 91' lang='lat' dir='ltr'><strong>nuncio-</strong></span> 
     </span>
     <span class='ocr_line' id='line_1_21' title="bbox 175 2263 1532 2339; baseline 0.002 -19"><span class='ocrx_word' id='word_1_209' title='bbox 175 2279 239 2322; x_wconf 87' lang='lat' dir='ltr'><strong>rum</strong></span> <span class='ocrx_word' id='word_1_210' title='bbox 263 2277 406 2322; x_wconf 90' lang='lat' dir='ltr'><strong>consensu</strong></span> <span class='ocrx_word' id='word_1_211' title='bbox 429 2271 567 2339; x_wconf 83' lang='lat' dir='ltr'><strong>epatre,</strong></span> <span class='ocrx_word' id='word_1_212' title='bbox 599 2263 687 2323; x_wconf 88' lang='grc'>118118</span> <span class='ocrx_word' id='word_1_213' title='bbox 718 2263 905 2327; x_wconf 85' lang='lat' dir='ltr'><strong>alienissima.</strong></span> <span class='ocrx_word' id='word_1_214' title='bbox 950 2265 1113 2324; x_wconf 84' lang='lat' dir='ltr'><strong>Bructearii</strong></span> <span class='ocrx_word' id='word_1_215' title='bbox 1142 2265 1219 2324; x_wconf 92' lang='lat' dir='ltr'><strong>enim</strong></span> <span class='ocrx_word' id='word_1_216' title='bbox 1249 2263 1404 2323; x_wconf 86' lang='lat' dir='ltr'><strong>artificium</strong></span> <span class='ocrx_word' id='word_1_217' title='bbox 1428 2263 1532 2324; x_wconf 89' lang='lat' dir='ltr'><strong>doctus</strong></span> 
     </span>
     <span class='ocr_line' id='line_1_22' title="bbox 177 2349 1532 2427; baseline 0 -18"><span class='ocrx_word' id='word_1_218' title='bbox 177 2367 244 2409; x_wconf 89' lang='lat' dir='ltr'><strong>cum</strong></span> <span class='ocrx_word' id='word_1_219' title='bbox 269 2349 380 2409; x_wconf 90' lang='lat' dir='ltr'><strong>diutius</strong></span> <span class='ocrx_word' id='word_1_220' title='bbox 403 2367 455 2427; x_wconf 91' lang='lat' dir='ltr'><strong>per</strong></span> <span class='ocrx_word' id='word_1_221' title='bbox 477 2349 665 2411; x_wconf 83' lang='lat' dir='ltr'><strong>Germaniam</strong></span> <span class='ocrx_word' id='word_1_222' title='bbox 687 2353 843 2427; x_wconf 83' lang='lat' dir='ltr'><strong>migrasset</strong></span> <span class='ocrx_word' id='word_1_223' title='bbox 866 2359 895 2412; x_wconf 90' lang='lat' dir='ltr'><strong>et</strong></span> <span class='ocrx_word' id='word_1_224' title='bbox 918 2353 948 2410; x_wconf 90' lang='lat' dir='ltr'><strong>ln</strong></span> <span class='ocrx_word' id='word_1_225' title='bbox 971 2351 1237 2426; x_wconf 83' lang='lat' dir='ltr'><strong>Wdrttcmbergieo</strong></span> <span class='ocrx_word' id='word_1_226' title='bbox 1262 2367 1380 2427; x_wconf 91' lang='lat' dir='ltr'><strong>quoque</strong></span> <span class='ocrx_word' id='word_1_227' title='bbox 1403 2355 1532 2412; x_wconf 84' lang='lat' dir='ltr'><strong>exercitu</strong></span> 
     </span>
     <span class='ocr_line' id='line_1_23' title="bbox 176 2435 1532 2514; baseline 0.003 -19"><span class='ocrx_word' id='word_1_228' title='bbox 176 2435 343 2510; x_wconf 82' lang='lat' dir='ltr'><strong>militasset,</strong></span> <span class='ocrx_word' id='word_1_229' title='bbox 367 2437 548 2514; x_wconf 86' lang='lat' dir='ltr'><strong>Leobergae,</strong></span> <span class='ocrx_word' id='word_1_230' title='bbox 572 2447 605 2498; x_wconf 91' lang='grc'><strong>81</strong></span> <span class='ocrx_word' id='word_1_231' title='bbox 628 2438 752 2499; x_wconf 86' lang='lat' dir='ltr'><strong>eandam</strong></span> <span class='ocrx_word' id='word_1_232' title='bbox 776 2446 922 2500; x_wconf 87' lang='lat' dir='ltr'><strong>exerceret</strong></span> <span class='ocrx_word' id='word_1_233' title='bbox 944 2446 1053 2513; x_wconf 89' lang='lat' dir='ltr'><strong>artem,</strong></span> <span class='ocrx_word' id='word_1_234' title='bbox 1081 2438 1214 2500; x_wconf 90' lang='lat' dir='ltr'><strong>consedit</strong></span> <span class='ocrx_word' id='word_1_235' title='bbox 1237 2439 1336 2514; x_wconf 87' lang='lat' dir='ltr'><strong>ibique</strong></span> <span class='ocrx_word' id='word_1_236' title='bbox 1360 2437 1532 2499; x_wconf 84' lang='lat' dir='ltr'><strong>vexillario-</strong></span> 
     </span>
     <span class='ocr_line' id='line_1_24' title="bbox 173 2521 1532 2606; baseline 0 -22"><span class='ocrx_word' id='word_1_237' title='bbox 173 2542 236 2584; x_wconf 92' lang='lat' dir='ltr'><strong>rum</strong></span> <span class='ocrx_word' id='word_1_238' title='bbox 262 2527 402 2601; x_wconf 86' lang='lat' dir='ltr'><strong>maglster</strong></span> <span class='ocrx_word' id='word_1_239' title='bbox 423 2527 518 2586; x_wconf 87' lang='lat' dir='ltr'><strong>iactus</strong></span> <span class='ocrx_word' id='word_1_240' title='bbox 542 2537 594 2587; x_wconf 90' lang='lat' dir='ltr'><strong>cst.</strong></span> <span class='ocrx_word' id='word_1_241' title='bbox 639 2525 830 2603; x_wconf 86' lang='lat' dir='ltr'><strong>Margaretba</strong></span> <span class='ocrx_word' id='word_1_242' title='bbox 853 2525 958 2586; x_wconf 89' lang='lat' dir='ltr'><strong>deinde</strong></span> <span class='ocrx_word' id='word_1_243' title='bbox 981 2521 1334 2606; x_wconf 83' lang='grc'>88181(18188.1584),</span> <span class='ocrx_word' id='word_1_244' title='bbox 1359 2541 1435 2601; x_wconf 88' lang='lat' dir='ltr'><strong>quac</strong></span> <span class='ocrx_word' id='word_1_245' title='bbox 1452 2525 1532 2588; x_wconf 90' lang='lat' dir='ltr'><strong>domi</strong></span> 
     </span>
     <span class='ocr_line' id='line_1_25' title="bbox 173 2609 1531 2689; baseline 0.002 -18"><span class='ocrx_word' id='word_1_246' title='bbox 173 2613 315 2672; x_wconf 90' lang='lat' dir='ltr'><strong>manebat</strong></span> <span class='ocrx_word' id='word_1_247' title='bbox 338 2629 432 2689; x_wconf 88' lang='lat' dir='ltr'><strong>usque</strong></span> <span class='ocrx_word' id='word_1_248' title='bbox 455 2613 648 2686; x_wconf 86' lang='lat' dir='ltr'><strong>ada.1608,</strong></span> <span class='ocrx_word' id='word_1_249' title='bbox 672 2621 797 2674; x_wconf 88' lang='lat' dir='ltr'><strong>amatre</strong></span> <span class='ocrx_word' id='word_1_250' title='bbox 820 2613 1026 2674; x_wconf 90' lang='lat' dir='ltr'><strong>honestissime</strong></span> <span class='ocrx_word' id='word_1_251' title='bbox 1050 2611 1175 2674; x_wconf 89' lang='lat' dir='ltr'><strong>educata</strong></span> <span class='ocrx_word' id='word_1_252' title='bbox 1198 2629 1263 2672; x_wconf 89' lang='lat' dir='ltr'><strong>esso</strong></span> <span class='ocrx_word' id='word_1_253' title='bbox 1286 2609 1411 2674; x_wconf 86' lang='lat' dir='ltr'><strong>ridetur.</strong></span> <span class='ocrx_word' id='word_1_254' title='bbox 1447 2611 1531 2688; x_wconf 87' lang='lat' dir='ltr'><strong>Qua-</strong></span> 
     </span>
     <span class='ocr_line' id='line_1_26' title="bbox 172 2698 1531 2777; baseline 0.001 -19"><span class='ocrx_word' id='word_1_255' title='bbox 172 2717 239 2759; x_wconf 90' lang='lat' dir='ltr'><strong>cum</strong></span> <span class='ocrx_word' id='word_1_256' title='bbox 265 2699 398 2760; x_wconf 87' lang='lat' dir='ltr'><strong>Joanncs</strong></span> <span class='ocrx_word' id='word_1_257' title='bbox 422 2702 595 2760; x_wconf 88' lang='lat' dir='ltr'><strong>commercia</strong></span> <span class='ocrx_word' id='word_1_258' title='bbox 618 2700 723 2760; x_wconf 87' lang='lat' dir='ltr'><strong>babuit</strong></span> <span class='ocrx_word' id='word_1_259' title='bbox 744 2701 872 2761; x_wconf 83' lang='lat' dir='ltr'><strong>fraterna</strong></span> <span class='ocrx_word' id='word_1_260' title='bbox 901 2700 1079 2777; x_wconf 85' lang='lat' dir='ltr'><strong>eademque,</strong></span> <span class='ocrx_word' id='word_1_261' title='bbox 1112 2717 1177 2760; x_wconf 92' lang='lat' dir='ltr'><strong>cum</strong></span> <span class='ocrx_word' id='word_1_262' title='bbox 1197 2701 1259 2776; x_wconf 89' lang='lat' dir='ltr'><strong>jam</strong></span> <span class='ocrx_word' id='word_1_263' title='bbox 1283 2698 1403 2759; x_wconf 86' lang='lat' dir='ltr'><strong>adultae</strong></span> <span class='ocrx_word' id='word_1_264' title='bbox 1426 2701 1531 2760; x_wconf 89' lang='lat' dir='ltr'><strong>condi·</strong></span> 
     </span>
     <span class='ocr_line' id='line_1_27' title="bbox 172 2786 1530 2865; baseline 0.003 -21"><span class='ocrx_word' id='word_1_265' title='bbox 172 2791 284 2848; x_wconf 87' lang='lat' dir='ltr'><strong>tionem</strong></span> <span class='ocrx_word' id='word_1_266' title='bbox 309 2789 397 2846; x_wconf 86' lang='lat' dir='ltr'><strong>trater</strong></span> <span class='ocrx_word' id='word_1_267' title='bbox 425 2797 577 2865; x_wconf 87' lang='lat' dir='ltr'><strong>quaereret</strong></span> <span class='ocrx_word' id='word_1_268' title='bbox 606 2789 777 2864; x_wconf 87' lang='lat' dir='ltr'><strong>honestam,</strong></span> <span class='ocrx_word' id='word_1_269' title='bbox 807 2787 909 2848; x_wconf 89' lang='lat' dir='ltr'><strong>ecdem</strong></span> <span class='ocrx_word' id='word_1_270' title='bbox 941 2805 1019 2847; x_wconf 88' lang='lat' dir='ltr'><strong>anno</strong></span> <span class='ocrx_word' id='word_1_271' title='bbox 1041 2789 1227 2847; x_wconf 86' lang='lat' dir='ltr'><strong>matrimonio</strong></span> <span class='ocrx_word' id='word_1_272' title='bbox 1256 2786 1359 2862; x_wconf 86' lang='lat' dir='ltr'><strong>juncta</strong></span> <span class='ocrx_word' id='word_1_273' title='bbox 1388 2793 1434 2846; x_wconf 90' lang='lat' dir='ltr'><strong>cst</strong></span> <span class='ocrx_word' id='word_1_274' title='bbox 1465 2805 1530 2848; x_wconf 93' lang='lat' dir='ltr'><strong>cum</strong></span> 
     </span>
     <span class='ocr_line' id='line_1_28' title="bbox 173 2875 1530 2952; baseline 0.001 -18"><span class='ocrx_word' id='word_1_275' title='bbox 173 2875 307 2952; x_wconf 86' lang='lat' dir='ltr'><strong>Georgio</strong></span> <span class='ocrx_word' id='word_1_276' title='bbox 331 2875 469 2949; x_wconf 89' lang='lat' dir='ltr'><strong>Bindero,</strong></span> <span class='ocrx_word' id='word_1_277' title='bbox 494 2876 666 2936; x_wconf 87' lang='lat' dir='ltr'><strong>Heumaden</strong></span> <span class='ocrx_word' id='word_1_278' title='bbox 692 2878 749 2936; x_wconf 83' lang='lat' dir='ltr'><strong>vici</strong></span> <span class='ocrx_word' id='word_1_279' title='bbox 772 2883 899 2952; x_wconf 89' lang='grc'>8881818,</span> <span class='ocrx_word' id='word_1_280' title='bbox 924 2875 1008 2951; x_wconf 88' lang='lat' dir='ltr'><strong>cujus</strong></span> <span class='ocrx_word' id='word_1_281' title='bbox 1027 2876 1188 2951; x_wconf 87' lang='lat' dir='ltr'><strong>permultos</strong></span> <span class='ocrx_word' id='word_1_282' title='bbox 1203 2891 1298 2933; x_wconf 91' lang='grc'>81188</span> <span class='ocrx_word' id='word_1_283' title='bbox 1314 2876 1530 2935; x_wconf 86' lang='lat' dir='ltr'><strong>matrimonium</strong></span> 
     </span>
     <span class='ocr_line' id='line_1_29' title="bbox 171 2962 1531 3040; baseline -0.001 -19"><span class='ocrx_word' id='word_1_284' title='bbox 171 2965 269 3024; x_wconf 89' lang='lat' dir='ltr'><strong>tenuit</strong></span> <span class='ocrx_word' id='word_1_285' title='bbox 294 2962 504 3025; x_wconf 80' lang='lat' dir='ltr'><strong>felicissimum.</strong></span> <span class='ocrx_word' id='word_1_286' title='bbox 543 2962 627 3022; x_wconf 90' lang='lat' dir='ltr'><strong>Alios</strong></span> <span class='ocrx_word' id='word_1_287' title='bbox 651 2963 778 3040; x_wconf 90' lang='lat' dir='ltr'><strong>denique</strong></span> <span class='ocrx_word' id='word_1_288' title='bbox 800 2962 922 3040; x_wconf 86' lang='lat' dir='ltr'><strong>Kepleri</strong></span> <span class='ocrx_word' id='word_1_289' title='bbox 944 2963 1048 3023; x_wconf 84' lang='lat' dir='ltr'><strong>iratres</strong></span> <span class='ocrx_word' id='word_1_290' title='bbox 1071 2971 1129 3022; x_wconf 89' lang='lat' dir='ltr'><strong>tres</strong></span> <span class='ocrx_word' id='word_1_291' title='bbox 1151 2963 1318 3023; x_wconf 84' lang='lat' dir='ltr'><strong>invenimus</strong></span> <span class='ocrx_word' id='word_1_292' title='bbox 1340 2969 1454 3021; x_wconf 87' lang='lat' dir='ltr'><strong>mature</strong></span> <span class='ocrx_word' id='word_1_293' title='bbox 1477 2962 1531 3022; x_wconf 89' lang='lat' dir='ltr'><strong>da-</strong></span> 
     </span>
     <span class='ocr_line' id='line_1_30' title="bbox 170 3046 1529 3132; baseline 0.001 -24"><span class='ocrx_word' id='word_1_294' title='bbox 170 3053 308 3110; x_wconf 88' lang='lat' dir='ltr'><strong>luuctos:</strong></span> <span class='ocrx_word' id='word_1_295' title='bbox 332 3050 492 3110; x_wconf 86' lang='lat' dir='ltr'><strong>Sedaldum</strong></span> <span class='ocrx_word' id='word_1_296' title='bbox 514 3048 587 3132; x_wconf 89' lang='grc'>(881.</span> <span class='ocrx_word' id='word_1_297' title='bbox 615 3053 730 3125; x_wconf 82' lang='grc'>1816),</span> <span class='ocrx_word' id='word_1_298' title='bbox 760 3049 908 3111; x_wconf 86' lang='lat' dir='ltr'><strong>Joauuem</strong></span> <span class='ocrx_word' id='word_1_299' title='bbox 930 3050 1112 3111; x_wconf 83' lang='lat' dir='ltr'><strong>Fridericum</strong></span> <span class='ocrx_word' id='word_1_300' title='bbox 1135 3051 1176 3128; x_wconf 88' lang='grc'><strong>(1.</strong></span> <span class='ocrx_word' id='word_1_301' title='bbox 1203 3046 1300 3122; x_wconf 81' lang='grc'>11119)</span> <span class='ocrx_word' id='word_1_302' title='bbox 1329 3057 1359 3108; x_wconf 90' lang='grc'><strong>81</strong></span> <span class='ocrx_word' id='word_1_303' title='bbox 1381 3048 1529 3110; x_wconf 79' lang='lat' dir='ltr'><strong>Bernhar-</strong></span> 
     </span>
     <span class='ocr_line' id='line_1_31' title="bbox 171 3137 1034 3214; baseline 0.002 -17"><span class='ocrx_word' id='word_1_304' title='bbox 171 3138 240 3198; x_wconf 87' lang='lat' dir='ltr'><strong>dum</strong></span> <span class='ocrx_word' id='word_1_305' title='bbox 266 3141 312 3214; x_wconf 87' lang='grc'><strong>(8.</strong></span> <span class='ocrx_word' id='word_1_306' title='bbox 339 3137 444 3212; x_wconf 83' lang='grc'>1589).</span> <span class='ocrx_word' id='word_1_307' title='bbox 468 3171 510 3182; x_wconf 91' lang='lat'><em>-</em></span> <span class='ocrx_word' id='word_1_308' title='bbox 1031 3141 1034 3154; x_wconf 91' lang='grc'><strong>’</strong></span> 
     </span>
    </p>

    <p class='ocr_par' dir='ltr' id='par_1_5' title="bbox 168 3223 1530 3476">
     <span class='ocr_line' id='line_1_32' title="bbox 278 3223 1529 3304; baseline -0.002 -20"><span class='ocrx_word' id='word_1_309' title='bbox 278 3225 384 3286; x_wconf 89' lang='lat' dir='ltr'><strong>Matris</strong></span> <span class='ocrx_word' id='word_1_310' title='bbox 406 3243 478 3286; x_wconf 89' lang='lat' dir='ltr'><strong>suae</strong></span> <span class='ocrx_word' id='word_1_311' title='bbox 501 3243 597 3286; x_wconf 88' lang='lat' dir='ltr'><strong>mores</strong></span> <span class='ocrx_word' id='word_1_312' title='bbox 620 3225 754 3286; x_wconf 87' lang='lat' dir='ltr'><strong>Joannes</strong></span> <span class='ocrx_word' id='word_1_313' title='bbox 777 3228 840 3302; x_wconf 89' lang='lat' dir='ltr'><strong>ipsa</strong></span> <span class='ocrx_word' id='word_1_314' title='bbox 863 3224 944 3284; x_wconf 90' lang='lat' dir='ltr'><strong>bisce</strong></span> <span class='ocrx_word' id='word_1_315' title='bbox 968 3227 1066 3286; x_wconf 87' lang='lat' dir='ltr'><strong>verbis</strong></span> <span class='ocrx_word' id='word_1_316' title='bbox 1090 3224 1244 3286; x_wconf 80' lang='lat' dir='ltr'><strong>describit:</strong></span> <span class='ocrx_word' id='word_1_317' title='bbox 1272 3223 1415 3304; x_wconf 84' lang='lat' dir='ltr'><strong>„Femina</strong></span> <span class='ocrx_word' id='word_1_318' title='bbox 1429 3225 1529 3282; x_wconf 88' lang='lat' dir='ltr'><strong>mori-</strong></span> 
     </span>
     <span class='ocr_line' id='line_1_33' title="bbox 170 3310 1530 3391; baseline -0.002 -19"><span class='ocrx_word' id='word_1_319' title='bbox 170 3313 225 3373; x_wconf 87' lang='lat' dir='ltr'><strong>bus</strong></span> <span class='ocrx_word' id='word_1_320' title='bbox 249 3331 365 3391; x_wconf 86' lang='lat' dir='ltr'><strong>aspera,</strong></span> <span class='ocrx_word' id='word_1_321' title='bbox 390 3316 582 3386; x_wconf 87' lang='lat' dir='ltr'><strong>contentiosa,</strong></span> <span class='ocrx_word' id='word_1_322' title='bbox 607 3315 821 3388; x_wconf 84' lang='lat' dir='ltr'><strong>inquietissimo</strong></span> <span class='ocrx_word' id='word_1_323' title='bbox 845 3314 980 3388; x_wconf 86' lang='lat' dir='ltr'><strong>ingenio,</strong></span> <span class='ocrx_word' id='word_1_324' title='bbox 1004 3329 1063 3390; x_wconf 91' lang='lat' dir='ltr'><strong>quo</strong></span> <span class='ocrx_word' id='word_1_325' title='bbox 1086 3321 1181 3374; x_wconf 88' lang='lat' dir='ltr'><strong>totum</strong></span> <span class='ocrx_word' id='word_1_326' title='bbox 1210 3310 1309 3372; x_wconf 89' lang='lat' dir='ltr'><strong>turbat</strong></span> <span class='ocrx_word' id='word_1_327' title='bbox 1337 3311 1530 3388; x_wconf 85' lang='lat' dir='ltr'><strong>municipium</strong></span> 
     </span>
     <span class='ocr_line' id='line_1_34' title="bbox 168 3399 1233 3476; baseline -0.003 -16"><span class='ocrx_word' id='word_1_328' title='bbox 168 3419 256 3461; x_wconf 90' lang='lat' dir='ltr'><strong>suum</strong></span> <span class='ocrx_word' id='word_1_329' title='bbox 281 3401 398 3476; x_wconf 91' lang='lat' dir='ltr'><strong>sibique</strong></span> <span class='ocrx_word' id='word_1_330' title='bbox 421 3407 590 3462; x_wconf 85' lang='lat' dir='ltr'><strong>auctorest</strong></span> <span class='ocrx_word' id='word_1_331' title='bbox 610 3403 746 3460; x_wconf 85' lang='lat' dir='ltr'><strong>miseriae</strong></span> <span class='ocrx_word' id='word_1_332' title='bbox 770 3399 978 3475; x_wconf 90' lang='lat' dir='ltr'><strong>deplorandae.</strong></span> <span class='ocrx_word' id='word_1_333' title='bbox 1002 3407 1040 3474; x_wconf 84' lang='lat' dir='ltr'><strong>(r.</strong></span> <span class='ocrx_word' id='word_1_334' title='bbox 1066 3421 1086 3459; x_wconf 92' lang='lat' dir='ltr'><strong>s.</strong></span> <span class='ocrx_word' id='word_1_335' title='bbox 1111 3421 1139 3474; x_wconf 88' lang='lat' dir='ltr'><strong>p.</strong></span> <span class='ocrx_word' id='word_1_336' title='bbox 1159 3401 1233 3470; x_wconf 87' lang='grc'>361.)</span> 
     </span>
    </p>

    <p class='ocr_par' dir='ltr' id='par_1_6' title="bbox 163 3486 1530 4264">
     <span class='ocr_line' id='line_1_35' title="bbox 282 3486 1529 3564; baseline -0.001 -17"><span class='ocrx_word' id='word_1_337' title='bbox 282 3489 318 3547; x_wconf 89' lang='lat' dir='ltr'><strong>In</strong></span> <span class='ocrx_word' id='word_1_338' title='bbox 341 3491 441 3549; x_wconf 89' lang='lat' dir='ltr'><strong>rustici</strong></span> <span class='ocrx_word' id='word_1_339' title='bbox 465 3488 526 3549; x_wconf 88' lang='lat' dir='ltr'><strong>tilia</strong></span> <span class='ocrx_word' id='word_1_340' title='bbox 548 3489 635 3546; x_wconf 85' lang='lat' dir='ltr'>XVI.</span> <span class='ocrx_word' id='word_1_341' title='bbox 659 3488 758 3552; x_wconf 89' lang='lat' dir='ltr'><strong>seculo</strong></span> <span class='ocrx_word' id='word_1_342' title='bbox 787 3487 875 3547; x_wconf 89' lang='lat' dir='ltr'><strong>allam</strong></span> <span class='ocrx_word' id='word_1_343' title='bbox 903 3489 1015 3564; x_wconf 89' lang='lat' dir='ltr'><strong>ingenii</strong></span> <span class='ocrx_word' id='word_1_344' title='bbox 1043 3486 1240 3547; x_wconf 88' lang='lat' dir='ltr'><strong>conditionem</strong></span> <span class='ocrx_word' id='word_1_345' title='bbox 1264 3493 1294 3547; x_wconf 90' lang='lat' dir='ltr'><strong>et</strong></span> <span class='ocrx_word' id='word_1_346' title='bbox 1316 3487 1529 3548; x_wconf 85' lang='lat' dir='ltr'><strong>iustitutionem</strong></span> 
     </span>
     <span class='ocr_line' id='line_1_36' title="bbox 168 3573 1528 3652; baseline 0.001 -20"><span class='ocrx_word' id='word_1_347' title='bbox 168 3576 313 3647; x_wconf 88' lang='grc'>11181888,</span> <span class='ocrx_word' id='word_1_348' title='bbox 338 3594 425 3652; x_wconf 87' lang='lat' dir='ltr'><strong>quam</strong></span> <span class='ocrx_word' id='word_1_349' title='bbox 450 3593 527 3651; x_wconf 90' lang='lat' dir='ltr'><strong>quae</strong></span> <span class='ocrx_word' id='word_1_350' title='bbox 550 3576 658 3634; x_wconf 90' lang='lat' dir='ltr'><strong>adres</strong></span> <span class='ocrx_word' id='word_1_351' title='bbox 681 3574 872 3646; x_wconf 84' lang='lat' dir='ltr'><strong>domesticas,</strong></span> <span class='ocrx_word' id='word_1_352' title='bbox 901 3591 991 3652; x_wconf 87' lang='lat' dir='ltr'><strong>opera</strong></span> <span class='ocrx_word' id='word_1_353' title='bbox 1013 3577 1122 3634; x_wconf 89' lang='lat' dir='ltr'><strong>rustica</strong></span> <span class='ocrx_word' id='word_1_354' title='bbox 1151 3573 1263 3634; x_wconf 89' lang='lat' dir='ltr'><strong>autad</strong></span> <span class='ocrx_word' id='word_1_355' title='bbox 1286 3591 1331 3650; x_wconf 88' lang='grc'><strong>88,</strong></span> <span class='ocrx_word' id='word_1_356' title='bbox 1355 3591 1432 3651; x_wconf 90' lang='lat' dir='ltr'><strong>quae</strong></span> <span class='ocrx_word' id='word_1_357' title='bbox 1455 3591 1528 3636; x_wconf 90' lang='lat' dir='ltr'><strong>cau-</strong></span> 
     </span>
     <span class='ocr_line' id='line_1_37' title="bbox 167 3661 1528 3739; baseline -0.001 -16"><span class='ocrx_word' id='word_1_358' title='bbox 167 3681 266 3739; x_wconf 85' lang='lat' dir='ltr'><strong>ponac</strong></span> <span class='ocrx_word' id='word_1_359' title='bbox 291 3667 458 3723; x_wconf 87' lang='grc'>1881188888</span> <span class='ocrx_word' id='word_1_360' title='bbox 481 3671 559 3736; x_wconf 89' lang='grc'>8811,</span> <span class='ocrx_word' id='word_1_361' title='bbox 582 3665 700 3738; x_wconf 83' lang='lat' dir='ltr'><strong>negotia</strong></span> <span class='ocrx_word' id='word_1_362' title='bbox 715 3664 880 3723; x_wconf 86' lang='lat' dir='ltr'><strong>necessaria</strong></span> <span class='ocrx_word' id='word_1_363' title='bbox 896 3671 950 3736; x_wconf 89' lang='lat' dir='ltr'><strong>est,</strong></span> <span class='ocrx_word' id='word_1_364' title='bbox 975 3663 1041 3738; x_wconf 89' lang='lat' dir='ltr'><strong>quis</strong></span> <span class='ocrx_word' id='word_1_365' title='bbox 1056 3661 1178 3723; x_wconf 76' lang='grc'>81811811</span> <span class='ocrx_word' id='word_1_366' title='bbox 1216 3661 1339 3723; x_wconf 86' lang='lat' dir='ltr'><strong>Liberos</strong></span> <span class='ocrx_word' id='word_1_367' title='bbox 1362 3665 1471 3738; x_wconf 90' lang='lat' dir='ltr'><strong>itaque,</strong></span> <span class='ocrx_word' id='word_1_368' title='bbox 1495 3669 1528 3722; x_wconf 91' lang='grc'><strong>81</strong></span> 
     </span>
     <span class='ocr_line' id='line_1_38' title="bbox 163 3748 1527 3828; baseline 0 -19"><span class='ocrx_word' id='word_1_369' title='bbox 163 3751 226 3826; x_wconf 90' lang='lat' dir='ltr'><strong>jam</strong></span> <span class='ocrx_word' id='word_1_370' title='bbox 250 3769 344 3828; x_wconf 84' lang='lat' dir='ltr'><strong>supra</strong></span> <span class='ocrx_word' id='word_1_371' title='bbox 366 3748 558 3824; x_wconf 85' lang='lat' dir='ltr'><strong>dictumest,</strong></span> <span class='ocrx_word' id='word_1_372' title='bbox 590 3751 786 3828; x_wconf 86' lang='lat' dir='ltr'><strong>agriculturae</strong></span> <span class='ocrx_word' id='word_1_373' title='bbox 808 3749 985 3824; x_wconf 85' lang='grc'>8888818811,</span> <span class='ocrx_word' id='word_1_374' title='bbox 1014 3753 1117 3810; x_wconf 89' lang='grc'>8818118</span> <span class='ocrx_word' id='word_1_375' title='bbox 1141 3752 1169 3808; x_wconf 91' lang='grc'><strong>18</strong></span> <span class='ocrx_word' id='word_1_376' title='bbox 1192 3750 1279 3810; x_wconf 88' lang='lat' dir='ltr'><strong>rebus</strong></span> <span class='ocrx_word' id='word_1_377' title='bbox 1310 3756 1445 3811; x_wconf 87' lang='lat' dir='ltr'><strong>naturam</strong></span> <span class='ocrx_word' id='word_1_378' title='bbox 1466 3765 1527 3810; x_wconf 89' lang='lat' dir='ltr'><strong>uon</strong></span> 
     </span>
     <span class='ocr_line' id='line_1_39' title="bbox 167 3836 1528 3914; baseline 0.001 -18"><span class='ocrx_word' id='word_1_379' title='bbox 167 3846 297 3898; x_wconf 89' lang='lat' dir='ltr'><strong>morata.</strong></span> <span class='ocrx_word' id='word_1_380' title='bbox 345 3838 478 3897; x_wconf 85' lang='lat' dir='ltr'><strong>Joannes</strong></span> <span class='ocrx_word' id='word_1_381' title='bbox 501 3855 629 3914; x_wconf 88' lang='lat' dir='ltr'><strong>quoque,</strong></span> <span class='ocrx_word' id='word_1_382' title='bbox 653 3840 790 3913; x_wconf 88' lang='lat' dir='ltr'><strong>quamvis</strong></span> <span class='ocrx_word' id='word_1_383' title='bbox 814 3853 934 3913; x_wconf 87' lang='lat' dir='ltr'><strong>corpore</strong></span> <span class='ocrx_word' id='word_1_384' title='bbox 958 3844 1036 3896; x_wconf 87' lang='lat' dir='ltr'><strong>esset</strong></span> <span class='ocrx_word' id='word_1_385' title='bbox 1059 3836 1200 3911; x_wconf 86' lang='lat' dir='ltr'><strong>invalido,</strong></span> <span class='ocrx_word' id='word_1_386' title='bbox 1224 3839 1397 3913; x_wconf 89' lang='lat' dir='ltr'><strong>saepissime</strong></span> <span class='ocrx_word' id='word_1_387' title='bbox 1420 3837 1528 3897; x_wconf 81' lang='lat' dir='ltr'><strong>morbis</strong></span> 
     </span>
     <span class='ocr_line' id='line_1_40' title="bbox 167 3924 1526 4002; baseline 0 -20"><span class='ocrx_word' id='word_1_388' title='bbox 167 3933 293 3999; x_wconf 82' lang='lat' dir='ltr'><strong>vexato,</strong></span> <span class='ocrx_word' id='word_1_389' title='bbox 317 3927 416 4002; x_wconf 90' lang='lat' dir='ltr'><strong>quoad</strong></span> <span class='ocrx_word' id='word_1_390' title='bbox 433 3925 627 3986; x_wconf 89' lang='lat' dir='ltr'><strong>imbecillibus</strong></span> <span class='ocrx_word' id='word_1_391' title='bbox 642 3927 754 3984; x_wconf 84' lang='lat' dir='ltr'><strong>viribus</strong></span> <span class='ocrx_word' id='word_1_392' title='bbox 776 3924 838 3983; x_wconf 88' lang='lat' dir='ltr'><strong>ficri</strong></span> <span class='ocrx_word' id='word_1_393' title='bbox 854 3925 959 4001; x_wconf 88' lang='lat' dir='ltr'><strong>potuit,</strong></span> <span class='ocrx_word' id='word_1_394' title='bbox 983 3941 1058 4000; x_wconf 90' lang='grc'>1888</span> <span class='ocrx_word' id='word_1_395' title='bbox 1081 3925 1151 3984; x_wconf 87' lang='grc'>18811</span> <span class='ocrx_word' id='word_1_396' title='bbox 1173 3926 1203 3982; x_wconf 91' lang='grc'><strong>11</strong></span> <span class='ocrx_word' id='word_1_397' title='bbox 1226 3929 1314 4002; x_wconf 89' lang='lat' dir='ltr'><strong>agris.</strong></span> <span class='ocrx_word' id='word_1_398' title='bbox 1343 3925 1405 3984; x_wconf 88' lang='lat' dir='ltr'><strong>Nee</strong></span> <span class='ocrx_word' id='word_1_399' title='bbox 1427 3931 1526 3984; x_wconf 88' lang='lat' dir='ltr'><strong>tamen</strong></span> 
     </span>
     <span class='ocr_line' id='line_1_41' title="bbox 167 4011 1529 4099; baseline -0.001 -27"><span class='ocrx_word' id='word_1_400' title='bbox 167 4033 186 4072; x_wconf 92' lang='lat' dir='ltr'><strong>a</strong></span> <span class='ocrx_word' id='word_1_401' title='bbox 207 4021 306 4099; x_wconf 87' lang='lat' dir='ltr'><strong>matre</strong></span> <span class='ocrx_word' id='word_1_402' title='bbox 329 4013 495 4090; x_wconf 88' lang='lat' dir='ltr'><strong>prohibitus</strong></span> <span class='ocrx_word' id='word_1_403' title='bbox 518 4020 577 4088; x_wconf 87' lang='lat' dir='ltr'><strong>est,</strong></span> <span class='ocrx_word' id='word_1_404' title='bbox 609 4016 678 4088; x_wconf 89' lang='lat' dir='ltr'><strong>quin</strong></span> <span class='ocrx_word' id='word_1_405' title='bbox 703 4011 913 4087; x_wconf 83' lang='lat' dir='ltr'><strong>Elmendingae</strong></span> <span class='ocrx_word' id='word_1_406' title='bbox 936 4019 966 4072; x_wconf 89' lang='grc'><strong>81</strong></span> <span class='ocrx_word' id='word_1_407' title='bbox 989 4011 1160 4088; x_wconf 84' lang='lat' dir='ltr'><strong>Lcobergae</strong></span> <span class='ocrx_word' id='word_1_408' title='bbox 1187 4014 1218 4070; x_wconf 92' lang='lat' dir='ltr'><strong>in</strong></span> <span class='ocrx_word' id='word_1_409' title='bbox 1241 4012 1341 4072; x_wconf 91' lang='lat' dir='ltr'><strong>ludum</strong></span> <span class='ocrx_word' id='word_1_410' title='bbox 1368 4011 1529 4072; x_wconf 89' lang='lat' dir='ltr'><strong>literarium</strong></span> 
     </span>
     <span class='ocr_line' id='line_1_42' title="bbox 167 4100 1530 4177; baseline -0.001 -20"><span class='ocrx_word' id='word_1_411' title='bbox 167 4103 223 4160; x_wconf 90' lang='grc'>1181</span> <span class='ocrx_word' id='word_1_412' title='bbox 246 4103 351 4176; x_wconf 87' lang='lat' dir='ltr'><strong>ibique</strong></span> <span class='ocrx_word' id='word_1_413' title='bbox 374 4109 426 4161; x_wconf 89' lang='lat' dir='ltr'><strong>aut</strong></span> <span class='ocrx_word' id='word_1_414' title='bbox 449 4119 467 4161; x_wconf 91' lang='grc'><strong>8</strong></span> <span class='ocrx_word' id='word_1_415' title='bbox 488 4102 680 4177; x_wconf 86' lang='lat' dir='ltr'><strong>grammatico</strong></span> <span class='ocrx_word' id='word_1_416' title='bbox 703 4109 755 4160; x_wconf 88' lang='lat' dir='ltr'><strong>aut</strong></span> <span class='ocrx_word' id='word_1_417' title='bbox 776 4117 795 4158; x_wconf 93' lang='lat' dir='ltr'><strong>a</strong></span> <span class='ocrx_word' id='word_1_418' title='bbox 816 4107 935 4176; x_wconf 84' lang='lat' dir='ltr'><strong>pastore</strong></span> <span class='ocrx_word' id='word_1_419' title='bbox 958 4100 1107 4176; x_wconf 86' lang='lat' dir='ltr'><strong>singulare</strong></span> <span class='ocrx_word' id='word_1_420' title='bbox 1135 4103 1218 4177; x_wconf 89' lang='grc'>88811</span> <span class='ocrx_word' id='word_1_421' title='bbox 1247 4101 1396 4175; x_wconf 88' lang='lat' dir='ltr'><strong>ingenium</strong></span> <span class='ocrx_word' id='word_1_422' title='bbox 1426 4101 1530 4174; x_wconf 78' lang='lat' dir='ltr'><strong>cognt-</strong></span> 
     </span>
     <span class='ocr_line' id='line_1_43' title="bbox 165 4184 1528 4264; baseline -0.004 -17"><span class='ocrx_word' id='word_1_423' title='bbox 165 4197 230 4248; x_wconf 88' lang='lat' dir='ltr'><strong>tum</strong></span> <span class='ocrx_word' id='word_1_424' title='bbox 254 4206 323 4249; x_wconf 86' lang='lat' dir='ltr'><strong>esse</strong></span> <span class='ocrx_word' id='word_1_425' title='bbox 346 4188 474 4264; x_wconf 68' lang='lat' dir='ltr'><strong>ridetur,</strong></span> <span class='ocrx_word' id='word_1_426' title='bbox 506 4188 631 4248; x_wconf 88' lang='lat' dir='ltr'><strong>eundern</strong></span> <span class='ocrx_word' id='word_1_427' title='bbox 654 4189 729 4246; x_wconf 91' lang='lat' dir='ltr'><strong>enim</strong></span> <span class='ocrx_word' id='word_1_428' title='bbox 752 4203 875 4264; x_wconf 87' lang='lat' dir='ltr'><strong>puerum</strong></span> <span class='ocrx_word' id='word_1_429' title='bbox 897 4188 991 4263; x_wconf 87' lang='lat' dir='ltr'><strong>primo</strong></span> <span class='ocrx_word' id='word_1_430' title='bbox 1014 4203 1094 4260; x_wconf 89' lang='lat' dir='ltr'><strong>eum,</strong></span> <span class='ocrx_word' id='word_1_431' title='bbox 1122 4190 1176 4264; x_wconf 86' lang='lat' dir='ltr'><strong>qui</strong></span> <span class='ocrx_word' id='word_1_432' title='bbox 1200 4186 1330 4248; x_wconf 90' lang='lat' dir='ltr'><strong>discendi</strong></span> <span class='ocrx_word' id='word_1_433' title='bbox 1353 4184 1436 4244; x_wconf 89' lang='lat' dir='ltr'><strong>latini</strong></span> <span class='ocrx_word' id='word_1_434' title='bbox 1464 4201 1528 4244; x_wconf 90' lang='grc'>881-</span> 
     </span>
    </p>
   </div>
   <div class='ocr_carea' id='block_1_5' title="bbox 166 4273 1619 4352">
    <p class='ocr_par' dir='ltr' id='par_1_7' title="bbox 166 4273 1619 4352">
     <span class='ocr_line' id='line_1_44' title="bbox 166 4273 1619 4352; baseline -0.003 -18"><span class='ocrx_word' id='word_1_435' title='bbox 166 4279 265 4336; x_wconf 88' lang='lat' dir='ltr'><strong>monis</strong></span> <span class='ocrx_word' id='word_1_436' title='bbox 290 4285 462 4350; x_wconf 87' lang='grc'>88888881,</span> <span class='ocrx_word' id='word_1_437' title='bbox 495 4275 597 4336; x_wconf 88' lang='lat' dir='ltr'><strong>ludum</strong></span> <span class='ocrx_word' id='word_1_438' title='bbox 619 4275 838 4352; x_wconf 79' lang='lat' dir='ltr'><strong>trequentasse,</strong></span> <span class='ocrx_word' id='word_1_439' title='bbox 867 4281 972 4350; x_wconf 86' lang='lat' dir='ltr'><strong>postea</strong></span> <span class='ocrx_word' id='word_1_440' title='bbox 998 4275 1027 4331; x_wconf 93' lang='grc'><strong>11</strong></span> <span class='ocrx_word' id='word_1_441' title='bbox 1056 4274 1181 4348; x_wconf 93' lang='lat' dir='ltr'><strong>scholis,</strong></span> <span class='ocrx_word' id='word_1_442' title='bbox 1213 4291 1290 4351; x_wconf 90' lang='lat' dir='ltr'><strong>quae</strong></span> <span class='ocrx_word' id='word_1_443' title='bbox 1312 4273 1529 4334; x_wconf 83' lang='lat' dir='ltr'><strong>Wiirttembar·</strong></span> <span class='ocrx_word' id='word_1_444' title='bbox 1613 4338 1619 4350; x_wconf 69' lang='lat'><strong>,</strong></span> 
     </span>
    </p>
   </div>
   <div class='ocr_carea' id='block_1_6' title="bbox 165 4359 1529 4788">
    <p class='ocr_par' dir='ltr' id='par_1_8' title="bbox 165 4359 1529 4788">
     <span class='ocr_line' id='line_1_45' title="bbox 165 4359 1528 4440; baseline -0.003 -17"><span class='ocrx_word' id='word_1_445' title='bbox 165 4367 234 4440; x_wconf 88' lang='lat' dir='ltr'><strong>gica</strong></span> <span class='ocrx_word' id='word_1_446' title='bbox 258 4365 290 4422; x_wconf 92' lang='grc'><strong>11</strong></span> <span class='ocrx_word' id='word_1_447' title='bbox 316 4365 436 4424; x_wconf 87' lang='grc'>81111818</span> <span class='ocrx_word' id='word_1_448' title='bbox 460 4362 690 4424; x_wconf 88' lang='lat' dir='ltr'><strong>adolescentium</strong></span> <span class='ocrx_word' id='word_1_449' title='bbox 714 4362 752 4422; x_wconf 91' lang='lat' dir='ltr'><strong>ad</strong></span> <span class='ocrx_word' id='word_1_450' title='bbox 774 4361 939 4422; x_wconf 86' lang='lat' dir='ltr'><strong>sacerdotia</strong></span> <span class='ocrx_word' id='word_1_451' title='bbox 961 4359 1185 4422; x_wconf 84' lang='lat' dir='ltr'><strong>erudiendorum</strong></span> <span class='ocrx_word' id='word_1_452' title='bbox 1215 4379 1304 4421; x_wconf 87' lang='lat' dir='ltr'><strong>eausa</strong></span> <span class='ocrx_word' id='word_1_453' title='bbox 1333 4361 1528 4421; x_wconf 88' lang='lat' dir='ltr'><strong>monastario-</strong></span> 
     </span>
     <span class='ocr_line' id='line_1_46' title="bbox 165 4446 1529 4526; baseline -0.001 -17"><span class='ocrx_word' id='word_1_454' title='bbox 165 4451 411 4511; x_wconf 83' lang='lat' dir='ltr'><strong>ruminiacum</strong></span> <span class='ocrx_word' id='word_1_455' title='bbox 440 4453 619 4511; x_wconf 89' lang='lat' dir='ltr'><strong>constitutae</strong></span> <span class='ocrx_word' id='word_1_456' title='bbox 649 4457 748 4522; x_wconf 90' lang='lat' dir='ltr'><strong>erant,</strong></span> <span class='ocrx_word' id='word_1_457' title='bbox 778 4448 896 4526; x_wconf 87' lang='lat' dir='ltr'><strong>publice</strong></span> <span class='ocrx_word' id='word_1_458' title='bbox 925 4451 1091 4509; x_wconf 88' lang='lat' dir='ltr'><strong>institutum</strong></span> <span class='ocrx_word' id='word_1_459' title='bbox 1114 4457 1145 4510; x_wconf 90' lang='lat' dir='ltr'><strong>et</strong></span> <span class='ocrx_word' id='word_1_460' title='bbox 1166 4448 1204 4508; x_wconf 91' lang='lat' dir='ltr'><strong>ad</strong></span> <span class='ocrx_word' id='word_1_461' title='bbox 1227 4446 1408 4508; x_wconf 85' lang='lat' dir='ltr'><strong>academiam</strong></span> <span class='ocrx_word' id='word_1_462' title='bbox 1440 4463 1529 4524; x_wconf 86' lang='lat' dir='ltr'><strong>prae·</strong></span> 
     </span>
     <span class='ocr_line' id='line_1_47' title="bbox 165 4536 1528 4616; baseline -0.003 -18"><span class='ocrx_word' id='word_1_463' title='bbox 165 4548 310 4616; x_wconf 89' lang='lat' dir='ltr'><strong>paratum</strong></span> <span class='ocrx_word' id='word_1_464' title='bbox 334 4555 398 4598; x_wconf 88' lang='lat' dir='ltr'><strong>esse</strong></span> <span class='ocrx_word' id='word_1_465' title='bbox 422 4537 570 4613; x_wconf 84' lang='lat' dir='ltr'><strong>videmus,</strong></span> <span class='ocrx_word' id='word_1_466' title='bbox 600 4541 629 4596; x_wconf 92' lang='grc'><strong>11</strong></span> <span class='ocrx_word' id='word_1_467' title='bbox 654 4553 743 4614; x_wconf 92' lang='lat' dir='ltr'><strong>quam</strong></span> <span class='ocrx_word' id='word_1_468' title='bbox 764 4543 916 4612; x_wconf 87' lang='lat' dir='ltr'><strong>promotos</strong></span> <span class='ocrx_word' id='word_1_469' title='bbox 939 4553 1016 4596; x_wconf 89' lang='grc'>8188</span> <span class='ocrx_word' id='word_1_470' title='bbox 1043 4542 1135 4597; x_wconf 82' lang='grc'>1889.</span> <span class='ocrx_word' id='word_1_471' title='bbox 1163 4536 1206 4594; x_wconf 90' lang='lat' dir='ltr'><strong>ibi</strong></span> <span class='ocrx_word' id='word_1_472' title='bbox 1227 4551 1345 4610; x_wconf 90' lang='lat' dir='ltr'><strong>quoque</strong></span> <span class='ocrx_word' id='word_1_473' title='bbox 1367 4537 1475 4611; x_wconf 88' lang='grc'>8811111</span> <span class='ocrx_word' id='word_1_474' title='bbox 1496 4537 1528 4594; x_wconf 85' lang='lat' dir='ltr'><strong>iu</strong></span> 
     </span>
     <span class='ocr_line' id='line_1_48' title="bbox 165 4621 1528 4703; baseline -0.001 -18"><span class='ocrx_word' id='word_1_475' title='bbox 165 4628 331 4686; x_wconf 89' lang='lat' dir='ltr'><strong>seminario</strong></span> <span class='ocrx_word' id='word_1_476' title='bbox 346 4625 670 4703; x_wconf 84' lang='lat' dir='ltr'><strong>Tubingensl&#39;publica</strong></span> <span class='ocrx_word' id='word_1_477' title='bbox 692 4627 819 4700; x_wconf 84' lang='lat' dir='ltr'><strong>pecunia</strong></span> <span class='ocrx_word' id='word_1_478' title='bbox 841 4631 1032 4698; x_wconf 90' lang='lat' dir='ltr'><strong>sustentatus,</strong></span> <span class='ocrx_word' id='word_1_479' title='bbox 1057 4625 1161 4702; x_wconf 89' lang='lat' dir='ltr'><strong>partim</strong></span> <span class='ocrx_word' id='word_1_480' title='bbox 1183 4623 1296 4698; x_wconf 85' lang='lat' dir='ltr'><strong>patriae</strong></span> <span class='ocrx_word' id='word_1_481' title='bbox 1318 4621 1399 4682; x_wconf 85' lang='lat' dir='ltr'><strong>urbis</strong></span> <span class='ocrx_word' id='word_1_482' title='bbox 1422 4623 1528 4683; x_wconf 87' lang='lat' dir='ltr'><strong>annuis</strong></span> 
     </span>
     <span class='ocr_line' id='line_1_49' title="bbox 165 4709 1528 4788; baseline -0.004 -11"><span class='ocrx_word' id='word_1_483' title='bbox 165 4714 324 4777; x_wconf 87' lang='lat' dir='ltr'><strong>beneficiis</strong></span> <span class='ocrx_word' id='word_1_484' title='bbox 356 4711 475 4788; x_wconf 86' lang='lat' dir='ltr'><strong>adjutus</strong></span> <span class='ocrx_word' id='word_1_485' title='bbox 508 4719 562 4774; x_wconf 87' lang='lat' dir='ltr'><strong>sat.</strong></span> <span class='ocrx_word' id='word_1_486' title='bbox 607 4709 764 4771; x_wconf 79' lang='lat' dir='ltr'><strong>studiosus</strong></span> <span class='ocrx_word' id='word_1_487' title='bbox 793 4709 927 4770; x_wconf 85' lang='lat' dir='ltr'><strong>Joannes</strong></span> <span class='ocrx_word' id='word_1_488' title='bbox 957 4718 1008 4770; x_wconf 90' lang='lat' dir='ltr'><strong>aut</strong></span> <span class='ocrx_word' id='word_1_489' title='bbox 1037 4715 1102 4788; x_wconf 89' lang='lat' dir='ltr'><strong>ipsa</strong></span> <span class='ocrx_word' id='word_1_490' title='bbox 1123 4726 1175 4785; x_wconf 90' lang='lat' dir='ltr'><strong>per</strong></span> <span class='ocrx_word' id='word_1_491' title='bbox 1196 4725 1243 4783; x_wconf 89' lang='grc'><strong>88,</strong></span> <span class='ocrx_word' id='word_1_492' title='bbox 1273 4714 1326 4768; x_wconf 92' lang='grc'><strong>881</strong></span> <span class='ocrx_word' id='word_1_493' title='bbox 1352 4709 1528 4786; x_wconf 86' lang='grc'>8811118188</span> 
     </span>
    </p>
   </div>
   <div class='ocr_carea' id='block_1_7' title="bbox 126 4779 1527 4966">
    <p class='ocr_par' dir='ltr' id='par_1_9' title="bbox 126 4779 1527 4966">
     <span class='ocr_line' id='line_1_50' title="bbox 126 4779 1524 4874; baseline -0.003 -12"><span class='ocrx_word' id='word_1_494' title='bbox 126 4779 133 4800; x_wconf 55' lang='lat'>⁵</span> <span class='ocrx_word' id='word_1_495' title='bbox 165 4819 233 4862; x_wconf 91' lang='lat' dir='ltr'><strong>cum</strong></span> <span class='ocrx_word' id='word_1_496' title='bbox 257 4805 372 4874; x_wconf 89' lang='lat' dir='ltr'><strong>matre,</strong></span> <span class='ocrx_word' id='word_1_497' title='bbox 401 4799 505 4874; x_wconf 90' lang='grc'>118118,</span> <span class='ocrx_word' id='word_1_498' title='bbox 535 4815 634 4859; x_wconf 89' lang='grc'>881818</span> <span class='ocrx_word' id='word_1_499' title='bbox 658 4801 831 4859; x_wconf 88' lang='lat' dir='ltr'><strong>commercia</strong></span> <span class='ocrx_word' id='word_1_500' title='bbox 852 4797 957 4858; x_wconf 87' lang='lat' dir='ltr'><strong>habuit</strong></span> <span class='ocrx_word' id='word_1_501' title='bbox 979 4813 1089 4874; x_wconf 90' lang='lat' dir='ltr'><strong>eosque</strong></span> <span class='ocrx_word' id='word_1_502' title='bbox 1110 4795 1237 4854; x_wconf 86' lang='lat' dir='ltr'><strong>maxima</strong></span> <span class='ocrx_word' id='word_1_503' title='bbox 1268 4797 1390 4858; x_wconf 83' lang='lat' dir='ltr'><strong>caritate</strong></span> <span class='ocrx_word' id='word_1_504' title='bbox 1412 4795 1524 4858; x_wconf 84' lang='lat' dir='ltr'><strong>dilexit.</strong></span> 
     </span>
     <span class='ocr_line' id='line_1_51' title="bbox 164 4881 1527 4966; baseline -0.004 -12"><span class='ocrx_word' id='word_1_505' title='bbox 164 4890 226 4954; x_wconf 83' lang='lat' dir='ltr'><strong>Sed</strong></span> <span class='ocrx_word' id='word_1_506' title='bbox 249 4905 323 4952; x_wconf 88' lang='lat' dir='ltr'><strong>curn</strong></span> <span class='ocrx_word' id='word_1_507' title='bbox 345 4893 449 4962; x_wconf 76' lang='lat' dir='ltr'><strong>nater,</strong></span> <span class='ocrx_word' id='word_1_508' title='bbox 472 4888 539 4963; x_wconf 88' lang='lat' dir='ltr'><strong>ipsa</strong></span> <span class='ocrx_word' id='word_1_509' title='bbox 561 4885 688 4965; x_wconf 79' lang='lat' dir='ltr'><strong>legendi,</strong></span> <span class='ocrx_word' id='word_1_510' title='bbox 712 4885 858 4948; x_wconf 85' lang='lat' dir='ltr'><strong>scribendi</strong></span> <span class='ocrx_word' id='word_1_511' title='bbox 872 4887 986 4964; x_wconf 88' lang='lat' dir='ltr'><strong>ignara,</strong></span> <span class='ocrx_word' id='word_1_512' title='bbox 1010 4887 1040 4945; x_wconf 89' lang='lat' dir='ltr'><strong>in</strong></span> <span class='ocrx_word' id='word_1_513' title='bbox 1053 4881 1193 4962; x_wconf 79' lang='lat' dir='ltr'><strong>legendis,</strong></span> <span class='ocrx_word' id='word_1_514' title='bbox 1216 4881 1379 4954; x_wconf 81' lang='grc'>8811188118</span> <span class='ocrx_word' id='word_1_515' title='bbox 1393 4883 1527 4966; x_wconf 84' lang='lat' dir='ltr'><strong>epistolis</strong></span> 
     </span>
    </p>
   </div>
   <div class='ocr_carea' id='block_1_8' title="bbox 0 0 1798 5540">
    <p class='ocr_par' dir='ltr' id='par_1_10' title="bbox 0 0 1798 5540">
     <span class='ocr_line' id='line_1_52' title="bbox 0 0 1798 5540; baseline 0 5"><span class='ocrx_word' id='word_1_516' title='bbox 0 0 1798 5540; x_wconf 95' lang='lat' dir='ltr'><strong> </strong></span> 
     </span>
    </p>
   </div>
  </div>
 </body>
</html>
