3588 5540
783 406 898 482 Koplari
915 421 997 466 mors.
1475 405 1538 478 921

177 581 260 648 'mibi
282 587 380 666 Prcga
407 589 572 650 submissae
600 605 707 666 reaque
735 589 951 669 typographica
982 587 1021 650 ad
1051 606 1147 652 meam
1176 589 1270 667 ipsius
1300 605 1399 650 euram
1426 587 1538 664 recidit,

189 678 339 754 occupatis
368 677 455 738 nobis
484 679 513 736 iu
541 677 643 754 proalo
667 695 683 738 a
705 676 867 756 longinque
898 676 1077 755 asportando
1104 694 1300 756 supervenere
1330 675 1479 738 calendae
1510 683 1540 738 at

190 763 286 825 adbuc
312 763 484 841 pretneris
507 767 575 825 anni
594 765 658 842 jam
680 767 809 826 ineuntis
832 766 1025 826 Francofurto
1047 773 1195 827 raverteua
1218 765 1319 826 haeret
1340 767 1369 824 in
1391 767 1505 826 itinera.

290 863 435 921 Dadioatio
453 863 665 935 prameridum
683 865 771 936 partis
789 865 925 921 secundae
943 863 992 936 (ad
1009 863 1137 920 Ananiae
1154 863 1275 934 ordines)
1300 864 1364 920 dats
1381 870 1424 921 ast
1441 863 1541 932 Sagani

187 951 258 1008 idib.
282 951 358 1023 Sept.
388 952 468 1018 1630,
493 950 541 1007 ills
563 953 648 1021 partis
674 952 772 1008 tertiae
797 952 881 1020 (Julio
904 953 1007 1022 scripta
1029 949 1064 1008 ad
1085 937 1323 1020 Wallenstenium)
1349 952 1423 1009 tram
1443 952 1543 1007 babela

187 1035 299 1096 Nactus
332 1051 399 1096 sum
433 1033 578 1112 collegam
608 1034 647 1096 ad
678 1033 761 1113 Opus
792 1035 1019 1113 premaridum
1054 1037 1283 1098 coadunandum
1318 1035 1538 1117 (Bartaebiuml,

189 1165 296 1186 .....
312 1122 423 1200 Sagani
456 1123 574 1184 absolvi
603 1131 714 1184 tomum
743 1123 821 1184 bunc
843 1123 1069 1201 premeridum
1101 1125 1131 1182 in
1157 1141 1249 1184 annos
1274 1130 1325 1186 20.
1364 1123 1540 1186 .....Sad

189 1211 333 1287 superfuit
355 1227 414 1270 nou
436 1211 560 1272 minima
581 1211 759 1285 sollicitudo,
783 1211 931 1288 quomodo
947 1211 1149 1272 extruderetur
1165 1227 1240 1288 opus
1262 1213 1292 1272 in
1305 1212 1465 1288 publicum.
1483 1259 1490 1271 .
1507 1253 1541 1272 ..

187 1297 333 1360 Subsanit
354 1297 540 1368 incommodo
563 1298 792 1377 (autoffiapbnm
815 1297 1031 1360 transmittendi
1047 1300 1076 1356 in
1092 1298 1286 1376 longinquum
1300 1299 1541 1377 typographiam)
1579 1325 1584 1336 ¹

187 1385 253 1446 Tua
275 1386 459 1460 benignitas,
479 1388 531 1463 qui
553 1403 684 1448 meorum
705 1404 826 1464 operum
849 1388 1063 1464 promotionem
1085 1403 1155 1466 curn
1175 1387 1303 1448 utilitate
1325 1388 1433 1446 civium
1456 1386 1541 1448 Tuo·

186 1490 249 1534 mm
273 1473 459 1550 conjunxisti,
482 1473 633 1551 Saganam
655 1474 752 1535 Tuum
775 1474 989 1554 typograpbeio
1012 1472 1252 1549 locupletandum
1275 1477 1425 1536 censuisti.
1450 1507 1488 1518 -

289 1573 451 1630 Proceribns
469 1573 608 1630 bincianis
630 1574 732 1643 granu
755 1575 812 1643 agit
830 1573 966 1643 lieplarus
988 1586 1039 1642 pro
1058 1571 1260 1640 benevelentia,
1285 1587 1341 1642 qua
1365 1577 1494 1641 acceptus
1512 1575 1542 1626 at

186 1660 314 1718 dimisum
325 1660 410 1716 fuerit
424 1676 496 1716 anuo
512 1661 588 1730 1628,
607 1661 708 1718 exiisse
724 1663 835 1732 planum
847 1659 956 1729 gaudio,
974 1658 1046 1730 quod
1061 1660 1190 1716 retineret
1200 1657 1377 1714 nihilomiuus
1391 1658 1542 1724 ,Patronus

186 1751 360 1806 consuetos“.
400 1741 527 1821 ,Omnia
548 1743 629 1804 bona
649 1759 705 1802 ana
725 1760 826 1805 seeum
852 1751 1004 1820 asportare
1033 1744 1177 1820 gloriatus
1200 1751 1244 1804 est
1266 1741 1317 1802 llla
1338 1739 1542 1819 pbilosopbus,

191 1849 248 1912 ego
271 1849 341 1894 vero
365 1833 454 1892 etiam
477 1830 583 1890 Vestra
604 1839 812 1894 mecum-tnnc
833 1833 1004 1907 exportari,
1027 1829 1162 1908 pauculis
1184 1833 1258 1890 mela
1283 1829 1406 1890 Vestrae
1428 1827 1541 1890 tutelae

190 1919 310 1994 relictis,
333 1937 392 1980 nou
415 1917 552 1996 equidem
576 1923 610 1976 ut
631 1917 693 1979 Vos
717 1919 921 1996 exspoliarem,
944 1918 998 1979 sed
1021 1928 1053 1978 nt
1076 1919 1183 1979 affecta
1204 1916 1387 1996 perficerem,
1411 1916 1542 1995 perfecta

187 2007 226 2068 ad
249 2025 304 2068 vos
326 2009 519 2068 remitterem:
544 2004 753 2082 liphemaridas
775 2007 829 2068 bas
852 2009 972 2084 inquam
994 2023 1138 2067 annorum
1160 2011 1196 2080 8,
1227 2007 1395 2066 successive
1418 2020 1543 2080 compn-

187 2102 265 2156 tatas
289 2097 362 2156 inter
384 2109 469 2156 ouras
491 2092 673 2154 Tabularum
696 2092 845 2171 Redolpbi
876 2093 1002 2169 majorca
1031 2095 1165 2171 interque
1197 2095 1303 2152 itinera
1329 2093 1544 2170 longinquant

187 2182 332 2257 diuturna,
357 2181 436 2243 dorni
458 2181 547 2242 etiam
570 2196 630 2258 qua
651 2189 816 2257 temporum
832 2180 1013 2255 difficultate,
1037 2199 1125 2256 quam
1148 2179 1275 2240 infandis
1297 2179 1383 2240 malis
1406 2179 1542 2257 publicis,

186 2288 246 2332 uon
277 2271 360 2332 lubet
389 2270 558 2332 meminisse
561 2309 672 2329 .....
718 2267 805 2329 Hanc
836 2275 950 2346 partem
980 2266 1087 2345 Operis
1114 2266 1384 2346 prameridasque
1413 2267 1544 2329 nondum

187 2359 296 2432 editas,
325 2374 403 2418 nunc
426 2372 496 2418 vero
519 2354 672 2417 absolutas
694 2355 753 2418 boo
774 2359 839 2433 ipso
861 2364 1008 2434 tempora,
1039 2374 1098 2432 quo
1122 2355 1160 2416 ad
1183 2356 1246 2417 Vos
1276 2372 1323 2416 ma
1354 2371 1543 2416 curararum

186 2464 317 2508 mearum
339 2448 368 2505 in
391 2445 545 2523 provincia
566 2444 734 2505 relictarum
758 2444 902 2518 advocat,
925 2445 1113 2522 praemittere
1136 2441 1233 2515 volui,
1263 2450 1296 2503 ut
1318 2444 1448 2520 proxima
1469 2443 1544 2502 sub-

186 2541 324 2596 secuturo
354 2535 435 2594 ιίιιιιι
457 2530 497 2593 ad
517 2532 642 2610 gratiam
666 2530 802 2593 Vestram
829 2535 976 2610 aperirent
1002 2531 1215 2608 absentiaeqna
1245 2531 1391 2592 biennalis
1412 2533 1544 2591 rationes
1609 2549 1614 2566 ·

187 2622 366 2701 expedirent.
393 2655 432 2666 -
1172 2639 1176 2656 ·

290 2713 334 2768 Ad
354 2710 582 2777 ,revolutionemt
602 2711 666 2766 anni
683 2709 736 2768 boe
754 2709 982 2784 deprehendimus
1001 2716 1174 2766 mactatum:
1206 2705 1286 2766 Nata
1307 2711 1353 2766 est
1373 2703 1435 2764 filia
1456 2703 1544 2764 Αιιιιιι

186 2795 284 2858 Maria
308 2799 357 2856 18.
382 2795 491 2873 Aprilis
514 2793 634 2870 Sagauf.
678 2795 834 2873 Baptisata
837 2838 968 2858 ......
992 2794 1132 2854 Patrimi:
1156 2794 1234 2854 Fran
1259 2792 1346 2852 Anna
1368 2793 1465 2850 Brisin
1488 2809 1543 2868 ga-

185 2902 278 2963 poma
307 2882 483 2954 Gallnitniu,
516 2881 611 2942 Adam
639 2882 739 2954 Brisa,
770 2881 1072 2945 Tacharnhansiscbar
1095 2881 1285 2961 Hauptmaun
1315 2897 1352 2940 en
1374 2879 1542 2956 Hanwigs-

187 2972 314 3047 wadan,
340 2971 441 3048 Agnes
463 2969 603 3044 Wiscriu,
626 2969 703 3031 Herr
726 2969 869 3035 Geminus
893 2968 1014 3050 Capella
1038 2967 1084 3028 Ol.
1110 2968 1406 3046 Giittarbauptmauu.

291 3072 429 3142 liaplerus
448 3079 479 3127 ut
497 3068 668 3126 distractioni
680 3070 893 3141 prameridnm
905 3069 1076 3141 prospiceret
1089 3067 1223 3138 simulque
1241 3065 1374 3137 pecunias
1391 3065 1420 3120 in
1430 3064 1544 3120 Austris

186 3157 329 3229 superiora
346 3166 441 3215 mutuo
460 3158 538 3215 datas
557 3157 645 3226 (cene
662 3161 785 3228 usuram)
800 3161 993 3228 ,antemnates
1019 3173 1070 3211 nee
1089 3171 1143 3210 non
1161 3161 1191 3210 ut
1209 3155 1244 3210 ab
1262 3153 1431 3223 Imperatore
1448 3151 1543 3206 Perdi·

185 3247 278 3304 nando
290 3247 326 3302 11.
344 3254 402 3302 tum
421 3246 449 3301 in
468 3242 583 3301 comitiis
601 3243 770 3300 Ratisbonaa
788 3254 914 3302 versante
932 3246 1092 3315 impetraret
1109 3241 1273 3296 solutionem
1291 3239 1469 3310 pecuniarum
1483 3237 1543 3308 jam

186 3334 291 3404 pridem
309 3334 363 3404 ipsi
380 3333 582 3405 promissarum,
600 3331 676 3388 initio
689 3331 815 3388 Octobris
829 3333 936 3400 Sagana
956 3331 1082 3388 discessit
1098 3329 1194 3386 relicta
1211 3329 1249 3386 ibi
1267 3325 1377 3396 familis,
1395 3341 1480 3398 eques
1492 3343 1543 3400 par

184 3419 306 3491 Lipsiarn
325 3419 381 3487 (ubi
398 3435 448 3490 per
465 3419 570 3488 aliquot
582 3419 640 3476 dies
652 3417 725 3489 apud
742 3420 856 3476 amicum
870 3419 1016 3475 blttllerum
1033 3417 1259 3486 commorabatur,
1277 3421 1353 3474 certa
1371 3417 1544 3485 utrmque

185 3509 222 3564 ad
239 3507 283 3566 tt.
303 3507 475 3576 Octobris⁸jl
495 3506 673 3563 Rstbbonam
689 3507 825 3575 pervenit,
850 3506 914 3562 binc
931 3507 1021 3561 iturus
1037 3506 1169 3563 bincium.
1206 3505 1309 3560 Fessus
1334 3503 1430 3560 itinera
1447 3503 1544 3573 paneis

185 3600 250 3665 post
266 3595 414 3652 adrentum
432 3594 531 3650 diebus
551 3591 703 3662 aegrotant
720 3599 748 3648 et
765 3591 810 3652 die
827 3593 909 3662 5·f¹5·
927 3593 1087 3650 Novembris
1105 3599 1228 3650 mortuus
1247 3599 1297 3648 ast.

289 3683 332 3738 De
349 3682 444 3737 morbo
463 3675 492 3736 et
510 3679 587 3736 obitu
604 3678 715 3749 Kepleri
731 3677 801 3734 baae
818 3678 903 3734 refert
916 3679 1067 3736 Ratisbona
1079 3679 1231 3752 Tubingam
1249 3679 1277 3736 S.
1295 3679 1413 3736 bauains
1432 3679 1460 3734 iu
1479 3678 1542 3734 lita·

187 3769 234 3836 ris,
253 3783 322 3838 quas
339 3769 368 3824 iu
384 3767 520 3825 nomano
538 3767 613 3836 regio
632 3766 838 3836 stuttgartiansi
851 3765 1036 3838 deprehensas
1055 3767 1204 3826 liberaliter
1216 3785 1277 3826 curu
1296 3769 1376 3827 nobb
1393 3767 1542 3826 mmmcm-

186 3855 257 3912 earit
274 3855 404 3911 ubularii
422 3852 578 3924 praefactus
595 3853 631 3911 D.
648 3851 781 3909 Kaualer:

291 3941 370 3998 Salva
388 3947 416 3996 et
433 3948 464 3996 tu
477 3941 647 3997 literatorum
659 3947 687 3996 et
700 3942 849 3997 amicorum
866 3956 987 3999 maurum
999 3943 1137 4013 princeps,
1156 3947 1184 3998 et
1196 3956 1266 4011 qnae
1284 3941 1431 3998 Fisobarus
1448 3947 1542 3998 naam

184 4047 239 4086 nun
256 4030 296 4086 ita
311 4031 417 4099 pridem
436 4031 470 4088 de
482 4029 577 4085 ultimo
590 4027 720 4099 Kappleri
738 4027 835 4084 itinera
846 4029 881 4086 ad
900 4029 1014 4085 amicum
1028 4032 1164 4100 quendam
1176 4033 1334 4101 scripserat,
1353 4030 1447 4100 panas
1459 4030 1541 4088 baba.

188 4117 329 4185 ,hullaxi
347 4133 382 4174 ex
399 4115 485 4174 literis
503 4116 571 4186 tuis,
596 4114 695 4172 lamam
713 4117 847 4173 demortui
865 4117 996 4187 Kappleri
1013 4117 1087 4186 apud
1104 4133 1153 4174 ros
1171 4116 1371 4188 percrebuisse.
1399 4115 1465 4172 Dixi
1479 4117 1539 4186 jam

187 4203 260 4274 quod
278 4204 349 4262 scira
366 4203 536 4261 desiderasti.
574 4203 638 4260 Fuit
655 4217 769 4276 nempe,
789 4203 842 4260 fuit
860 4209 888 4259 at
905 4203 975 4260 benl
1001 4204 1053 4261 tuit
1070 4204 1117 4262 ilfa
1134 4206 1250 4263 litanias
1273 4205 1364 4260 anima
1381 4210 1410 4260 et
1425 4203 1494 4260 vixit
1511 4205 1541 4262 in

290 4363 315 4432 ⁸)
333 4365 454 4432 Superest
471 4366 533 4416 base
550 4365 647 4416 suldula
665 4379 696 4416 ax
713 4363 779 4416 llbro
798 4362 1089 4434 amloorum[mamorlae
1106 4371 1204 4418 smnio
1223 4367 1352 4434 decumis,
1370 4380 1448 4432 quam
1467 4367 1538 4432 liap-

187 4436 254 4488 larua
273 4438 377 4504 Lipsiae
394 4438 508 4502 rallqutt:
995 4437 1002 4446 '

498 4519 619 4578 Radices
636 4521 731 4578 rir'em
748 4519 838 4592 Sopbi
854 4521 965 4579 uirtutis
982 4537 1106 4578 umores.

499 4591 598 4648 Drilon
614 4597 644 4649 ut
661 4592 773 4648 indultu
786 4597 903 4662 potrum
920 4599 960 4649 est
977 4593 1136 4649 academica
1153 4591 1220 4648 citu.

501 4661 525 4718 0
543 4679 644 4732 coccea,
663 4667 798 4732 qnantum
816 4668 856 4718 cat
869 4664 1012 4732 pecccatis
1030 4665 1135 4718 amosis
1151 4661 1252 4717 innoc!

288 4747 413 4805 ioannes
431 4746 574 4816 Rapiatur,
594 4749 661 4818 Imp.
682 4749 759 4802 Gaea.
779 4747 943 4803 Fordinaudi
961 4747 996 4804 Il.
1015 4764 1065 4804 nac
1082 4763 1136 4802 nen
1154 4745 1196 4801 lll.
1211 4745 1294 4800 Ducis
1306 4743 1443 4800 blaebalb.
1457 4745 1537 4803 Frid·

185 4820 294 4878 laudisa
313 4827 342 4874 et
360 4819 460 4888 Sagani
477 4824 543 4884 ete.,
562 4816 645 4873 Ordd.
663 4817 791 4874 dustria
809 4818 1032 4891 supr-Aniaauae
1050 4815 1270 4875 Mathematicus.
1307 4815 1410 4885 Scripsi
1427 4815 1540 4890 Lipsiae

186 4891 245 4951 XII.
265 4891 326 4956 Gai.
344 4889 476 4948 Neramb.
493 4887 572 4948 Anno
589 4887 756 4948 anem.
