3662 5544
242 397 309 470 838
752 393 816 452 viu
832 391 948 454 ioannis
964 391 1085 466 Koplari.

242 567 619 640 transumuntur,
642 583 697 628 non
715 567 787 626 enirn
804 569 857 626 ntai
879 569 949 625 bene
966 569 995 626 in
1012 571 1095 626 rebus
1112 569 1224 628 medicis
1249 572 1373 628 ιιιιιιιι
1390 569 1544 628 desistam.“
1567 601 1594 613 -

245 659 388 730 ,Grudeo,
412 657 509 716 ridnas
531 665 560 714 et
577 655 695 726 virgines
713 657 800 713 bonas
818 663 847 714 et
864 657 996 726 plurimas
1013 657 1088 728 apud
1104 673 1153 714 ros
1171 657 1283 715 venales
1300 673 1375 728 esee,
1399 675 1480 714 unam
1506 665 1598 714 tamen

242 761 292 824 pm
310 763 354 804 me
371 761 446 802 ernsa
464 745 557 812 velim,
584 743 709 814 pluribus
731 745 803 801 enirn
825 759 881 800 non
899 743 1009 816 indigeo
1032 752 1060 802 et
1075 745 1152 815 prius
1176 746 1210 801 do
1229 746 1393 802 domuncula
1410 747 1600 818 prospiciatur,
1633 803 1635 806 .

243 835 290 893 ubi
308 851 369 892 earn
386 833 528 890 includere
545 833 657 903 possim,
676 849 736 890 cum
754 847 864 888 renero.
901 832 939 887 At
955 831 1020 886 irinc
1039 832 1090 887 nisi
1110 831 1191 888 ialior
1208 832 1293 903 rides,
1308 834 1366 902 jam
1383 840 1412 888 te
1429 833 1508 890 nimis
1525 850 1600 902 tnag-

243 940 308 980 num
325 933 415 980 ratem
433 921 531 991 inisse,
551 921 598 990 qni
616 918 709 976 dixisti
726 917 863 988 suturam,
882 923 914 974 ut
931 917 1079 989 abnuendo
1097 918 1184 975 Ursus
1201 919 1249 976 ille
1267 920 1453 988 Semopctioua
1472 921 1599 988 (Ursinurn

243 1012 315 1078 dicit)
333 1011 372 1066 ite
389 1015 569 1080 mmauescat,
589 1013 621 1064 ut
633 1006 720 1064 serico
738 1005 786 1062 iiio
805 1021 836 1062 se
853 1005 882 1060 in
895 1005 1006 1060 Austris
1024 1005 1131 1076 alligari
1143 1007 1272 1076 patiatur.
1297 1005 1373 1062 Tuae
1386 1005 1600 1077 benevolentiac,

242 1105 358 1169 patrone
376 1111 488 1164 summa,
507 1095 560 1151 erit
576 1093 692 1151 consilio
710 1100 739 1149 et
756 1094 858 1150 anxilib
877 1095 943 1155 milti
961 1087 1129 1150 succurrere.
1164 1094 1244 1148 liiitto
1267 1093 1316 1148 tibi
1341 1093 1479 1164 exemplar
1498 1093 1601 1162 scripti,

241 1185 271 1240 in
287 1199 343 1254 quo
360 1183 396 1239 D.
408 1182 486 1252 Pepii
505 1181 612 1240 meoria
629 1179 730 1249 lapidis
747 1180 932 1251 philosophici
943 1179 1079 1238 refutatur
1097 1187 1125 1236 et
1142 1179 1212 1251 lapis
1230 1179 1275 1236 ille
1293 1179 1421 1236 anriiicus
1440 1178 1601 1235 detenditur.

242 1271 256 1326 1
271 1270 338 1340 jam,
357 1267 401 1325 dic
419 1268 567 1340 chymistas
585 1283 641 1324 nou
660 1283 742 1336 possa
759 1267 871 1325 noiolio
887 1270 916 1324 in
934 1285 1031 1325 aurum
1044 1275 1157 1324 mutare.
1183 1266 1321 1324 iudicium
1340 1275 1415 1322 tuum
1433 1266 1550 1324 libenter
1567 1265 1602 1322 do

242 1373 276 1414 eo
295 1355 391 1414 audire
402 1354 533 1412 ·relicm.“
570 1355 667 1412 Mense
686 1354 800 1410 Octobri
816 1354 915 1412 iterum
933 1355 990 1412 adit
1002 1347 1152 1425 Keplerum
1171 1356 1283 1411 crusina
1301 1356 1437 1412 scribens:
1456 1356 1603 1424 Epitomen

243 1455 319 1504 tuem
336 1445 434 1503 vellem
453 1444 579 1500 emissam
598 1457 669 1500 esse.
706 1445 744 1500 At
766 1442 866 1499 desunt
887 1440 1176 1512 fortassiaadjutores
1199 1449 1227 1498 at
1249 1443 1364 1498 ministri
1388 1442 1528 1510 editionis,
1554 1443 1601 1512 qui

243 1536 278 1591 ad
297 1533 487 1606 corrigendum
504 1530 627 1588 subsidio
646 1545 707 1586 esso
724 1531 842 1600 possint.
871 1531 934 1586 Etsi
951 1546 1002 1598 ego
1019 1528 1076 1598 jam
1095 1529 1130 1586 ad
1148 1545 1196 1584 ros
1214 1530 1350 1599 proficisci
1362 1545 1413 1588 nec
1430 1531 1532 1600 possim
1552 1545 1603 1585 neo
1668 1539 1672 1546 ·

243 1621 371 1688 debeam,
390 1617 544 1676 studiosum
561 1625 653 1673 umen
676 1617 893 1684 mathematices,
923 1617 1032 1673 Gallum
1051 1616 1175 1686 natione,
1201 1616 1295 1686 paucis
1319 1615 1420 1672 abhinc
1445 1615 1603 1686 septimanis

243 1707 371 1778 habebis,
396 1705 445 1776 qui
467 1720 577 1775 opernm
601 1719 679 1760 suam
702 1703 890 1762 lubentissime
914 1702 994 1758 etin
1018 1700 1129 1758 Tabulis
1153 1701 1334 1771 Rudolphinis
1357 1702 1532 1758 conficiendis
1551 1701 1603 1758 tibi

243 1793 353 1862 afferct3
372 1798 416 1848 est
427 1791 499 1846 enim
516 1791 598 1847 horno
616 1790 683 1848 sutis
701 1791 824 1848 eruditus
844 1798 873 1846 et
889 1791 1055 1858 ingeniosus,
1074 1793 1102 1844 ιι
1119 1788 1278 1846 celebritate
1290 1790 1409 1844 nominis
1419 1789 1459 1846 tni
1476 1789 1603 1846 inductus

243 1887 319 1938 tuam
337 1879 482 1936 amicitiam
501 1893 605 1934 summe
624 1878 738 1948 expetit.
767 1881 847 1945 (Dloit
864 1879 967 1930 crusina
986 1878 1223 1941 Gringalletum
1241 1878 1406 1944 sabaudum.)
1442 1877 1502 1931 Hac
1525 1892 1603 1933 occe·

244 1967 322 2024 sione
339 1965 465 2024 ιιιιιιιίι
484 1971 512 2020 ιι
529 1963 609 2033 piura
621 1980 735 2034 operum
748 1970 858 2020 tuorum
870 1963 959 2020 lucem
971 1962 1063 2018 ridere
1076 1971 1214 2032 poterunt
1239 1964 1457 2020 stereometriam
1474 1973 1551 2020 tuam
1569 1965 1603 2020 l).

244 2055 432 2123 Berncpgarns
457 2050 568 2108 summis
595 2066 678 2108 aare
695 2051 823 2121 precibus
847 2051 976 2121 extorsit,
999 2059 1169 2122 quapropter
1195 2067 1275 2122 rogor
1298 2058 1330 2108 ut
1356 2051 1495 2120 exemplar
1520 2069 1605 2108 unum

246 2140 436 2212 numericam,
455 2137 571 2194 alterum
590 2139 704 2196 latinum
722 2139 814 2195 statim
833 2153 965 2208 seponas,
984 2145 1016 2193 ut
1034 2155 1095 2194 curn
1114 2137 1149 2192 ad
1167 2155 1215 2194 ros
1233 2154 1331 2195 renero
1351 2137 1491 2195 inveniam.

349 2227 418 2284 Post
429 2225 566 2283 silentium
578 2227 640 2296 plus
652 2243 734 2298 quam
753 2226 880 2284 biennale
892 2227 1031 2298 chlcrus
1048 2225 1237 2282 Mnestlino
1256 2226 1326 2283 haec
1344 2226 1419 2282 dedit
1439 2227 1464 2284 d.
1479 2228 1507 2284 5.
1518 2227 1601 2298 Maii:

246 2313 307 2374 Diu
326 2311 390 2388 jnrn
412 2311 579 2371 intermisso
607 2312 682 2372 inter
712 2329 766 2374 nos
795 2310 942 2376 scribendi
972 2312 1069 2374 nitido
1098 2331 1164 2374 sese
1187 2313 1271 2372 offert
1298 2312 1375 2372 lator
1396 2315 1603 2390 praesentium,

247 2399 290 2462 Μ.
313 2397 336 2459 J
343 2415 371 2461 o.
394 2395 554 2458 Strauss
577 2398 790 2474 Dentiscanus,
823 2401 878 2477 qui
896 2399 1079 2484 aliquamdiu
1101 2399 1245 2476 collegam
1268 2401 1329 2476 egit
1355 2401 1387 2459 in
1408 2400 1511 2461 ecbola
1532 2419 1604 2478 pro·

249 2485 383 2558 vincinii,
411 2484 624 2546 mathematnm
654 2505 757 2548 amaus
780 2495 809 2548 et
832 2486 939 2562 calculi
960 2489 1088 2566 peritus,
1111 2489 1167 2548 etsi
1190 2487 1330 2564 quamdiu
1352 2487 1401 2547 bic
1423 2487 1478 2548 luit
1499 2505 1603 2566 parum

247 2593 294 2635 me
313 2574 420 2650 juvare
443 2575 539 2649 potuit
561 2575 626 2645 (cir.
644 2575 697 2634 rol.
718 2577 763 2634 VI.
790 2594 816 2648 p.
837 2579 893 2648 lb).
908 2619 914 2633 .
930 2618 937 2631 .
951 2618 979 2636 ..
1023 2574 1173 2653 Superiori
1196 2591 1273 2634 anno
1296 2574 1533 2636 stereometriam
1557 2577 1603 2651 ogi

127 2709 129 2714 -
248 2670 281 2724 ut
303 2659 427 2722 materia
448 2659 585 2736 populari
607 2662 835 2738 typographum,
860 2664 910 2738 qui
934 2669 995 2722 turn
1018 2661 1075 2723 irnc
1100 2669 1227 2736 venerat,
1248 2663 1393 2738 juvarem,
1417 2681 1454 2722 ne
1476 2681 1511 2723 ex
1534 2665 1604 2722 aula

249 2750 397 2810 Caesarea
417 2747 602 2808 resisteretur
625 2749 688 2825 ejus
712 2751 768 2810 arti
792 2749 840 2810 iric
863 2749 1068 2810 instituendae.
1100 2749 1280 2826 Scripseram
1302 2757 1370 2810 ante
1394 2753 1602 2826 sesquiannum

249 2837 288 2898 ad
310 2854 364 2897 rex
385 2837 510 2912 paginas
533 2851 599 2894 cnm
622 2842 725 2914 typum
756 2837 868 2913 incepi,
898 2855 998 2896 rerum
1029 2837 1104 2898 adeo
1135 2838 1205 2896 mibi
1229 2854 1287 2897 non
1316 2838 1520 2912 satisfecerunt
1542 2837 1603 2912 illa,

249 2931 283 2984 ιι
304 2939 427 2996 ιοιιιι,
449 2918 630 2999 prohdolor,
653 2926 783 2999 integros
798 2941 913 2984 menses
937 2926 1144 2984 consumserim
1167 2925 1323 3000 augendis,
1346 2928 1512 3001 germanice
1535 2942 1602 2985 ror·

250 3010 354 3084 tendis,
372 3007 554 3071 emendando
570 3015 652 3087 typo,
668 3010 851 3072 delineandis
866 3010 987 3072 rudibus
1002 3012 1115 3074 scilicet
1129 3013 1337 3073 schematibus.
1354 3045 1394 3058 —
1412 3015 1497 3072 rinno
1508 3019 1601 3074 1614

250 3115 303 3176 per
325 3104 468 3159 aestatem
498 3100 638 3156 successit
668 3100 697 3158 in
720 3097 844 3158 Veneria
873 3099 1002 3172 mentia,
1033 3117 1111 3160 anno
1143 3105 1234 3162 1615
1264 3100 1394 3160 hieme
1387 3118 1415 3158 nr
1439 3101 1601 3178 Mercurio3

251 3184 325 3248 nihii
348 3184 459 3245 hahent
488 3177 612 3262 praei),
630 3164 670 3265 Ἃ
689 3193 712 3256 ,5
733 3185 890 3262 peculiare.
936 3184 1043 3248 Omnia
1070 3187 1164 3247 elficio
1194 3189 1263 3248 orbe
1294 3205 1401 3265 magno
1424 3187 1550 3248 Telluris
1573 3199 1603 3246 et

253 3271 377 3350 simplici
400 3273 572 3346 eccentrico,
595 3271 713 3348 qualem
727 3271 855 3333 habeo
847 3291 876 3331 ιι
894 3271 999 3338 Marte.
1030 3271 1149 3335 Adorno
1165 3293 1242 3336 nnnc
1258 3277 1455 3352 Epitomes
1471 3275 1602 3336 Astro-

226 3360 405 3420 'nomiae
428 3357 716 3436 Goperuicauae
740 3359 907 3434 editionem,
931 3361 984 3424 sed
1007 3361 1075 3420 dnm
1091 3361 1129 3424 ad
1146 3361 1259 3422 Lunam
1277 3365 1371 3435 venio,
1395 3363 1491 3439 plus
1482 3364 1603 3424 rnrenio

170 3473 173 3481 ·
253 3448 388 3508 laborum
411 3463 500 3522 quam
524 3463 669 3524 unquam,
700 3465 765 3506 cnm
789 3456 886 3508 tamen
909 3451 1062 3525 potissima
1084 3468 1103 3510 a
1125 3449 1266 3528 'l'yobone
1289 3450 1405 3510 Braheo
1432 3452 1491 3510 sint
1512 3450 1604 3511 abao-

189 3525 191 3536 '
253 3535 326 3600 luta.
371 3531 428 3594 illa
449 3531 529 3594 levia
551 3541 636 3609 sunt,
669 3534 747 3610 quod
779 3533 913 3596 diametri
942 3536 1083 3608 luminum
1114 3544 1143 3598 et
1165 3539 1284 3598 umbrae
1312 3537 1390 3614 apud
1420 3539 1516 3614 ipsum
1544 3555 1602 3598 non

156 3616 159 3626 ⁴
223 3655 228 3664 ·
253 3619 488 3698 correspondent,
512 3622 606 3697 major
621 3629 665 3682 cst
680 3639 750 3682 cura
764 3625 949 3699 aequationis
965 3626 1105 3700 temporis,
1124 3633 1152 3686 et
1168 3625 1246 3684 illius
1262 3625 1490 3702 inaequalitatis,
1513 3642 1603 3702 quam

259 3711 471 3772 Veriotioncm
495 3707 577 3770 dixit.
620 3707 697 3769 Nam
720 3727 779 3786 quo
802 3710 900 3787 piures
922 3711 987 3787 ejus
1009 3714 1145 3772 examino
1169 3714 1406 3792 observationes,
1429 3713 1485 3772 hoc
1507 3715 1604 3772 minus

241 3797 424 3877 uyobonua
447 3795 580 3858 Variatio
603 3795 760 3873 respondet
782 3799 959 3876 observatis,
990 3799 1066 3861 adeo
1096 3807 1128 3858 ut
1150 3799 1188 3860 ad
1213 3800 1350 3862 li-ib‘
1374 3799 1523 3862 dissideat.
1568 3800 1602 3858 ln

252 3887 299 3946 bis
322 3883 419 3944 adhuc
442 3882 557 3946 haereo.
587 3883 620 3942 In
645 3887 749 3945 ceteris
771 3885 814 3945 sic
836 3903 867 3945 se
891 3902 936 3946 res
959 3885 1064 3948 habet:
1087 3885 1174 3948 Luna
1196 3896 1242 3948 est
1264 3892 1350 3965 qnasi
1365 3887 1473 3964 duplex
1497 3903 1604 3964 corpus

252 3973 400 4049 habetque
423 3969 569 4048 duplicem
591 3971 733 4032 theoriam
755 3971 918 4051 physicam.
964 3973 1039 4036 Nam
1062 3976 1256 4051 inquantum
1285 3982 1330 4036 est
1352 3975 1458 4052 globus
1482 3976 1603 4052 integer,

252 4061 344 4124 habet
357 4077 413 4121 sua
427 4057 576 4118 filamenta
591 4061 764 4135 magnetica,
782 4061 888 4136 quibus
904 4059 1027 4123 allicitur
1042 4061 1107 4138 eius
1122 4072 1219 4124 motus
1240 4066 1418 4124 ecccntricus
1433 4061 1575 4122 a'l‘erra..
1585 4105 1603 4136 .,

252 4151 281 4208 in
305 4155 454 4225 quantum·
479 4163 547 4208 vero
570 4143 657 4206 Luna
683 4164 720 4207 ox
742 4145 863 4208 dimidio
894 4157 938 4210 est
967 4149 1147 4222 illuminata,
1177 4158 1211 4210 ut
1241 4157 1271 4210 et
1292 4151 1397 4224 Terra,
1426 4152 1605 4210 nanciscitur

252 4239 391 4298 virtutem
414 4231 503 4294 aliam
531 4239 749 4309 temporaneam
772 4241 827 4296 etc
872 4237 924 4294 Die
936 4241 961 4296 b.
975 4239 1050 4309 Sept.
1068 4241 1205 4310 prioribus
1217 4240 1284 4296 baec
1302 4240 1379 4297 addit
1390 4241 1540 4312 Keplerns:
1554 4283 1561 4296 .
1575 4279 1604 4294 ..

254 4323 357 4384 Lunae
380 4323 539 4384 varietates
564 4338 665 4382 omnes
688 4321 726 4394 ad
751 4340 856 4384 causas
870 4321 1009 4401 physicae
1025 4323 1158 4400 traduxi·
1182 4327 1324 4401 utigitur
1347 4332 1442 4384 certus
1458 4341 1553 4387 essem
1568 4324 1604 4385 do

254 4427 399 4472 consensu
422 4425 487 4468 oum
502 4407 673 4488 'lychone'
665 4427 695 4470 ru
718 4410 832 4486 effectu,
855 4410 1008 4472 scribenda
1021 4412 1077 4472 luit
1092 4369 1270 4489 Epicureus,
1294 4411 1428 4486 sedilia,
1451 4411 1604 4487 llercuies,

252 4501 315 4559 sine
337 4495 549 4558 sufficientibus
572 4495 696 4573 tabuiis,
726 4499 790 4558 sine
813 4497 980 4559 diductione
1003 4517 1055 4559 seu
1078 4504 1264 4584 expansione.
1309 4497 1335 4560 Ο
1358 4499 1460 4560 duram
1482 4501 1604 4577 proriu-

254 4585 347 4646 oiaml
393 4581 520 4644 Absolri
540 4583 664 4660 Lunam,
687 4592 799 4646 restant
823 4587 951 4662 quinque
974 4584 1119 4665 planetae.
1150 4587 1254 4648 Martia
1277 4587 1394 4663 qnidam
1416 4589 1604 4648 motusintrs

149 4671 153 4678 '
255 4676 273 4731 8
296 4669 395 4744 horse,
417 4673 443 4730 si
465 4673 594 4746 santur,
617 4689 738 4749 possum
761 4672 917 4747 conficere,
942 4672 1086 4736 Saturnus
1109 4683 1139 4737 ιι
1160 4674 1279 4754 Jupiter
1300 4691 1424 4753 parrum
1447 4677 1603 4736 eccontrici

254 4773 352 4819 arcum
375 4773 434 4818 uno
455 4775 533 4823 anno
556 4758 774 4834 conticinium
789 4760 905 4820 Venere
928 4769 958 4820 et
972 4760 1118 4824 Mercurio
1140 4765 1311 4841 potissimus
1333 4767 1390 4830 erit
1410 4763 1503 4836 labor,
1526 4779 1603 4822 nou-

254 4843 327 4914 duut
345 4845 424 4912 onio
445 4845 601 4914 absolutas
623 4855 693 4911 aaut
715 4845 853 4923 tabulae,
883 4847 1030 4930 ιιιιιιιι
1051 4868 1104 4934 por
1125 4851 1290 4932 uianguls,
1313 4858 1343 4916 et
1364 4854 1394 4916 in
1416 4857 1499 4916 notu
1520 4866 1603 4916 ιιιι·
