3662 5544
765 419 841 496 toa
859 405 938 480 1⁶⁰³·
1447 418 1511 490 ror

164 595 268 674 Neque
292 602 394 660 tamen
416 595 517 660 deamo
539 599 583 660 ita
609 596 730 672 leuiter,
762 601 832 678 quin
862 614 964 660 omnee
995 599 1227 660 circumstantias
1255 597 1344 676 iujm
1372 597 1459 661 aulae
1482 608 1513 662 et

164 685 366 760 praecentium
388 687 570 762 negotiorum
594 685 748 762 diligenter
769 685 943 763 expendam.
988 684 1107 748 Utinam
1128 689 1222 747 ita.in
1244 693 1361 764 promtu
1384 686 1454 746 milri
1474 690 1514 748 rit

165 771 267 848 aliqua
289 779 320 834 et
341 772 537 850 providentia.
583 775 627 836 Ac
650 791 706 850 ego
729 783 781 834 tua
802 775 894 834 verba
919 791 991 836 eane
1019 790 1077 835 non
1100 780 1213 834 mnium
1235 783 1269 834 nt
1289 776 1436 836 mouentia
1458 791 1512 836 ac-

165 861 259 936 cipio,
283 860 335 922 eed
359 863 447 922 ctiam
470 869 502 922 ut
524 861 678 922 concillum
702 861 870 937 deserentia,
900 877 960 922 ηηη
983 863 1116 937 obscura,
1139 863 1165 921 ei
1188 861 1305 940 quidem
1327 862 1357 922 ld
1380 879 1436 938 ego
1458 864 1514 923 eim

165 956 368 1026 concepturae.
414 946 512 1024 Quare
534 949 589 1010 tibi
610 948 836 1026 significandum
857 959 958 1026 aperte
980 958 1034 1024 eet,
1057 967 1104 1010 me
1118 957 1253 1026 paratum
1275 966 1340 1010 eree
1362 957 1392 1010 et
1415 957 1513 1010 atten-

167 1042 228 1095 tum
252 1035 291 1095 ad
312 1035 533 1115 percipiendum
555 1037 609 1098 alre
632 1045 671 1112 tc,
695 1053 823 1116 quonam
845 1037 933 1097 modo
955 1037 1043 1098 rebne
1065 1040 1139 1097 maie
1161 1039 1192 1096 in
1213 1037 1325 1111 loturae
1340 1051 1427 1098 caena
1441 1053 1514 1099 rec·

166 1125 278 1183 maimo
300 1133 489 1202 proepectum
510 1125 545 1183 iri
567 1141 696 1199 cenecae,
719 1141 817 1201 neque
838 1132 952 1186 tentum
973 1133 1094 1202 paratur
1117 1124 1235 1184 eumad
1250 1125 1437 1201 audiendum,
1460 1124 1513 1185 aed

168 1211 257 1271 etad
280 1211 477 1288 coquendum,
508 1229 567 1289 qua
587 1213 660 1272 mihi
682 1213 765 1287 licet,
794 1215 821 1272 ei
853 1213 932 1288 quod
960 1213 1014 1272 tibi
1043 1229 1102 1274 nou
1124 1211 1278 1274 condilum
1301 1220 1429 1288 tautum,
1461 1211 1514 1274 red

165 1297 301 1374 junctum
332 1299 475 1360 auxilinm
505 1303 544 1360 eit
573 1302 602 1358 in
625 1301 771 1362 manibus.
814 1299 880 1376 Ego
903 1299 939 1360 de
960 1317 1028 1362 mea
1048 1302 1191 1361 tenuitate
1221 1299 1345 1375 addam,
1375 1317 1453 1377 quae
1474 1299 1513 1361 ad

166 1385 351 1447 formandam
384 1387 624 1448 deliberationem
653 1388 729 1448 hano
758 1389 903 1464 pertinere
932 1389 1089 1450 arbitratus
1117 1389 1210 1450 luero.
1264 1386 1417 1464 Quaedam
1444 1396 1513 1448 eunt

166 1473 289 1550 majora,
314 1491 402 1552 quam
423 1483 456 1536 ut
477 1475 664 1552 providentie
678 1477 792 1554 poreint
804 1478 907 1550 averti,
931 1484 961 1536 et
976 1475 1026 1536 ubi
1040 1475 1295 1556 deprecationibus
1310 1478 1406 1553 magle
1421 1493 1513 1554 egeu-

167 1560 262 1622 dum„
291 1561 366 1622 Nam
388 1564 414 1623 ei
443 1561 559 1624 coelum
581 1571 662 1636 ruat,
692 1565 758 1640 quie
785 1564 815 1622 iu
837 1562 935 1624 'l'errie
964 1570 1045 1624 tutuo
1075 1579 1139 1624 eeee
1165 1562 1294 1640 poterit?
1330 1565 1371 1624 At
1390 1565 1417 1623 ei
1439 1564 1513 1624 lracc

166 1651 254 1724 ratic,
276 1651 307 1708 in
329 1667 389 1726 qna
409 1666 475 1710 eum
498 1650 598 1728 alique
620 1668 708 1712 manu
730 1650 881 1712 hominum
902 1651 1027 1727 navigo,
1049 1665 1188 1728 euperem
1208 1652 1253 1710 ira
1273 1659 1429 1728 mergatur,
1449 1651 1513 1728 jam

167 1736 203 1798 de
224 1735 393 1812 natadonc,
426 1737 534 1798 tabulis
556 1744 587 1799 et
607 1745 694 1816 portu
715 1738 915 1817 cogitandam.
957 1737 1146 1800 Relationem
1169 1739 1232 1814 jam
1254 1737 1346 1800 aemcl
1374 1737 1513 1800 dllliellll-

167 1841 244 1884 mem
267 1841 334 1885 eum
356 1831 510 1904 expertue;
534 1825 656 1886 tabulae
678 1826 749 1886 milri
771 1832 801 1886 et
822 1827 909 1900 remi,
934 1824 993 1888 hoo
1014 1835 1060 1886 cet
1081 1827 1257 1900 annuntie,
1280 1825 1335 1887 doe
1357 1833 1388 1886 et
1408 1825 1514 1887 heere·

168 1911 244 1972 ditae
266 1913 368 1974 uxoria
397 1915 493 1974 omnic
520 1930 596 1990 pene
623 1912 793 1974 addeceat
820 1914 851 1972 in
873 1913 982 1992 styria.
1026 1914 1073 1975 De
1095 1920 1180 1991 portu
1210 1916 1273 1975 acio
1301 1921 1331 1974 te
1352 1915 1514 1976 rectissime

168 1999 386 2076 coneulturnm,
419 2001 469 2079 qui
490 2009 538 2060 eat
563 2003 658 2076 noeti,
688 2017 743 2062 nec
774 2017 890 2062 omnem
912 2000 985 2062 mihi
1011 2000 1099 2062 licere
1125 2001 1207 2062 adire
1230 2009 1261 2063 et
1282 2001 1420 2078 expedire
1441 2004 1516 2064 mele

166 2087 281 2162 studiis,
306 2097 340 2149 nt
361 2106 450 2165 quam
472 2090 623 2148 minimum
645 2088 754 2148 telibue
776 2088 1000 2150 inundationum
1020 2089 1156 2166 procellie
1170 2090 1298 2164 feriatur,
1320 2092 1349 2148 iu
1365 2105 1452 2167 quem
1467 2103 1516 2150 me

167 2192 231 2237 eum
253 2183 434 2252 recepturae.
479 2175 597 2238 Sedfde
619 2175 679 2236 illie
702 2177 775 2238 meie
797 2179 902 2252 remie,
931 2176 988 2238 hoc
1016 2185 1062 2238 eat
1082 2176 1120 2238 de
1142 2176 1249 2238 dilecta
1270 2179 1396 2254 pecunia
1419 2178 1515 2239 dicam

164 2261 261 2341 plura.
306 2263 443 2324 Mortuue
466 2271 511 2324 cet
532 2271 601 2324 ente
623 2264 772 2324 biennium
794 2281 876 2326 enter
889 2281 982 2340 mene,
1004 2264 1115 2326 rellctie
1129 2265 1215 2326 bonie
1230 2264 1429 2326 immobilibue
1444 2283 1516 2328 eane

166 2367 225 2410 non
247 2351 470 2412 contemnendis
493 2368 550 2412 uno
574 2350 691 2412 milliari
714 2352 789 2414 inira
812 2350 973 2414 Graetinm.
1016 2351 1092 2414 llam
1122 2355 1206 2412 uxori
1227 2369 1310 2413 meae
1337 2369 1391 2430 pro
1414 2355 1516 2432 quinta

167 2445 250 2516 parte
272 2456 389 2526 comma
411 2442 498 2500 trium
520 2439 645 2498 millium
665 2457 703 2499 ex
725 2441 928 2502 aestimatione
950 2439 1109 2501 haeredum
1139 2439 1270 2501 debatur.
1315 2439 1401 2500 Boua
1424 2440 1517 2501 dividi

166 2542 224 2586 non
245 2533 371 2604 poscunt
393 2544 445 2588 eeu
470 2527 637 2588 conditione
651 2543 714 2600 eoa,
736 2544 790 2588 eeu
804 2528 966 2604 pertinacia
979 2543 1110 2588 meorum
1124 2527 1264 2588 affinium.
1293 2526 1326 2588 Si
1341 2527 1515 2602 vendantur,

165 2615 292 2692 pretium
322 2613 382 2675 vile
406 2616 462 2675 erit
483 2616 513 2672 in
536 2621 619 2676 tante
640 2617 763 2691 penuria
785 2623 927 2676 emiorum
949 2613 1006 2676 lroc
1033 2620 1176 2692 tempore,
1208 2616 1343 2693 quemvis
1373 2615 1431 2676 lruo
1458 2633 1515 2694 ego

167 2700 314 2777 inclinem,
336 2705 362 2763 ei
383 2703 587 2782 magistratum
609 2700 747 2762 haberem
769 2703 917 2764 laventem
939 2701 978 2762 ed
993 2701 1204 2780 impetrandam
1220 2701 1403 2764 dirieiouem.
1439 2701 1516 2764 Nam

168 2791 335 2851 communio
359 2791 525 2869 perniciora
547 2796 611 2866 eat;
641 2795 709 2850 eunt
731 2791 809 2852 euim
830 2788 1008 2854 molendina.
1052 2787 1188 2865 Quonam
1210 2790 1311 2866 igitur
1327 2797 1414 2866 pacto
1438 2792 1517 2851 bona

167 2879 224 2939 iata
245 2895 337 2956 quam
359 2877 423 2938 fieri
445 2884 543 2954 potest
564 2877 685 2938 minimo
708 2877 814 2939 damno
837 2880 868 2938 in
890 2894 986 2939 meam
1007 2883 1186 2954 potestatem
1207 2877 1351 2954 redigam,
1383 2876 1432 2938 diu
1452 2877 1517 2954 jem

166 2965 219 3026 aed
240 2967 351 3026 trustra
373 2965 513 3027 delibero.
558 2965 654 3026 Video
676 2965 748 3026 milri
770 2966 940 3042 adJ'umento
962 2966 1089 3026 suturam
1112 2964 1189 3026 uano
1209 2981 1305 3026 mecm
1320 2964 1517 3026 conditionem

167 3053 294 3114 aulicam
319 3059 349 3114 et
369 3055 395 3114 ei
417 3052 490 3130 quid
511 3055 689 3130 inceptarem
712 3052 978 3116 commendationes
1000 3051 1081 3126 iude,
1112 3052 1164 3112 ced
1180 3052 1341 3112 concilium
1371 3054 1434 3130 ipae
1455 3052 1517 3112 ior·

166 3158 245 3202 mare
269 3148 301 3201 et
321 3142 496 3218 principium
525 3141 631 3218 agendi
654 3141 785 3203 inuenire
807 3143 839 3200 in
861 3157 892 3202 re
914 3147 973 3202 tem
1000 3139 1141 3217 perplexa
1170 3155 1228 3202 non
1250 3157 1381 3217 porcum.
1425 3139 1517 3200 Nulla

168 3227 286 3307 quidem
308 3230 426 3306 private
448 3228 561 3290 invidie
581 3245 689 3306 gravor
710 3231 741 3288 in
762 3229 833 3290 aula
855 3229 1014 3290 Gracccnei
1038 3234 1068 3288 et
1089 3242 1189 3304 epero,
1222 3229 1247 3287 ei
1275 3245 1365 3288 unum
1388 3227 1517 3306 aliquem

167 3333 203 3378 ex
223 3318 409 3395 praecipuis,
432 3317 602 3393 praesertim
617 3335 653 3377 er
668 3318 834 3394 regiminis,
858 3316 996 3378 haberem
1018 3332 1071 3392 per
1092 3315 1294 3391 enjuecuuque
1316 3317 1374 3376 mei
1394 3315 1517 3377 lautorlr

165 3407 312 3482 privatam
334 3403 615 3466 commendationem
636 3421 656 3463 e
677 3406 750 3465 meie
771 3405 904 3482 partibor
934 3405 1131 3464 mocnomiee
1161 3403 1405 3478 declarantem,
1428 3420 1517 3481 poree

166 3492 319 3568 negotium
345 3491 464 3567 confici,
495 3509 546 3570 pro
576 3509 635 3568 quo
663 3508 719 3569 ego
751 3509 810 3552 nou
838 3507 932 3552 eeeem
962 3493 1103 3568 ingratae.
1148 3490 1233 3552 Alter
1260 3507 1331 3552 vero
1353 3491 1449 3569 major
1470 3509 1518 3553 me

166 3579 321 3656 scrupulus
343 3587 436 3656 urget.
481 3579 622 3657 Priuigna
652 3579 723 3639 mihi
750 3588 795 3640 eet
822 3578 870 3640 lrlc
893 3578 1011 3654 quidem
1033 3577 1147 3655 Pregae
1174 3575 1253 3657 apud
1281 3587 1403 3640 matrem
1431 3597 1516 3640 enam

168 3666 260 3746 (quod
283 3668 314 3726 iu
336 3665 470 3728 beneficii
500 3674 583 3746 parta
613 3683 742 3746 agnosco
764 3669 807 3728 ita
828 3669 1002 3744 permiseram
1025 3659 1121 3749 aeae),
1153 3666 1237 3742 cujue
1265 3666 1343 3728 bone
1365 3669 1395 3726 ln
1417 3667 1517 3746 Styrla
1621 3670 1623 3683 “

167 3755 222 3815 rub
252 3754 399 3815 tutoribus
429 3761 498 3815 eunt
524 3772 584 3816 non
613 3756 733 3816 minoris
764 3757 920 3816 aertimata
949 3751 1048 3814 decem
1077 3749 1200 3812 rnsslium
1229 3752 1266 3816 de
1296 3755 1405 3832 potiori
1432 3763 1516 3832 parte

166 3843 330 3919 praecentis
352 3845 503 3920 pecuniae.
539 3842 663 3920 Propter
685 3841 824 3904 elimenta
846 3843 910 3918 ejue
924 3843 1077 3918 privignae
1100 3837 1243 3916 debentur
1264 3842 1335 3902 milri
1359 3843 1516 3920 quotannis

168 3929 205 3989 ad
229 3935 270 3990 70
293 3927 420 3990 lloreuoe
442 3932 604 4007 praeseutia
626 3931 770 4009 pecuniae
784 3937 815 3992 et
834 3937 987 4008 practerea
1008 3945 1079 3988 neue
1101 3927 1210 3990 ηηηῐηο
1233 3930 1338 3990 vineae
1354 3937 1384 3990 et
1398 3929 1516 3992 aedium

168 4017 197 4075 iu
218 4018 303 4078 urbe.
348 4016 407 4078 Hic
427 4034 485 4078 non
508 4024 621 4078 tantum
645 4035 718 4080 uxor
740 4035 805 4078 mea
827 4015 955 4080 eollicitc
976 4017 1080 4090 iuetat,
1112 4023 1144 4076 ut
1172 4013 1220 4078 vel
1250 4016 1356 4078 uallem
1384 4016 1516 4093 aliquam

168 4107 333 4184 portionem
356 4111 438 4166 extra
459 4105 568 4167 limitee
590 4105 706 4184 styriae
728 4111 840 4166 tutores
862 4103 1011 4182 deponant
1032 4110 1151 4182 propter
1165 4105 1366 4166 securitatem
1389 4120 1516 4181 aequum

168 4193 243 4252 enim
266 4209 342 4268 ecee,
365 4200 399 4253 ut
420 4195 485 4272 ipae
507 4209 624 4271 quoqne
646 4197 676 4254 iu
698 4199 781 4272 perte
803 4190 913 4253 tutelae
928 4193 976 4266 eit,
998 4209 1094 4269 neque
1108 4192 1216 4252 abeona
1230 4200 1260 4252 et
1275 4193 1392 4252 omnino
1407 4208 1427 4251 a
1441 4208 1516 4253 con·
1616 4225 1629 4249 t

168 4283 291 4341 eoieulia
313 4279 402 4358 hujue
425 4279 685 4342 administrationie
707 4287 834 4355 remota,
864 4278 933 4340 olim
959 4278 1111 4356 neglectae
1137 4286 1285 4340 maternae
1312 4278 1516 4356 providentiae
1573 4343 1580 4358 ,

170 4371 300 4430 accusari
322 4371 427 4446 poeait,
449 4371 622 4446 praesertim
644 4386 709 4430 oum
732 4373 857 4442 constet,
881 4365 1005 4428 alterum
1027 4373 1155 4428 tutorum
1178 4367 1291 4444 aliquot
1312 4366 1405 4426 millia
1428 4365 1516 4442 lrrrjue

169 4458 331 4530 praesentia
353 4459 497 4534 pecuniae
527 4463 630 4517 mutuo
656 4457 797 4516 οηηηοίοοο
819 4459 850 4514 ct
869 4451 991 4533 praedia
1013 4471 1066 4533 pro
1087 4471 1121 4514 ee
1142 4455 1248 4516 emieee
1276 4469 1335 4514 nou
1356 4452 1516 4514 admodum

170 4549 248 4621 tuta3
270 4541 325 4605 eed
349 4545 438 4605 ellam
461 4545 525 4624 ipse
548 4561 604 4622 ego
627 4541 686 4604 tale
708 4541 780 4620 quid
802 4543 940 4621 percupio
962 4539 1034 4616 fleri,
1057 4548 1090 4604 ut
1110 4543 1137 4600 ei
1158 4555 1217 4617 quo
1239 4540 1356 4616 longina
1377 4558 1397 4601 a
1416 4539 1516 4619 sayna

171 4631 281 4706 οηοοιη,
305 4631 518 4712 expeditiorem
540 4630 665 4692 habeam
688 4631 858 4711 pensionem
880 4629 976 4706 illam,
998 4627 1034 4690 de
1057 4646 1117 4706 qua
1138 4626 1226 4690 modo
1248 4627 1318 4690 dial.
1362 4626 1438 4688 Nam
1460 4627 1518 4690 heo
1622 4683 1627 4692 .

172 4719 285 4794 qudem
308 4727 443 4800 tempore
465 4720 659 4798 cogitationes
681 4735 764 4779 meae
787 4717 994 4790 deuehuntur,
1018 4723 1051 4778 nt
1071 4717 1115 4775 ite
1136 4717 1264 4776 intentur
1286 4729 1351 4774 ecre
1366 4716 1404 4775 ed
1418 4714 1518 4777 etndle

172 4821 225 4869 non
245 4810 370 4890 poesim,
390 4808 455 4886 jam
478 4825 530 4888 pro
553 4807 622 4868 dote
644 4807 741 4867 oxorie
763 4803 923 4879 sollicitae,
943 4803 1006 4880 jam
1029 4819 1128 4866 curam
1149 4817 1241 4879 agene
1262 4798 1381 4864 aedium
1402 4804 1516 4886 privig-

171 4911 230 4982 nae,
248 4899 315 4980 jem
337 4897 449 4962 ciuem
472 4894 615 4958 culturam
636 4899 776 4972 nactam,
796 4890 858 4972 jem
880 4891 1020 4956 elimenta
1041 4890 1149 4953 crebrir
1170 4887 1450 4988 literierepoeceur.
