3662 5544
862 449 942 510 1618.
1064 459 1066 464 ’
1505 453 1573 528 853

216 619 464 693 Progymnisnratis
475 621 611 693 Tyehonis
628 637 684 680 non
696 629 815 686 exstent.
844 625 941 684 Monet
953 623 1102 698 Kaplerum
1120 633 1151 683 ut
1162 629 1302 700 promissis
1320 635 1389 688 atetr
1409 629 1468 699 ,his
1482 629 1572 688 calcar

217 710 340 781 adderes,
366 719 398 767 nt
422 710 544 780 singulos
569 711 727 768 asterismoa
752 711 930 785 delineatam,
956 714 1110 772 delineatos
1131 714 1181 772 tibi
1198 716 1234 773 ad
1252 716 1417 774 censendum
1435 715 1571 788 offerrem,
1663 763 1669 766 .

217 797 335 854 censitos
353 813 418 856 sero
437 799 493 856 aeri
510 799 657 875 inciderem
675 806 704 856 et
721 800 772 856 sub
791 801 920 872 auspiciis
939 802 994 858 tuis
1012 801 1208 872 publicarem“.
1242 804 1349 862 Deinde
1367 805 1458 873 refert,
1477 821 1507 861 re
1524 821 1571 864 no·
1688 804 1694 820 '

216 885 325 940 malene
342 885 417 942 illius
435 888 651 944 conuersationis
669 889 703 944 de
721 905 791 944 noso
804 889 840 944 ad
851 890 987 970 mathesin
1000 890 1119 946 smmum
1131 892 1285 962 applicasse
1297 900 1325 948 et
1337 893 1469 950 hactenus
1487 895 1572 964 trigo·
1592 929 1595 940 ·

216 974 348 1028 nometria
365 975 512 1046 praecipua
530 983 694 1046 occupatum
713 974 808 1032 fuisse.
844 978 915 1034 Hine
938 985 1025 1034 ortam
1052 979 1103 1034 sibi
1121 994 1183 1036 asse
1206 979 1374 1050 opinionem,
1398 997 1490 1038 annon
1512 981 1572 1040 siue

215 1075 319 1118 cauom
337 1063 444 1120 sinuum
462 1063 600 1133 triangula
618 1063 687 1120 solvi
705 1063 829 1134 possint?
867 1065 997 1132 „Videtur
1015 1066 1087 1123 euim
1109 1067 1209 1122 misera
1231 1082 1275 1124 ars
1300 1083 1374 1139 esse,
1401 1083 1472 1138 quae
1496 1068 1572 1126 hisce

216 1147 315 1206 tabulis
333 1165 442 1222 semper
464 1151 570 1224 indiget
593 1161 677 1222 atque
700 1151 796 1208 infelix
814 1159 1002 1224 computator,
1028 1154 1147 1224 quinon
1173 1153 1273 1223 ubique
1295 1153 1332 1210 sd
1356 1170 1452 1212 manua
1469 1154 1572 1212 habere

215 1243 307 1306 potest
324 1236 402 1294 illum
420 1253 565 1310 canonem,
592 1247 620 1296 et
637 1239 718 1309 vulgo
735 1240 855 1298 ridemus
872 1241 949 1311 illos,
976 1243 1023 1313 qui
1041 1250 1126 1300 artem
1145 1241 1264 1312 ediquem
1284 1243 1406 1314 jactant,
1430 1242 1480 1302 aed
1496 1243 1572 1302 iilam

215 1325 323 1382 nonnisi
341 1325 444 1381 alibro
463 1327 561 1398 sciunt,
580 1328 650 1386 libro
668 1335 761 1386 autem
779 1346 830 1386 sno
848 1330 973 1388 destituti
990 1331 1210 1388 obmutescunt.“

318 1413 529 1485 decepissem,
553 1417 697 1486 respondit
714 1418 852 1488 Keplerns
875 1417 901 1475 d.
923 1420 964 1476 11.
982 1419 1090 1486 Martii,
1116 1418 1279 1475 Schichardi
1301 1419 1396 1476 literas
1414 1425 1431 1476 'a
1447 1419 1572 1490 mugen

213 1496 307 1557 Idibus
324 1501 427 1558 Martii.
471 1498 567 1560 Video
590 1518 637 1560 mo
661 1501 738 1562 hono
760 1504 848 1578 genio
872 1503 901 1560 iu
925 1509 954 1563 te
977 1501 1129 1574 incidisse,
1162 1505 1214 1579 qui
1237 1519 1313 1577 non,
1338 1512 1371 1566 ut
1398 1520 1454 1582 ego
1476 1504 1570 1579 soleo,
1664 1495 1667 1508 '

216 1586 245 1644 iu
266 1588 396 1663 negotiis
418 1589 563 1665 susceptis
585 1595 619 1648 nt
641 1605 705 1648 mus
730 1591 759 1646 in
782 1591 847 1665 pice
870 1589 1074 1650 adhaeresoas.
1119 1590 1202 1650 Bene
1225 1593 1316 1652 etiam
1337 1591 1465 1666 factum,
1490 1592 1571 1670 quod

128 1683 131 1698 ’
216 1693 233 1734 a
254 1691 343 1734 mann
366 1681 422 1734 tua.
440 1676 594 1753 ingeniosa
609 1674 823 1738 delineatiouaa
837 1684 915 1751 sunt,
938 1676 1089 1756 sculptura
1108 1679 1148 1738 ab
1162 1678 1223 1739 alio
1237 1679 1381 1754 hanauso,
1404 1697 1443 1741 ne
1460 1679 1571 1742 Caesar

215 1761 253 1820 ad
275 1763 344 1840 equi
365 1762 508 1839 pontificii
531 1780 629 1823 euram
652 1761 822 1828 descendat.
868 1762 1069 1839 Credemihi‚
1100 1782 1228 1830 menon
1252 1767 1570 1830 sinedoloreabate
1677 1766 1684 1781 ’

214 1855 313 1926 petere
335 1853 468 1928 potuisse
489 1851 685 1929 sculpturam,
717 1868 783 1913 eum
813 1851 910 1913 adhuc
933 1851 969 1913 de
993 1853 1146 1914 voluntate
1168 1852 1290 1932 Criigsrl
1318 1854 1389 1916 mihi
1413 1873 1472 1916 neu
1496 1873 1570 1918 oon·

214 1944 306 1998 staret
329 1955 444 2015 egoque
467 1937 671 2016 Tuhlngensia
691 1940 794 2016 praela
816 1947 868 2000 aut
889 1939 1058 2002 Linciensin
1081 1940 1214 2016 quidem,
1246 1941 1299 2002 sed
1324 1959 1389 2002 cum
1411 1946 1569 2006 renuncia-

216 2025 296 2085 tione
319 2025 456 2104 Crdgeri,
487 2035 697 2104 exspectarem.
742 2027 828 2088 Nunc
855 2028 979 2104 pnando
1009 2028 1157 2090 mordicus
1186 2029 1235 2090 ille
1258 2030 1408 2107 tenatius
1429 2047 1515 2094 sunm
1539 2033 1570 2092 iu

141 2131 149 2147 “
215 2111 344 2174 curando
367 2131 473 2191 opere,
496 2114 654 2191 provideat
675 2117 763 2176 etiarn
787 2115 823 2176 da
846 2117 943 2192 operis
945 2157 1056 2178 .....
1103 2117 1149 2178 De
1172 2117 1380 2179 emendatione
1400 2117 1483 2194 globi
1505 2137 1570 2182 rue·

214 2203 335 2262 moriam
357 2219 518 2277 reuocans,
550 2219 659 2279 magna
680 2221 728 2264 rna
752 2203 907 2280 voluptate
937 2204 1103 2281 perfudisti.
1149 2203 1248 2266 Velim
1276 2212 1306 2268 te
1328 2205 1491 2280 recordari,
1522 2224 1570 2270 me

214 2287 300 2348 fidem
330 2288 509 2352 haeredibus
537 2290 700 2350 Braheania
738 2290 930 2352 obstrinxisse
958 2290 994 2352 de
1026 2308 1084 2352 nou
1119 2293 1278 2370 vulgandis
1311 2295 1570 2356 observationibus

215 2393 310 2453 neque
340 2376 450 2438 tabulis
480 2377 675 2454 excudendis,
706 2379 780 2455 ipsis
810 2395 868 2438 uon
899 2379 1053 2444 consultis.
1098 2377 1255 2458 Oporteret
1281 2382 1370 2458 igitur
1392 2389 1421 2442 at
1444 2389 1473 2442 te
1496 2382 1569 2444 mihi
1646 2443 1659 2456 ,

215 2481 278 2524 asae
301 2463 464 2544 obligatum
495 2464 534 2525 ad
564 2465 686 2540 eadem,
716 2468 759 2528 slc
781 2473 894 2541 tamen,
927 2474 961 2527 ut
990 2484 1097 2528 nomen
1128 2475 1211 2530 tuum
1233 2471 1264 2528 in
1285 2469 1343 2530 hac
1365 2472 1463 2547 operis
1485 2477 1569 2549 parts

214 2559 389 2630 apponatur.
434 2552 550 2614 Deinde
580 2553 670 2614 velim
693 2561 721 2615 te
744 2554 801 2616 hoc
822 2556 912 2627 scire,
936 2571 995 2615 uon
1019 2572 1084 2616 esse
1105 2559 1224 2616 omuino
1248 2562 1344 2616 tutum
1370 2557 1460 2618 fidere
1483 2565 1569 2620 eata·

212 2639 280 2718 loge
302 2639 426 2702 fixsrum
448 2640 619 2720 'lychuuico
620 2683 776 2705 .......
820 2640 884 2702 Nos
905 2640 1036 2704 locorum
1066 2643 1222 2706 intervalla
1244 2643 1395 2720 dividunt,
1425 2645 1497 2704 mihi
1518 2653 1568 2706 to·

212 2745 275 2788 mos
298 2728 538 2789 observationum
570 2730 682 2790 itineris
709 2728 848 2808 periculis
876 2747 1020 2806 exponere
1049 2747 1108 2790 nou
1141 2739 1187 2792 est
1209 2732 1368 2808 integrum,
1401 2739 1434 2792 ut
1456 2734 1568 2794 exscri-

213 2815 281 2877 bam
304 2822 388 2875 vetor
411 2816 593 2894 obligatione
615 2834 695 2892 mea,
726 2818 783 2877 uisi
805 2819 985 2878 certissimus
1008 2819 1062 2877 sim
1086 2817 1122 2878 de
1144 2819 1329 2880 restitutione
1357 2818 1484 2898 exempli
1508 2837 1568 2880 uon
1636 2860 1638 2866 -

214 2903 288 2963 alias
311 2901 495 2965 describendi
498 2947 604 2968 .....
650 2904 836 2966 Omiseram
860 2921 979 2966 uxorem
1003 2913 1098 2980 tuam,
1127 2922 1145 2965 o
1168 2906 1363 2968 execrabilem
1385 2906 1429 2967 ilii
1452 2906 1568 2968 adven-

214 2999 275 3050 tnm
298 3009 410 3067 meum,
442 2994 493 3069 qui
516 2995 651 3054 maritum
676 2995 732 3070 ipsi
755 3009 841 3053 suum
864 2995 971 3071 eripuit
994 2995 1082 3070 inque
1104 2993 1271 3056 matheseos
1294 2994 1410 3056 deserta
1433 3001 1463 3056 et
1485 2997 1568 3054 invia

213 3078 279 3138 loca
301 3078 440 3139 abduxitl
469 3079 528 3140 Sed
550 3081 644 3140 serior
667 3082 711 3140 tul
732 3097 780 3140 me
801 3083 929 3153 miseret.
952 3083 1003 3158 qui
1026 3090 1141 3159 tempus
1163 3080 1338 3144 aGalendis
1351 3081 1487 3144 Jauuarii
1508 3081 1567 3144 huc

214 3183 307 3243 usqne
329 3167 433 3244 procul
456 3166 547 3228 dubio
570 3166 733 3246 perdidisti.
772 3168 895 3230 invenio
918 3172 994 3230 inter
1016 3187 1081 3230 mea
1097 3168 1307 3247 epichiremate
1328 3173 1388 3230 tuis
1410 3171 1568 3231 conatibus

213 3254 328 3328 similia,
352 3255 502 3317 frustanea
525 3264 554 3316 et
577 3256 793 3317 inconsiderata
816 3258 923 3322 omnia.
968 3256 1044 3318 Nam
1067 3259 1093 3318 sl
1115 3263 1225 3318 certum
1249 3264 1309 3334 est,
1339 3265 1372 3318 ut
1394 3264 1439 3318 est
1461 3259 1565 3320 certis·
1597 3295 1601 3316 .

214 3344 329 3417 simum,
352 3345 396 3403 sic
418 3359 484 3404 esse
507 3345 582 3404 inter
604 3362 636 3404 sa
659 3345 753 3404 latera
767 3344 1001 3421 'triangulorum
1025 3349 1102 3406 sient
1123 3352 1192 3405 sunt
1213 3347 1288 3410 inter
1309 3363 1341 3408 se
1363 3347 1447 3407 sinna
1468 3363 1565 3424 angu-

211 3429 305 3490 lorum
329 3432 540 3508 oppositorum,
564 3432 672 3492 frustra
694 3433 782 3509 igitur
804 3434 1020 3510 proportionem
1037 3433 1211 3510 angulorum
1233 3435 1363 3510 ipsorum
1387 3437 1567 3512 (inserimus¹

211 3535 288 3594 quae
310 3521 431 3579 omnino
454 3518 551 3580 diflert
572 3537 591 3578 a
612 3521 729 3579 sinuum
751 3523 958 3597 proportioua;
981 3523 1053 3584 reetl
1076 3523 1153 3582 enim
1175 3528 1205 3582 et
1227 3524 1309 3583 curvi
1330 3520 1413 3582 nulla
1435 3529 1480 3583 est
1494 3540 1565 3599 pro·

210 3609 307 3683 portio
337 3605 462 3668 effabilis
484 3615 539 3674 ete.
591 3606 743 3668 Imitemur
771 3609 861 3684 igitur
883 3608 993 3684 Deum,
1024 3609 1076 3686 qui
1104 3625 1170 3692 cnm
1198 3615 1228 3670 et
1250 3609 1423 3671 infinitatem
1453 3611 1483 3668 in
1501 3611 1563 3694 'im-

211 3709 313 3754 mensa
334 3693 387 3754 illa
408 3693 531 3774 lixarum
555 3693 680 3771 sphaera
703 3693 795 3756 vellet
817 3712 1009 3773 expressam,¹
1022 3695 1184 3758 finitionem
1207 3714 1278 3758 vere
1301 3698 1330 3757 ln
1353 3699 1565 3775 angustissima
1653 3775 1658 3784 .

211 3784 331 3858 regione
353 3782 517 3858 mobilium,
541 3781 593 3842 illa
615 3785 679 3843 sins
702 3798 781 3856 cura,
803 3784 867 3843 sine
891 3782 993 3844 ordine
1007 3783 1134 3860 reliquit,
1158 3786 1216 3846 ists
1233 3787 1470 3863 proportionibus
1492 3785 1564 3846 har·

210 3872 332 3930 manicis
362 3871 500 3930 instruxit
529 3871 754 3947 sapientissime.
799 3871 912 3930 lituos
936 3873 1024 3948 igitur
1051 3863 1220 3932 doctrinam
1243 3874 1471 3951 triangulorum,
1503 3889 1564 3950 qua

212 3973 284 4033 apua
307 3955 450 4018 habemns
473 3956 512 4018 ad
535 3957 707 4018 infinitatem
738 3960 852 4018 numeri
880 3965 910 4019 et
931 3959 1134 4036 dispositionis
1161 3960 1286 4022 lixarum
1309 3962 1562 4038 separatleulsqne

212 4045 396 4106 omnimodae
418 4044 603 4123 planetarum
626 4065 644 4106 a
666 4043 834 4129 stellisper
855 4053 967 4106 motum
991 4049 1057 4124 (qni
1080 4055 1114 4108 nt
1135 4049 1267 4110 informis
1290 4049 1391 4125 aliqua
1414 4050 1564 4124 quantitas

211 4133 360 4194 infinitatis
376 4134 605 4211 estpartlceps)‚
628 4141 784 4194 tractemus
799 4151 851 4210 per
866 4149 1008 4196 canonem
1020 4137 1148 4210 sinuum,
1173 4139 1224 4214 qui
1246 4136 1419 4197 infinitatem
1441 4136 1563 4212 quanti-

212 4223 334 4281 tativum
356 4229 565 4298 repraesentat.
610 4221 652 4282 At
674 4219 781 4297 figuras
805 4214 1046 4284 demonstrabiles
1069 4222 1196 4300 indeque
1219 4222 1431 4302 dependentem
1453 4219 1564 4282 dectrl-

211 4323 278 4368 nam
299 4307 498 4370 harmonicam
525 4316 554 4370 et
576 4309 685 4370 similia
708 4307 880 4370 delinita‘et
901 4319 980 4372 certa
1002 4327 1175 4372 revocemus
1197 4310 1236 4372 ad
1263 4311 1383 4388 regulas
1404 4310 1563 4372 memorias

212 4395 410 4471 mandabiles,
442 4399 548 4475 cuique
577 4413 663 4457 auum
692 4397 864 4458 tribuentes.
908 4397 956 4458 Itu
986 4397 1036 4459 fiet
1067 4407 1100 4459 ut
1128 4407 1157 4460 et
1181 4397 1220 4458 sd
1250 4399 1381 4460 lahorem
1411 4396 1562 4460 doctrinae

212 4483 438 4562 triangulorum,
470 4492 613 4562 quantum
635 4501 757 4546 neccsse
780 4491 838 4558 est,
869 4485 1062 4561 sufficiamus,
1092 4495 1121 4548 et
1143 4485 1297 4566 veluptate
1321 4485 1504 4546 divinissima
1527 4501 1563 4547 ex

213 4571 461 4649 contemplatione
483 4573 640 4633 formarum
664 4580 695 4634 et
716 4571 939 4653 archetyporum
962 4591 1023 4635 non
1046 4571 1259 4636 defraudemur.
1304 4572 1390 4634 Vale.

314 4671 387 4728 Num
400 4671 584 4730 Schinhardus
602 4674 652 4729 has
664 4672 777 4742 Kepleri
794 4672 887 4729 literas
905 4675 1043 4746 acceperit
1060 4689 1154 4746 necno,
1172 4690 1227 4728 non
1245 4679 1319 4730 certo
1337 4671 1474 4729 affirmare
1491 4671 1564 4744 licet,

213 4776 272 4816 oum
297 4760 439 4831 proximae
458 4760 619 4816 Schickardi
634 4761 730 4816 literae
748 4761 788 4827 (d.
806 4762 959 4835 Nurtiugae
984 4763 1028 4819 die
1051 4761 1190 4820 Passionis
1212 4760 1371 4817 Dominicis
1389 4759 1472 4830 1618)
1494 4759 1563 4818 nihil

212 4838 343 4914 habeant}
368 4848 442 4918 qnod
467 4849 502 4905 ad
526 4849 677 4918 praemissa
700 4849 827 4918 pertinet.
863 4851 970 4922 Doluit,
994 4847 1089 4906 scribit
1112 4847 1191 4920 quasi
1212 4863 1267 4903 non
1290 4845 1364 4904 lecta
1380 4845 1493 4918 Kepleri
1516 4861 1562 4904 ex-

215 4936 367 5004 cusatione,
385 4933 454 4993 illud
471 4935 610 5006 nonnihil,
630 4935 702 5006 quod
720 4937 862 5009 sculpendi
880 4937 1068 5006 laborante,
1088 4937 1131 4994 cui
1149 4933 1267 4991 omnium
1284 4935 1372 5006 primo
1390 4935 1562 4994 concreditus

215 5029 279 5096 mat,
294 5025 325 5086 iu
342 5023 426 5087 alium
441 5023 594 5086 translatus
611 5023 678 5098 faia
703 5025 876 5104 auspicabar,
897 5032 927 5086 te
944 5025 1037 5084 forsan
1052 5025 1087 5084 da
1104 5038 1248 5101 operarum
1265 5039 1386 5086 mearum
1402 5023 1458 5084 dds
1474 5031 1504 5092 et
1519 5024 1560 5090 iu·
