3516 5540
449 409 630 474 sumundum
647 413 784 474 musae
801 413 993 476 saironourlas
1010 418 1103 478 seculo
1121 417 1193 479 xvi.
1442 423 1507 496 631
1546 385 1552 392 Ι

44 591 49 610 ’
146 595 258 676 bobo,
289 595 370 672 bac,
403 613 483 674 quas
506 599 741 675 exaequatione
763 597 869 658 solaris
892 605 989 658 motus
1012 599 1091 672 fluit,
1114 603 1144 659 lc
1168 601 1254 666 Luna
1276 619 1334 662 non
1358 609 1404 662 est
1424 619 1505 664 usus.

147 687 209 748 Non
230 687 308 746 bene
333 689 445 763 accipit
467 701 533 747 mea
554 687 662 758 rerba,
694 687 780 761 quast
804 684 956 760 dixissem,
987 705 1033 747 me
1056 689 1130 746 nihil
1153 686 1189 748 de
1212 689 1297 750 Luna
1322 706 1409 766 posse
1432 707 1506 750 con-

148 773 262 836 cludere
292 775 353 832 nisi
376 775 539 852 perspectis
562 783 590 834 ct
612 773 733 852 reliquis
763 771 899 850 planetis.
946 774 1010 850 Ego
1033 792 1103 836 vcro
1127 775 1182 835 hoc
1212 775 1361 850 dicebam,
1391 785 1504 838 tentum

148 863 217 924 nihi
241 865 450 940 occupationis
473 879 537 922 esso
560 863 589 920 in
612 860 739 940 placetis
762 864 875 936 ceteris,
898 869 932 921 ut
953 879 1012 922 con
1037 871 1123 924 vacet
1146 867 1314 926 examinare
1337 864 1402 939 illa,
1427 883 1504 942 quac

148 951 281 1012 Brabsus
300 951 365 1025 jam
389 951 566 1011 elaboraret.

251 1041 295 1097 Ad
312 1059 344 1112 p:
365 1039 437 1108 Quid
455 1039 538 1108 igitur
555 1037 703 1107 litigamus,
722 1037 880 1108 si'l‘ycbonl
892 1057 1002 1110 quoque
1019 1057 1074 1098 non
1092 1042 1196 1113 placuit
1207 1042 1389 1114 hypothesis?
1407 1038 1505 1116 Kep·
1573 1053 1576 1060 “

148 1125 276 1185 lsrusr
298 1125 363 1185 Non
388 1123 507 1201 quidem
529 1121 566 1182 de
589 1123 646 1184 boc
669 1122 828 1200 litigemus,
852 1123 987 1202 Tyobom
1010 1143 1067 1185 non
1091 1126 1247 1203 placuisse,
1270 1125 1322 1185 sed
1336 1126 1505 1188 Pisciculus

146 1221 241 1274 tutam
255 1210 453 1289 abjiciendam
469 1211 575 1288 litigat,
600 1227 656 1288 ego
679 1219 730 1270 aut
752 1212 933 1272 retinendam
957 1222 1009 1274 aut
1032 1217 1207 1274 ornatiorem
1231 1214 1404 1287 cudendum,
1428 1231 1506 1290 quas

146 1309 249 1362 tamen
273 1300 377 1361 ellectu
402 1306 433 1360 st
455 1315 598 1360 consensu
622 1315 688 1358 cum
711 1298 877 1358 observatis
899 1307 952 1359 sut
973 1309 1081 1379 aequet
1095 1310 1147 1361 aut
1163 1301 1505 1380 superet'l'ycbocicam.

249 1399 293 1454 Ad
310 1399 342 1457 h:
361 1399 394 1454 In
415 1397 584 1467 autographo
606 1397 719 1466 Ksplcri
737 1406 889 1468 sequuntur
905 1401 989 1456 verba
1006 1399 1139 1456 Praetorii
1157 1399 1239 1471 plane
1256 1400 1417 1470 interrupta
1436 1418 1507 1469 quae

147 1487 220 1544 torte
232 1486 369 1557 Keplerns
387 1501 422 1540 ex
440 1485 625 1554 manuscripto
644 1483 841 1553 adjurandam
859 1488 1014 1542 memoriam
1033 1487 1084 1542 sibi
1099 1495 1251 1545 notaverat.
1282 1487 1334 1542 Hic
1346 1488 1429 1558 igitur
1440 1487 1505 1560 legi-

144 1582 218 1622 mus:
245 1564 312 1632 ,sed
330 1565 412 1620 etiam
431 1563 466 1618 ed
485 1564 694 1620 antecedentia.
709 1605 714 1618 .
729 1602 754 1620 ,.
788 1560 997 1639 Keplerus:
1021 1563 1115 1623 Nemo
1132 1562 1256 1637 dubitat,
1273 1566 1298 1622 si
1313 1562 1375 1622 fleri
1390 1567 1503 1642 possit;

145 1660 176 1711 at
198 1651 294 1708 torma
316 1647 517 1726 hypotheseos
539 1651 634 1724 primo
657 1649 787 1708 omnium
804 1648 892 1709 debet
914 1667 978 1710 esse
1001 1651 1081 1709 utilis
1097 1651 1229 1728 epochae
1243 1651 1333 1711 nostri
1354 1655 1503 1728 temporis,

147 1737 228 1815 quod
257 1737 517 1796 observationibus
540 1753 558 1795 a
581 1734 697 1794 Brabeo
728 1735 837 1794 iactum
865 1746 909 1796 est
941 1741 1205 1799 instructissimum.
1261 1731 1504 1798 Demonstrsntur

143 1825 233 1902 hujus
255 1822 327 1884 mali
342 1824 458 1882 tolerati
475 1823 735 1883 incommodatum
753 1841 860 1900 magna
874 1825 904 1882 in
920 1826 1025 1886 effectu
1048 1833 1077 1886 et
1100 1827 1213 1901 majora
1227 1845 1316 1904 quem
1338 1827 1502 1886 aberrantis

144 1913 336 1991 Guperuicaci
348 1909 464 1971 calculi.
481 1909 574 1972 Nemo
586 1918 683 1986 neget,
692 1911 716 1969 si
730 1914 831 1986 possit,
839 1910 893 1972 sed
904 1911 960 1972 hoc
971 1913 1043 1971 nibil
1053 1913 1090 1972 ad
1103 1931 1169 1974 mes
1184 1915 1366 1989 verbe,quae
1379 1917 1502 1974 comsit.

250 2002 294 2058 sd
311 2004 336 2058 s':
360 2003 420 2058 Hoc
437 2019 492 2058 non
511 2001 642 2071 intelligo.
679 2002 741 2056 Non
760 2002 834 2059 bona
852 2003 1027 2072 computatio.
1063 2001 1270 2078 Keplerus:
1287 2002 1441 2061 Contraria
1456 2001 1504 2060 di-

146 2091 199 2164 cit,
226 2104 304 2164 quac
327 2104 385 2148 non
408 2085 556 2163 intelligit,
580 2088 631 2163 qui
653 2085 819 2161 dijudicet?
856 2087 920 2163 Ego
943 2088 989 2146 his
1012 2090 1109 2148 verbis
1131 2089 1255 2162 ostendi,
1280 2089 1349 2165 quid
1365 2097 1506 2166 sequatur

146 2196 181 2238 ex
205 2177 364 2236 omissione
387 2175 478 2252 partis
501 2176 694 2250 aequissimis,
719 2173 748 2232 id
771 2181 875 2250 postea
898 2174 1022 2235 delendo
1045 2178 1073 2234 in
1097 2175 1241 2252 qualitate
1257 2176 1398 2253 exemplis
1419 2179 1506 2236 simi-

145 2265 233 2336 libus,
257 2263 354 2324 reiuto
378 2266 407 2322 in
431 2263 603 2337 quantitate,
627 2264 652 2320 sl
675 2261 788 2322 scilicet
810 2261 961 2323 Praetorio
985 2280 1156 2339 pareamus,
1181 2263 1316 2324 adhibita
1339 2266 1428 2324 etiam
1452 2264 1504 2325 illa

145 2353 286 2429 temporis
308 2349 455 2426 aequandi
478 2357 569 2427 parte,
594 2365 682 2425 quam
706 2349 838 2410 Brabeus
862 2352 969 2410 omisit.
1008 2351 1155 2410 Irascetur
1177 2353 1266 2428 igitur
1289 2351 1372 2412 coelo
1395 2359 1425 2412 et
1446 2353 1504 2411 ob·

145 2441 270 2500 matis
294 2447 325 2498 et
344 2455 400 2498 sno
423 2435 582 2514 postulato,
606 2444 639 2495 nt
660 2445 776 2512 tempus
791 2445 948 2526 aequetur.
990 2437 1066 2498 Nem
1081 2439 1138 2500 hae
1153 2457 1261 2502 causae
1277 2448 1346 2500 sunt
1368 2439 1503 2500 obscuri·

145 2532 213 2592 tatis
236 2534 267 2588 et
288 2525 500 2603 perplexitatis.

249 2613 338 2690 Quod
359 2615 462 2686 nescit,
481 2613 544 2688 jam
568 2610 653 2672 docui
676 2613 706 2670 in
729 2611 823 2673 iroute
840 2613 928 2688 hujus
945 2615 1081 2690 paginam.
1121 2611 1205 2674 Erret
1220 2614 1317 2690 igitur,
1341 2605 1502 2674 secundam

145 2710 259 2782 partem
282 2700 431 2778 aequandi
453 2709 567 2776 tempus
590 2707 697 2776 putans
720 2717 785 2760 esse
807 2700 880 2759 nibil
895 2701 985 2775 aliud,
1010 2719 1099 2778 quaro
1114 2701 1246 2760 tabulam
1262 2702 1410 2777 aequandi
1424 2709 1502 2762 teru-

144 2809 207 2870 pus
254 2789 360 2849 Dicam
383 2787 500 2849 clarius.
545 2787 662 2846 Tabula
684 2787 834 2866 Tychonis
856 2791 935 2864 prior
963 2805 1017 2866 pro
1040 2787 1109 2848 Sole
1140 2789 1338 2865 computando
1369 2791 1501 2850 continet

144 2887 300 2954 utramque
322 2884 437 2954 partein
457 2875 642 2952 aequetiouis
663 2877 812 2951 temporis,
836 2877 937 2936 tabula
960 2879 1112 2953 posterior,
1135 2893 1189 2953 pro
1212 2876 1297 2936 Luna
1318 2876 1405 2949 iacta,
1428 2893 1501 2937 oon-

145 2969 218 3026 tinet
240 2983 330 3024 unam
353 2963 458 3026 saltem
479 2975 592 3040 partem
615 2965 800 3039 aequatiouis
822 2965 976 3040 temporis,
1000 2981 1077 3040 quae
1099 2964 1163 3022 fluit
1185 2981 1220 3023 ex
1244 2964 1448 3039 inaequalibus
1471 2971 1501 3024 et

146 3053 277 3131 obliquis
305 3053 458 3129 eclipticas
490 3051 710 3111 emersionibus
740 3052 771 3109 in
799 3051 925 3128 sphaera
953 3059 1041 3112 recta.
1087 3051 1193 3110 Mirum
1219 3066 1279 3110 non
1305 3067 1370 3111 esse
1392 3052 1500 3113 bonam

146 3142 409 3220 computationem,
432 3156 497 3199 cnm
521 3137 556 3197 de
580 3137 682 3198 eadem
706 3155 737 3198 rs
758 3141 894 3216 utrinque
915 3146 1032 3215 agatur.

249 3231 295 3286 Ad
312 3231 344 3286 h:
363 3228 537 3286 Ptolemaeus
555 3228 614 3284 vult
627 3269 634 3284 .
649 3270 656 3283 .
671 3267 677 3284 .
694 3269 700 3281 .
718 3234 764 3292 (nil
783 3235 913 3299 sequltm).
950 3225 1148 3304 Kepletus:
1172 3224 1219 3284 ita
1241 3231 1296 3285 est.
1334 3224 1375 3284 hs
1390 3224 1442 3284 uhi
1459 3223 1498 3286 ad

146 3333 221 3394 opus
243 3317 340 3388 venit,
364 3313 471 3374 docens
494 3319 664 3389 computare
687 3311 825 3390 eclipses,
856 3315 980 3392 negligit
1002 3313 1155 3374 discrimen
1180 3319 1274 3372 crtum
1298 3319 1334 3372 sx
1357 3311 1454 3372 media
1469 3319 1499 3374 st

145 3421 217 3465 sera
239 3405 429 3480 oppositione
452 3401 576 3477 ejusque
598 3399 747 3474 ellectum,
770 3403 915 3463 rationem
938 3401 1087 3479 neglectus
1108 3400 1191 3460 addit
1211 3399 1373 3461 exilitatem
1397 3399 1501 3460 disem-

145 3493 240 3565 minis,
267 3487 343 3550 unde
365 3506 426 3549 non
448 3489 525 3547 ultra
547 3489 578 3548 8‘
601 3497 653 3547 aut
676 3486 706 3548 θ’
729 3491 759 3546 iri
783 3489 889 3550 effectu
912 3487 1017 3550 celeuil
1042 3490 1200 3550 venentur.

252 3581 296 3636 Ari
315 3583 338 3636 l:
363 3579 391 3636 si
410 3578 558 3634 comediis
577 3580 613 3633 o(
637 3585 665 3634 et
686 3590 789 3640 00...
808 3582 854 3643 (nti
873 3587 935 3647 seq.)
977 3575 1182 3655 Ksplorusr
1200 3576 1241 3635 At
1256 3574 1327 3652 quid
1344 3591 1400 3652 ego
1416 3573 1499 3635 eliud

145 3665 194 3727 bic
217 3664 285 3724 dico
309 3680 398 3738 quam
420 3661 493 3735 boc,
518 3663 613 3739 ipsum
636 3662 683 3723 vel
706 3665 736 3721 in
758 3664 898 3740 ambiguo
920 3665 1028 3724 Brabei
1057 3661 1174 3724 circello
1195 3679 1248 3741 per
1270 3663 1389 3724 Terram
1413 3661 1501 3724 ducto

146 3753 196 3814 vel
225 3751 317 3830 paulo
346 3751 452 3810 laxiori
480 3759 533 3808 aut
561 3752 723 3826 augustiori
751 3750 967 3812 circumducere
993 3759 1123 3812 centrum
1155 3753 1225 3810 novt
1259 3750 1383 3820 circelli,
1416 3751 1500 3826 cuius

146 3849 246 3902 motus
268 3857 301 3899 ss
323 3835 524 3899 accommodet
552 3837 655 3898 mediis
679 3851 715 3905 0(
744 3846 773 3898 ct
798 3851 834 3900 σο
860 3839 1000 3915 inhujus
1029 3840 1100 3898 novi
1129 3839 1238 3900 circelli
1260 3839 1500 3912 circumferentia,

146 3926 350 3990 drcumlatum
372 3932 502 3986 caunum
524 3927 700 3986 concentrici
716 3925 817 3986 Lunae
840 3943 953 3986 rursum
976 3926 1125 4004 aequabili
1147 3933 1230 3987 rnoiu
1252 3929 1421 3988 restituetur
1444 3925 1499 3985 snb
1566 3987 1568 4002 ,

148 4035 234 4078 seraa
256 4024 294 4079 ο(
322 4023 352 4074 et
375 4027 412 4077 00
438 4021 519 4072 motu
543 4030 579 4072 ex
601 4015 732 4091 utrisque
755 4013 880 4074 circellis
902 4016 1073 4090 composito.

252 4104 297 4161 Ad
313 4121 354 4160 ar:
372 4102 593 4160 Asuoncmicum
611 4104 664 4160 boc
682 4119 746 4162 uon.
783 4099 995 4178 Keplernsr
1026 4101 1190 4176 Nimiast,
1215 4117 1292 4176 quae
1314 4105 1498 4159 astronomus
1551 4163 1561 4182 ‚

149 4209 185 4251 ex
205 4191 370 4267 geometria
391 4195 551 4256 mutuatur,
575 4203 612 4248 ea
633 4195 703 4248 sunt
724 4191 929 4262 astronomica,
953 4205 1030 4264 quac
1052 4205 1123 4249 roro
1146 4207 1182 4248 ex
1197 4188 1330 4268 physica,
1353 4201 1389 4246 ea
1404 4191 1501 4244 astro·

148 4281 265 4340 uomica
286 4277 389 4338 baberi
411 4291 471 4334 non
493 4272 610 4335 debent.
650 4273 727 4350 Quid
749 4277 776 4333 si
798 4292 835 4335 nc
857 4275 914 4336 boc
937 4275 1055 4351 quidem
1077 4277 1116 4336 sit
1138 4279 1374 4346 asuouomlcnm,
1397 4271 1501 4349 dispu-

149 4375 227 4440 tare,
259 4363 339 4443 quod
361 4371 460 4424 motus
482 4360 628 4423 coelorum
660 4361 787 4422 debeant
816 4379 880 4423 esse
903 4363 1159 4440 aequabilisslmii
1192 4367 1301 4441 quippe
1323 4363 1440 4421 axioma
1463 4377 1500 4418 ex

148 4454 274 4532 physica
296 4461 342 4513 est
363 4450 539 4511 deductum.
585 4451 684 4526 Atquo
706 4467 763 4510 rae
785 4449 839 4508 tibi
860 4449 1001 4529 Koplere,
1024 4453 1075 4528 qui
1097 4453 1124 4513 si
1144 4451 1322 4535 longissimis
1344 4445 1501 4506 sudoribus

149 4541 267 4602 tandem
289 4557 397 4602 causas
419 4546 551 4597 motuum
575 4539 713 4616 physicas
736 4539 882 4612 inveneris
905 4546 935 4599 et
957 4555 993 4598 ex
1016 4537 1052 4600 iis
1073 4547 1134 4598 tam
1157 4539 1232 4599 benc
1260 4536 1395 4596 docueris
1417 4550 1500 4595 com-

148 4639 266 4708 pntsrs,
299 4646 391 4707 qnam
421 4627 497 4686 benc
527 4635 730 4703 computamus
753 4641 789 4685 ox
811 4627 1014 4703 suppositione
1036 4626 1224 4701 circulorum,
1256 4623 1404 4702 gratitudo
1426 4622 1501 4684 haec

150 4721 201 4780 erit
222 4727 254 4780 ut
275 4723 396 4796 negent,
420 4721 450 4774 ie
474 4729 539 4773 esse
561 4713 776 4774 astronomum!
814 4713 923 4774 Dicant
945 4715 1033 4791 igitur
1052 4714 1215 4792 physicum.

247 4809 291 4868 Ad
309 4827 344 4866 rr:
372 4803 538 4862 Probatione
557 4817 626 4875 opus
645 4809 698 4861 est.
732 4803 795 4860 Nou
813 4805 950 4876 intelligo,
969 4805 1130 4875 explicanda
1146 4803 1216 4856 baec
1233 4801 1363 4872 apertius.
1399 4797 1501 4875 Kep-

144 4893 264 4964 leros:
294 4890 449 4958 Generalo
475 4889 546 4956 iacit
567 4887 604 4952 ds
626 4889 708 4951 omui
729 4887 884 4970 wanda,
915 4884 996 4984 quod
1024 4902 1080 4984 ego
1108 4883 1147 4946 de
1168 4881 1309 4950 dbtsntia
1330 4881 1396 4954 45⁰.
1439 4886 1501 4973 tieq
