3516 5540
429 443 614 504 summum
630 400 978 503 murmuraremus
995 381 1215 506 mooun..
1425 447 1489 520 ssu

106 623 206 676 nulnum
227 624 410 696 emendet,
440 638 562 693 cumque
579 625 608 679 in
624 625 738 691 gradum
763 639 843 677 suum
860 623 1069 694 pulcherrimam
1087 627 1159 684 hoino
1176 629 1366 700 philosophiae
1383 639 1489 702 partem

107 717 212 777 sponna
253 709 339 766 ldae
363 719 474 768 autem
498 717 541 766 eet
558 709 646 766 dictus
664 699 738 766 erbis
755 725 883 780 magnus,
911 712 974 779 quia
997 719 1053 767 tam
1071 713 1105 767 ad
1129 718 1298 784 superiorum
1320 719 1490 789 planetarum

109 795 171 852 orbes
187 813 283 866 quam
305 797 351 853 ad
371 797 546 854 inferiorum
560 795 770 866 magnitudinem
790 798 936 853 notabilem
959 800 1057 870 babet,
1082 817 1152 871 quae
1176 805 1384 874 praecipuarum
1407 827 1490 880 appa-

111 883 245 940 reatismm
273 885 314 940 iit
336 887 475 943 semeio.
512 885 597 941 Porro
614 885 643 938 in
668 883 856 940 latitudinibus
882 887 1053 956 planetarum
1075 889 1191 959 primum
1215 900 1258 948 eet
1280 893 1385 964 videre,
1411 911 1490 966 quam

112 983 172 1030 recte
188 973 344 1030 deferenti
366 982 504 1031 cenuum
521 974 622 1030 Tertiae
638 976 734 1046 moesti
750 989 846 1029 nomeu
866 975 1008 1044 tribuatur,
1027 975 1100 1045 quod
1118 993 1151 1032 eo
1168 978 1280 1048 insuper
1296 983 1426 1050 majorem
1444 985 1490 1040 ad·

115 1063 278 1117 mundonem
298 1069 449 1132 meretur,
470 1079 527 1132 quc
544 1067 665 1118 veterum
683 1062 736 1117 hac
754 1061 789 1116 de
806 1077 837 1116 ne
854 1071 1000 1133 praecepta
1018 1062 1190 1132 perplexim
1208 1065 1418 1137 obscurioresque
1430 1085 1491 1126 esse

120 1157 222 1207 cunm
254 1150 292 1204 ln
311 1149 523 1206 latitudinibus
540 1151 711 1220 planetarum
723 1149 783 1218 ejus
796 1149 937 1218 utilitates,
956 1163 1006 1205 ceu
1017 1149 1046 1203 in
1058 1146 1158 1204 illustri
1172 1153 1289 1220 quodum
1302 1153 1362 1209 icco
1375 1155 1489 1227 positae,

124 1239 199 1308 nagia
215 1245 286 1296 sunt
304 1241 497 1311 conspicuae,
516 1239 656 1309 cumipse,
673 1251 809 1306 nusquam
821 1236 961 1305 eclipticas
973 1236 1055 1307 piano
1070 1237 1221 1304 discedens,
1240 1241 1388 1310 praecipua
1399 1248 1491 1298 umen

129 1343 201 1384 cauas
217 1330 311 1384 omnis
336 1328 515 1384 diversitatis
537 1325 756 1396 apparentiamm
774 1325 801 1380 in
825 1324 995 1382 latitudinem
1022 1324 1131 1382 existat.
1167 1324 1209 1380 Tu
1231 1343 1308 1394 sero,
1335 1328 1491 1386 doctissime

132 1419 162 1473 ii.
176 1417 332 1484 Sohcnere,
362 1417 429 1472 ideo
449 1431 556 1472 summo
573 1431 664 1470 amore
682 1416 774 1472 orbem
798 1415 871 1471 hunc
888 1413 1107 1485 prosequendum
1125 1419 1153 1468 ct
1170 1412 1388 1483 amplectendum
1407 1417 1490 1488 vidce,

136 1507 197 1575 qaod
212 1513 302 1561 totam
321 1513 421 1561 mutua
438 1505 468 1559 in
486 1503 657 1559 latitudinem
675 1503 824 1574 doctrinam
843 1503 961 1558 brother
977 1510 1086 1572 umque
1105 1500 1230 1572 dilucide,
1249 1503 1374 1560 omnibus
1391 1521 1490 1578 propo·

138 1594 187 1648 n'tis
202 1594 304 1661 cauam,
325 1593 364 1648 ob
382 1593 482 1650 oculos
500 1595 609 1661 ponas*
1051 1581 1054 1588 ’

228 1681 414 1737 Planetarum
431 1680 555 1738 theorias
573 1680 772 1750 Cepernicanas
791 1679 925 1736 Rheticus
942 1680 1023 1748 quam
1042 1678 1199 1735 brevissime
1212 1680 1350 1750 explicare
1368 1685 1490 1754 senmur,

141 1783 187 1836 qna
200 1769 334 1825 breuitate
353 1769 468 1839 saepius
487 1783 543 1822 rem
561 1767 646 1837 magis
664 1769 784 1838 invoivit,
803 1783 885 1837 quam
902 1767 1044 1822 clariorem
1061 1765 1155 1833 elficit
1175 1781 1282 1836 semper
1292 1768 1441 1838 respicieus
1457 1770 1492 1826 ad

143 1853 260 1920 ,almum
276 1856 495 1925 narrationem,
514 1871 568 1924 qua
581 1855 723 1925 (loperniei
740 1855 907 1926 hypotheses
928 1869 1024 1922 ,qnam
1041 1853 1158 1924 primum
1172 1854 1248 1923 justo
1267 1847 1389 1911 adhibiti
1401 1855 1491 1912 studio

141 1949 219 1996 tumn
234 1943 271 1998 D.
290 1943 489 2013 Praeceptoris
508 1957 578 2012 opus
595 1943 751 2012 evolverit“,
770 1943 797 1998 in
816 1941 917 1998 claram
935 1942 1024 1997 lucem
1041 1942 1236 2011 producentur.
1257 1973 1289 1984 -
1395 1930 1397 1940 ⁴
1473 2011 1479 2024 ·

234 2031 268 2086 In
284 2031 449 2102 appendice,
468 2047 550 2100 quem
567 2032 705 2100 inscripsit
722 2032 874 2087 Borusas'ce
891 2029 1064 2094 Ermcmmm,
1082 2029 1214 2085 Rhetlcos
1232 2031 1388 2100 praemissis
1406 2029 1493 2088 laudi·

140 2119 345 2175 bnaBoruasiae
363 2119 479 2190 mamae
498 2117 595 2176 ducum
613 2123 641 2174 et
657 2120 764 2188 civium,
781 2130 846 2188 prae
858 2117 919 2174 aliis
936 2117 1003 2172 dicit
1020 2117 1216 2172 Tidemannnm
1236 2118 1360 2188 Gysium,
1378 2120 1493 2191 Episco-

141 2224 200 2275 pum
219 2207 402 2277 (tulmentum,
429 2207 477 2278 qui
497 2213 576 2272 ,ante
598 2222 652 2261 non
674 2205 779 2261 destitit
802 2203 942 2262 adhortari
967 2204 1145 2274 (iopernicum
1172 2205 1206 2259 ad
1232 2204 1303 2261 hauc
1325 2207 1493 2276 provinciam

140 2295 348 2364 arripiendam,
374 2309 459 2364 quam
484 2291 600 2363 impulit
638 2293 672 2347 D.
690 2293 856 2362 Praeceptor
881 2291 962 2348 laciie
984 2293 1063 2346 amici
1086 2293 1212 2361 precibus
1237 2294 1320 2349 cessit
1343 2302 1371 2351 ct
1389 2297 1493 2368 recepit

140 2380 241 2436 tabulas
259 2383 457 2438 astronomicas
474 2396 505 2436 se
523 2381 743 2450 compositurum.
780 2379 819 2436 ht
833 2381 962 2450 qnoniam
982 2380 1040 2449 jam
1059 2381 1124 2437 clim
1142 2383 1194 2439 sibi
1218 2390 1292 2439 esset
1309 2391 1491 2457 perspectum,

140 2471 336 2526 obasmtiones
355 2485 407 2526 suc
425 2468 626 2539 quodammodo
640 2469 704 2536 jure
721 2467 791 2522 scier
802 2467 969 2538 hypotheses
982 2468 1098 2538 exigere,
1117 2483 1189 2538 quae
1206 2487 1261 2526 non
1279 2477 1334 2525 tam
1348 2486 1492 2529 eversurae

141 2565 228 2613 casem
242 2557 379 2615 hactenm
397 2557 432 2613 de
449 2567 573 2613 motuum
590 2555 741 2612 sturbium
760 2553 855 2610 ordine
872 2555 1012 2624 imputata
1033 2563 1062 2611 et
1079 2572 1208 2627 excussa,
1231 2573 1313 2628 quam
1331 2560 1412 2615 mam
1431 2577 1493 2617 cum

141 2645 262 2702 sensibus
278 2644 382 2702 nostris
399 2651 579 2724 pugnaturae,
594 2644 750 2715 judicabat,
768 2645 955 2716 hipbonsiuos
972 2645 1065 2714 potius
1082 2661 1166 2714 quam
1183 2645 1369 2702 Ptolemaeum
1386 2647 1493 2704 imitan-

142 2733 203 2787 dum
219 2741 247 2789 et
262 2734 373 2789 tabulas
397 2732 457 2788 sine
483 2731 758 2789 demonstrationibus
782 2733 984 2802 proponendas.
1021 2732 1066 2788 Sic
1083 2732 1217 2799 luterum,
1240 2737 1271 2789 ut
1296 2733 1398 2790 nullum
1422 2734 1494 2791 inter

141 2821 314 2892 phdcsophcs
336 2827 458 2878 moveret
481 2818 602 2876 turbam:
629 2819 755 2890 sugeres
772 2821 956 2877 machemadci
974 2827 1124 2878 correctum
1145 2821 1280 2878 haberent
1297 2827 1419 2878 motuum
1438 2823 1492 2878 cal·

142 2908 242 2979 enin,
264 2925 344 2966 veros
362 2917 455 2966 autem
473 2907 593 2963 artifices
610 2923 644 2962 ex
662 2907 781 2962 numeris
799 2909 947 2977 propositis
965 2909 1046 2966 lacilo
1063 2916 1242 2981 perventuros
1261 2909 1295 2965 sd
1314 2911 1447 2982 principis
1465 2917 1493 2968 et

143 2995 239 3065 loru,
261 2997 335 3054 unde
360 2997 480 3053 deducta
506 3001 598 3052 essent
619 2995 716 3051 omnia
753 2995 798 3050 Sic
822 2995 894 3066 lore,
908 3001 952 3057 ¹ut
969 2997 1058 3054 doctis
1073 2997 1184 3067 liquide
1208 3003 1366 3054 constarent
1392 2999 1490 3067 omnis,

144 3099 226 3152 nsqse
241 3091 333 3140 umen
352 3091 570 3138 astronomorum
595 3083 692 3152 vulgus
709 3083 883 3140 fraudaretur
899 3103 965 3155 usu,
991 3101 1072 3156 quern
1094 3087 1153 3142 sine
1178 3083 1292 3142 scientis
1309 3085 1397 3141 solum
1415 3092 1499 3142 curat.

146 3181 173 3225 ct
189 3173 313 3242 expete.
349 3173 426 3228 Haec
445 3171 558 3240 Gysium
575 3187 631 3226 non
649 3169 777 3227 sulficere
794 3174 946 3244 censuisse,
970 3175 1104 3230 neminem
1127 3180 1319 3243 perventurum
1344 3171 1378 3228 ad
1400 3187 1490 3228 seram

143 3259 308 3330 hypothesin,
327 3275 378 3314 nec
395 3259 442 3314 hic
459 3258 550 3314 locum
568 3259 677 3328 habers,
695 3259 897 3329 quodssepius
915 3261 943 3314 in
961 3260 1077 3330 publicis
1096 3260 1212 3330 negotiis
1231 3260 1292 3328 liat,
1311 3266 1342 3315 ut
1360 3259 1491 3330 aliquc'm-

145 3347 190 3402 diu
205 3349 315 3404 consulis
332 3347 513 3412 occultentur,
533 3347 620 3402 denec
631 3345 733 3402 subditi
744 3347 836 3403 fructu
847 3353 976 3418 percepto
989 3363 1065 3417 spem
1077 3347 1249 3416 nequaquam
1261 3327 1492 3415 dubiam'lsciant,

143 3435 200 3490 iure
214 3441 246 3491 nt
261 3436 315 3505 ipsi
331 3434 448 3492 consilia
465 3435 520 3490 sint
537 3434 726 3506 approbaturi3
745 3435 934 3506 imperfectum
953 3435 1074 3491 loturum
1092 3435 1121 3490 id
1138 3449 1236 3490 munus
1249 3433 1421 3504 reipublicae,
1440 3435 1493 3490 nisi

143 3521 311 3580 immnuta
335 3522 493 3579 ausimum
513 3529 712 3593 proponentur,
737 3523 924 3579 Ptolemaeum
947 3522 1107 3580 imitandum
1130 3537 1192 3578 esse
1216 3521 1379 3592 copernico,
1403 3539 1493 3593 neque

144 3610 308 3679 hlphcnsum
325 3615 379 3666 etc.
416 3610 483 3676 ,iiis
501 3618 529 3664 et
551 3610 612 3665 aliis
630 3610 736 3681 multis,
756 3617 787 3666 ut
804 3627 838 3666 ex
856 3610 949 3667 amicis
975 3625 1065 3669 rerum
1088 3610 1211 3667 omnium·
1229 3610 1345 3666 consciis
1366 3613 1492 3681 comperi,

145 3698 335 3755 erndimaimus
352 3697 467 3754 Praesrd
484 3696 594 3754 tandem
612 3697 687 3767 apud
704 3697 738 3753 D.
756 3697 964 3768 Praeceptorem
983 3700 1075 3770 evicit,
1102 3705 1133 3754 ut
1150 3697 1338 3768 polliceretur,
1356 3713 1386 3754 sc
1404 3697 1492 3754 doctis

146 3791 173 3838 st
189 3784 339 3854 pumuitsti
356 3784 391 3841 de
409 3784 550 3840 laboribus
568 3783 625 3840 suis
640 3783 772 3852 judicium
790 3785 992 3855 permissurum.
1030 3785 1120 3862 Quare
1137 3787 1234 3841 merito
1253 3785 1370 3842 studiosi
1388 3785 1491 3841 mathe-

146 3883 241 3931 ω
265 3889 320 3929 rer.
345 3873 380 3928 D.
399 3871 537 3928 cuimeusi
558 3887 671 3941 magnas
695 3871 836 3929 habebunt
856 3874 974 3943 matius,
996 3874 1069 3943 quod
1096 3873 1167 3930 hano
1194 3889 1302 3943 operam
1326 3872 1492 3942 reipublicae

147 3961 330 4030 ww

243 4049 293 4106 iiis
310 4049 392 4104 mem
410 4047 478 4104 lacit
495 4047 640 4104 liberisue:
667 4047 758 4112 ,iisec
775 4045 867 4114 habui,
888 4046 1036 4104 clarissime
1053 4048 1110 4117 Vir,
1128 4062 1199 4118 quae
1216 4046 1252 4104 ud
1269 4054 1297 4103 te
1314 4048 1343 4103 in
1360 4047 1490 4118 praeseus

147 4137 179 4192 dc
199 4137 375 4194 D.1icctoris
397 4136 451 4192 mei
476 4134 690 4206 hypothesibus,
713 4135 827 4191 Pruasia'
849 4141 877 4191 et
898 4136 1103 4194 Maecenatibus
1127 4137 1194 4193 meis
1219 4135 1363 4192 scribenda
1387 4133 1490 4205 potavi.

148 4225 215 4281 Besa
231 4226 303 4292 vale,
326 4226 376 4282 Vir
393 4225 563 4294 doctissime,
587 4229 616 4279 et
638 4223 729 4280 studia
745 4239 807 4279 mea
830 4225 885 4281 tuis
903 4225 1024 4282 consiliis
1047 4224 1198 4295 gubernare
1221 4241 1255 4280 ne
1273 4223 1418 4294 dedignere
1436 4227 1490 4276 etc.

149 4313 188 4368 iia
203 4315 313 4371 hussen
330 4321 426 4370 nostru
444 4313 582 4368 Wurmiae
598 4313 645 4367 iii.
664 4311 721 4367 Gai.
740 4311 800 4368 Oct.
821 4314 897 4370 1539.

240 4403 284 4459 Ad
301 4403 378 4473 haec,
397 4415 470 4472 quse
488 4417 523 4456 ex
542 4399 692 4471 copernico
717 4406 746 4456 st
762 4399 877 4458 Bheticc
896 4401 1095 4472 excerpsimus,
1120 4413 1273 4465 menemus,
1297 4394 1444 4466 Keplerum
1461 4397 1490 4452 in
1511 4399 1514 4408 '

146 4489 216 4547 iibrh
231 4492 296 4560 anis,
314 4507 385 4564 ques
402 4490 555 4562 praemissa
572 4487 709 4546 volumina
726 4487 895 4546 subactionis
913 4496 1023 4545 nostrae
1046 4489 1188 4556 exhibent,
1212 4499 1319 4555 semper
1335 4483 1371 4539 ad
1388 4489 1490 4540 uuum-

146 4595 196 4647 qas
210 4581 362 4651 roepcxisse
379 4593 532 4647 eorumque
548 4577 650 4647 placita
672 4592 734 4633 cum
757 4577 785 4632 in
809 4593 888 4633 osum
906 4591 986 4633 sunm
1004 4579 1132 4647 sommas,
1157 4581 1216 4630 tum
1233 4586 1279 4636 ea,
1305 4587 1376 4641 quse
1399 4573 1489 4630 minus

145 4665 223 4724 Ιώ
243 4667 427 4726 fundamentis
450 4666 579 4722 insistere
595 4666 655 4720 sisa
673 4670 751 4734 sunt,
775 4663 804 4718 in
827 4663 923 4719 medas
946 4665 1067 4720 vertisse.
1103 4665 1136 4720 in
1155 4659 1333 4729 ,Prodromo⁴‘
1353 4658 1488 4729 Keplerus
1571 4653 1578 4664 '

145 4754 274 4824 &ternio
296 4774 368 4830 opus
393 4757 487 4826 ipsum
510 4753 599 4808 minas
620 4752 649 4808 in
672 4767 704 4808 rc
726 4751 864 4823 praesensi
880 4752 1039 4820 cognovisse
1057 4751 1175 4813 ridetur,
1198 4761 1279 4814 quarn
1303 4748 1487 4816 praeceptoris

144 4841 268 4903 hmini
283 4847 450 4917 menate
468 4855 537 4898 nsua
556 4853 630 4910 osae,
652 4855 704 4898 nec
726 4855 780 4896 nou
798 4839 907 4896 Rhatiai
925 4837 1144 4905 ,litterationemu
1165 4837 1284 4888 secutus.
1314 4833 1430 4902 (Passim
1446 4833 1487 4890 in·

143 4932 250 4994 sedam
264 4936 377 4998 Μαί
396 4929 486 4990 rerba
502 4931 576 5006 apud
593 4929 751 5006 Kaplerusn,
768 4930 917 5010 praecipua
932 4927 985 4986 roi.
1004 4926 1025 4982 1.
1044 4941 1071 5006 p.
1091 4925 1134 4995 63,
1153 4921 1212 4994 iol,
1230 4919 1282 4980 167
1300 4923 1364 5001 etc.)
1482 5002 1488 5011 Ι
