3588 5540
272 435 338 517 iti
787 445 1120 519 vrarosnmrrreprea.

271 641 344 704 rogo
367 625 439 686 mihi
462 624 612 688 describas
643 626 773 704 mihique
797 628 874 688 hanc
904 626 1088 704 voluptatem
1110 643 1147 686 na
1169 625 1312 686 invideas.
1359 624 1539 686 Straussium
1562 641 1627 687 mco

215 745 221 752 ·
272 717 389 775 nomiae
412 713 510 774 saluta
533 721 563 774 et
586 714 729 791 siquidem
754 715 851 776 adhuc
874 715 976 776 haeret
1002 717 1031 773 in
1055 717 1193 792 opinione
1223 715 1339 792 probati
1371 715 1515 787 criminis,
1549 713 1627 789 quod

272 801 347 863 meis
376 804 553 863 intentatum
582 805 682 878 norit,
712 793 877 864 secundiori
905 805 1013 863 nuncio
1041 803 1172 863 exhilara
1176 845 1278 864 .....
1326 800 1412 877 Quod
1442 801 1571 878 gaudere
1598 809 1627 862 te

271 889 355 964 dicis,
378 890 486 950 iscium
510 889 645 968 equidem
662 897 695 950 ut
710 891 841 968 gaudeas
864 892 1006 969 amplius,
1036 893 1095 950 imo
1118 893 1217 968 potius
1241 889 1348 964 dolori,
1372 907 1458 966 quern
1481 889 1628 965 aliquam-

271 977 374 1038 diute
396 977 506 1038 iuvisse
530 977 677 1055 intelligo,
709 985 742 1038 ut
763 995 985 1056 supervacaneo
1008 979 1153 1038 irascaris.
1199 977 1357 1054 Nunquam
1381 979 1457 1037 enim
1485 994 1541 1036 nec
1563 976 1628 1037 loco

269 1081 325 1128 nac
347 1065 514 1127 conditione
536 1081 602 1126 sum
623 1074 736 1140 mutua,
760 1067 841 1126 solus
864 1085 938 1144 penc
962 1067 1018 1126 boc
1040 1083 1104 1126 sum
1129 1061 1313 1138 consecutus,
1336 1073 1370 1125 ut
1392 1064 1428 1125 de
1450 1065 1629 1125 calamitati·

270 1154 326 1214 bus
348 1155 461 1232 patriae
485 1153 557 1213 nihil
581 1153 618 1215 ad
642 1171 688 1214 me
711 1157 897 1232 pertingeret,
922 1157 975 1215 etsi
991 1153 1174 1233 rolrrptatcm
1193 1171 1227 1213 ex
1251 1153 1450 1212 incolumitate
1472 1155 1630 1231 corrumpit

271 1241 355 1302 dolor
378 1259 414 1302 ex
438 1240 596 1316 dedecore,
628 1241 721 1302 veluti
748 1242 916 1302 dulcissima
939 1245 1035 1319 patria
1057 1260 1153 1302 mcum
1177 1243 1269 1301 solius
1300 1244 1502 1319 commercium
1527 1259 1629 1318 asper·

270 1335 375 1404 naute,
407 1345 533 1406 quacum
566 1332 683 1407 penitus
714 1331 886 1391 occumbere
919 1332 1012 1390 bonus
1043 1333 1170 1408 quisque
1201 1331 1356 1405 optaverit.
1403 1327 1462 1388 Sed
1492 1329 1629 1406 pensavit

271 1415 443 1477 felicitatem
466 1419 613 1495 propriam
637 1417 790 1478 calamitas
814 1419 883 1492 alia,
909 1418 995 1494 longe
1019 1420 1133 1478 abello
1156 1416 1274 1494 publico
1298 1417 1444 1490 distincta,
1468 1417 1630 1476 communis

271 1505 342 1564 milri
367 1522 433 1565 curn
457 1503 595 1564 iratribus
617 1509 700 1582 meis,
726 1523 813 1582 quam
831 1508 963 1584 privatus
979 1506 1065 1564 nohis
1080 1505 1173 1565 hostis
1190 1507 1388 1564 atrocissimus
1412 1504 1519 1580 intulit,
1543 1505 1629 1580 cujus

271 1610 328 1670 ago
353 1593 509 1653 conatibus
532 1601 565 1653 ut
587 1595 684 1654 socias
706 1593 908 1670 iratemasque
931 1610 1035 1652 manus
1059 1611 1245 1672 opponerem,
1271 1595 1361 1671 petita
1377 1593 1528 1652 absentiae
1543 1595 1629 1652 venia
1710 1651 1712 1656 ,

270 1679 373 1742 Lincio
396 1698 461 1741 sum
482 1679 631 1757 prolectas
655 1684 684 1739 in
708 1681 981 1757 Wirtcmbergiam,
1009 1681 1095 1756 jussa
1116 1698 1208 1741 uxore
1232 1698 1296 1740 cum
1325 1681 1436 1738 familia
1458 1697 1504 1740 me
1527 1680 1629 1740 Ratis·

270 1769 378 1829 bonam
410 1785 504 1844 usque
536 1771 635 1844 sequi,
669 1776 701 1828 ut
724 1787 760 1828 ea
783 1778 811 1828 et
835 1779 917 1829 extra
944 1767 1106 1846 periculum
1134 1767 1383 1828 incommodorum
1415 1767 1484 1828 belli
1507 1768 1629 1828 etmihi

257 1858 390 1936 'propior
413 1863 505 1932 assct3
530 1855 732 1933 praevideram
756 1858 842 1932 enim,
866 1873 993 1916 annuam
1017 1856 1079 1916 iore
1101 1874 1197 1915 meam
1220 1857 1393 1916 absentiam.

376 1943 419 2004 Eo
443 1943 473 2003 in
503 1945 607 2004 itinere
635 1946 736 2022 scripsi
768 1944 805 2004 dc
836 1943 1003 2021 eclipsibus.
1056 1943 1161 2002 Habeo
1189 1943 1311 2024 librum,
1348 1946 1376 2001 in
1408 1961 1466 2020 qno
1505 1943 1629 2022 eclipses

272 2048 374 2094 omncs
397 2033 435 2091 ab
460 2049 537 2092 anno
557 2037 639 2092 1572
657 2033 831 2092 observatae
855 2049 921 2091 cum
945 2033 1201 2091 observationibus
1218 2035 1298 2106 meis,
1323 2031 1472 2109 Tychonis
1488 2033 1629 2092 aliorum·

271 2137 329 2196 qus
354 2124 470 2179 etcum
494 2119 608 2179 calculo
632 2121 825 2179 restitutionis
850 2137 933 2178 meac
950 2119 1080 2181 ultimae.
1110 2119 1176 2180 Non
1200 2119 1263 2178 ulla
1286 2128 1382 2178 tamen
1407 2120 1476 2178 mihi
1500 2123 1631 2198 suppetit

271 2209 387 2268 occasio
410 2205 603 2286 imprimendi,
629 2210 800 2286 priusquam
826 2209 1035 2283 conquiescant
1058 2207 1088 2266 hi
1112 2215 1209 2266 motus
1232 2205 1419 2268 Germaniae.
1456 2211 1509 2280 (Ex
1529 2207 1629 2281 episto-

271 2297 305 2354 lis
325 2297 396 2354 datis
415 2297 489 2354 Julio
508 2298 577 2354 1623
598 2303 625 2352 ct
642 2296 791 2352 Februario
814 2297 905 2364 1624.)

245 2371 249 2380 ’
376 2386 452 2454 Quae
475 2385 611 2454 Keplerus
636 2385 680 2440 hic
704 2385 848 2440 obscurius
873 2385 1087 2454 significaverat,
1112 2389 1209 2455 postca
1236 2383 1383 2455 explicavit
1406 2386 1538 2456 crugero,
1566 2387 1630 2440 scri-

269 2473 361 2530 benti:
389 2473 545 2532 Straussius
564 2473 622 2542 jam
645 2472 744 2528 nuncio
761 2473 815 2527 isto
834 2473 868 2528 de
887 2473 940 2528 tuis
963 2473 1117 2528 secundiori
1139 2473 1307 2531 exhilaratus
1319 2480 1369 2530 'est
1388 2489 1459 2529 auno
1482 2475 1630 2547 praeterito

271 2560 389 2618 airatrs
411 2568 459 2617 tuo
483 2577 621 2630 germano.
659 2560 724 2616 Fuit
748 2561 819 2614 caim
840 2561 863 2616 is
888 2568 916 2616 ct
934 2561 1106 2632 Regiomonti
1131 2569 1158 2616 et
1182 2562 1297 2616 Halalae
1320 2569 1348 2616 et
1368 2562 1506 2630 Drmiam,
1533 2562 1578 2616 ubi
1603 2570 1631 2616 et

269 2665 314 2706 ma
335 2649 461 2706 liberarit
486 2651 540 2706 ista
567 2649 758 2706 sollicitudine.
799 2651 891 2718 Rogas
918 2649 967 2704 tihi
996 2665 1030 2704 aa
1058 2649 1193 2704 invideam
1219 2650 1387 2719 voluptatem
1413 2649 1520 2703 ridendi
1546 2648 1630 2704 falsos

269 2735 331 2793 illos
350 2736 469 2805 colores,
495 2737 593 2806 quibus
617 2744 664 2793 tua
688 2737 771 2808 hujus
796 2738 974 2808 quinquennii
996 2739 1106 2794 fortuna
1127 2738 1192 2792 mihi
1214 2737 1323 2807 depicta
1345 2737 1405 2792 suit.
1441 2737 1575 2806 Quoniam
1593 2737 1631 2792 ita

270 2823 319 2894 ris,
346 2823 426 2880 iccio.
467 2825 584 2895 Propter
611 2824 746 2880 austriaca
771 2825 843 2880 bella
870 2826 1002 2882 dicebaris
1032 2827 1178 2894 emigrasse
1206 2826 1370 2894 Trrhingam,
1399 2826 1507 2880 interim
1539 2825 1630 2880 dedito

270 2913 382 2968 Bararis
401 2911 505 2982 Lincio,
524 2912 652 2985 quicquid
670 2928 760 2968 rerum
778 2919 886 2968 tuanrm
904 2913 933 2968 in
945 2915 1128 2984 typographia
1140 2915 1288 2981 inventum,
1308 2927 1324 2966 a
1342 2913 1473 2969 militibus
1486 2914 1630 2984 direptum,

270 2999 428 3070 laceratum,
447 3013 496 3056 uon
516 3003 559 3056 bra
578 3002 703 3068 &chalan
723 3003 761 3056 brr
780 3001 913 3072 brrrdrrrp
933 3004 991 3072 bair
1009 3019 1067 3058 mon
1086 3004 1196 3070 dargan,
1221 3015 1270 3056 oorr
1295 3005 1339 3057 bart
1358 3003 1501 3058 dobrrrdtrn
1525 3005 1574 3058 aab
1593 3019 1630 3073 gr:

272 3087 414 3156 ibricbcnrn
426 3089 515 3160 bogari
529 3089 656 3156 battoma
669 3090 779 3159 gennadii,
799 3089 921 3145 ablatum
935 3091 1016 3146 etiam
1036 3098 1064 3145 et
1076 3090 1250 3157 obsignatum
1263 3090 1482 3145 observationum
1495 3091 1630 3160 Tychoni·

272 3190 365 3230 carum
383 3175 550 3242 thesaurum,
570 3192 650 3246 quem
668 3182 760 3231 tamea
778 3185 907 3246 suscepto
921 3177 954 3232 ad
969 3179 1101 3232 Bouariac
1115 3179 1210 3233 ducem
1230 3178 1327 3232 itinere
1340 3193 1390 3246 per
1402 3177 1630 3248 supplicationem

271 3261 416 3331 receperis.
453 3263 485 3317 ln
504 3263 592 3332 patria
611 3279 692 3334 porro
711 3272 759 3319 tua
779 3265 835 3319 sive
854 3271 967 3318 matrem
986 3267 1042 3320 sire
1062 3280 1182 3320 sororem
1206 3255 1271 3334 (jam
1297 3265 1368 3319 enim
1388 3265 1499 3334 excidit)
1511 3265 1630 3320 insimu-

272 3347 358 3403 latam
377 3353 405 3403 et
422 3347 530 3418 publice
553 3357 711 3406 accusatam
730 3352 822 3406 nescio
841 3353 919 3420 cujus
937 3353 1072 3422 veneficii,
1100 3368 1153 3421 quo
1177 3351 1288 3406 crimine
1307 3351 1468 3421 depellendo
1487 3360 1518 3407 tu
1537 3353 1630 3408 multis

273 3441 301 3490 et
319 3435 463 3493 itineribus
487 3443 514 3492 et
532 3436 662 3507 impensis
680 3446 708 3494 ct
726 3440 809 3494 animi
835 3440 975 3496 doloribus
1001 3441 1084 3496 l'uaris
1108 3441 1272 3508 exagitatus.
1309 3441 1385 3496 llaec
1403 3441 1490 3496 aurico
1508 3441 1553 3495 hic
1572 3455 1631 3496 mco

274 3521 382 3580 cuidam
401 3523 521 3579 literaria
541 3524 667 3595 Tubinga
690 3535 755 3584 tunc
774 3529 936 3598 significata.
973 3529 1067 3584 Tantis
1085 3529 1179 3598 itaque
1203 3529 1276 3584 crima
1294 3535 1322 3584 te
1340 3527 1456 3585 feliciter
1474 3527 1632 3584 defunctum

272 3627 327 3666 uon
345 3610 479 3666 immerito
497 3613 604 3682 gavisus
624 3629 693 3672 sum.

378 3707 431 3764 His
453 3707 589 3779 chlcrus
611 3710 767 3779 respondit:
796 3707 841 3767 Da
869 3726 936 3768 mea
962 3708 1080 3768 fortuna
1109 3726 1160 3786 per
1187 3709 1352 3787 superiores
1380 3725 1474 3770 anuos
1504 3711 1630 3771 certiora

275 3793 375 3854 omnia
398 3800 428 3852 et
450 3794 567 3852 mitiora
590 3811 678 3871 penes
703 3813 766 3872 vqs,
791 3813 879 3872 quam
903 3799 933 3854 in
956 3795 1011 3856 hac
1034 3799 1099 3874 ipsa
1122 3797 1192 3855 urbc
1216 3806 1283 3874 post
1306 3814 1402 3856 mcum
1426 3799 1546 3857 abitum.
1587 3798 1632 3857 Dc

273 3877 403 3960 periculo
427 3879 545 3957 quidem
568 3883 797 3961 typographiae,
829 3884 1009 3958 chartarum,
1042 3885 1296 3958 observationum,
1328 3884 1401 3944 nihil
1433 3894 1487 3947 est.
1535 3885 1574 3945 nt
1597 3885 1632 3945 de

274 3977 367 4030 matre
390 3969 479 4028 nimio
503 3986 592 4046 quam
617 3989 727 4034 rerum.

379 4069 455 4125 Haec
473 4070 598 4139 sequitur
616 4071 764 4142 descriptio
782 4071 898 4127 actionis
917 4078 1012 4128 contra
1029 4079 1142 4128 matrem
1159 4072 1320 4143 institutam,
1339 4088 1420 4142 quam
1437 4089 1521 4144 supra
1540 4090 1567 4144 p.
1580 4075 1630 4132 tat

274 4155 475 4230 proposuimus.
511 4158 617 4215 Deinde
635 4160 725 4229 pergit
742 4159 895 4230 Kaplarus:

379 4251 419 4310 rit
442 4251 490 4312 hic
512 4267 563 4329 per
585 4269 680 4312 meam
703 4253 868 4312 absentiam
890 4255 1091 4332 spargebatur,
1116 4272 1162 4313 ma
1185 4261 1301 4332 propter
1325 4255 1517 4314 temeritatem
1533 4253 1633 4330 Naga-

274 4336 371 4400 lianaa
402 4338 526 4398 similem
550 4341 622 4399 iram
651 4343 791 4400 meruisse
814 4340 964 4415 Caesaris,
996 4359 1120 4417 cumque
1150 4343 1299 4418 effugerim
1327 4343 1527 4421 (paucissimis
1556 4345 1633 4402 enim

276 4441 395 4487 causam
419 4427 517 4487 abitus
541 4429 597 4487 mei
623 4426 832 4502 credideram),
864 4447 1001 4504 magnam
1023 4448 1042 4488 a
1065 4431 1191 4490 Caesare
1223 4448 1366 4490 summam
1392 4433 1581 4490 constitutam
1604 4431 1632 4488 in

276 4524 366 4593 caput
388 4531 502 4588 meum,
532 4516 603 4591 quin
627 4518 716 4573 etiam
739 4516 863 4574 flammis
887 4517 996 4576 tradita
1019 4518 1197 4600 exemplaria
1220 4517 1385 4577 Calendarii
1408 4513 1522 4591 omnia',
1553 4516 1633 4595 quod

276 4607 345 4660 tuuc
359 4601 422 4662 lieri
438 4618 497 4661 uon
513 4604 616 4680 potuit,
631 4619 696 4661 cum
713 4601 825 4662 nullum
844 4605 1016 4681 scripserim.
1048 4605 1120 4664 Post
1135 4605 1244 4666 lactum
1260 4613 1305 4665 est
1319 4608 1461 4684 superiori
1477 4606 1633 4666 Decembri

276 4691 393 4760 (scripta
410 4691 480 4748 haec
497 4699 562 4748 sunt
580 4692 606 4748 d.
625 4695 649 4749 9.
670 4692 746 4762 Sept.
768 4694 847 4760 itti)
871 4693 900 4750 in
916 4691 1024 4768 Scyria,
1049 4691 1162 4752 nullum
1184 4694 1222 4753 ob
1239 4692 1472 4769 Prognosticum,
1495 4693 1547 4754 sed
1563 4696 1634 4770 quia

276 4771 314 4836 da
335 4777 544 4854 praecellentia
571 4776 751 4837 contendunt
779 4778 958 4854 provinciae.
1005 4784 1082 4852 Quae
1095 4791 1246 4852 sequantur
1259 4777 1634 4853 leganturacannumrctr.

380 4873 482 4935 lusa.
512 4877 687 4946 ,Revorram
714 4879 777 4934 anui
799 4875 866 4934 nihil
889 4877 973 4934 habat
997 4880 1052 4936 nisi
1076 4867 1268 4951 horoscopum.
1304 4881 1387 4938 Initio
1410 4881 1474 4938 anni
1495 4881 1633 4956 lieplerua
