3612 5538
278 411 345 487 984
811 415 875 474 Vita
891 415 1006 474 Joannis
1023 411 1144 492 depleri,

278 594 353 656 nihil
375 595 423 656 hie
446 601 493 657 est
515 594 697 672 addendum,
731 614 820 674 quum
843 615 919 676 pene
943 613 1044 659 omnes
1068 596 1209 676 epistolae
1231 596 1269 658 ad
1300 599 1366 675 ipsa
1387 596 1486 659 studia
1506 597 1622 676 Keplari

279 683 489 760 chronologica
515 687 690 762 pertineant.
738 685 931 763 Crdgerus
961 683 1066 748 deinde
1096 703 1173 746 anno
1206 691 1300 746 1609.
1328 685 1486 764 Keplerum
1515 685 1624 748 adierat

281 773 437 849 ,quamvis
461 771 496 832 de
518 773 593 832 lacis
617 774 783 850 ignotum“,
807 773 898 834 allato
922 771 1081 836 excusandi
1105 790 1195 834 causa
1216 773 1311 851 Papio
1334 773 1413 834 illius
1435 777 1548 849 amico;
1573 773 1624 835 sed

278 876 355 920 anno
380 859 496 920 demum
523 866 616 920 1615.
640 879 661 926 a
681 859 811 937 Keplero
835 864 864 920 ci
885 879 1058 939 responsum
1082 869 1141 934 est,
1171 860 1320 922 Straussio
1349 872 1485 921 monente
1508 861 1624 938 Criigeri

278 946 433 1023 discipulo.
479 946 554 1007 Tum
577 947 733 1026 Keplerus,
757 957 915 1025 postquam
939 968 971 1010 se
995 948 1031 1009 de
1053 937 1236 1026 negligentia
1258 952 1412 1009 excusavit
1435 957 1464 1010 et
1486 950 1625 1026 mej0rem

277 1037 319 1094 rei
343 1034 461 1112 eulpam
485 1037 513 1093 in
538 1035 808 1122 domesticasnsuas
831 1055 878 1096 res
901 1036 1025 1097 contulit
1047 1043 1077 1096 et
1098 1039 1127 1094 in
1151 1034 1392 1112 demigrationem
1423 1036 1475 1095 illo
1498 1045 1625 1113 tempore

277 1141 312 1182 ex
329 1122 426 1199 Praga
440 1122 576 1184 Linciurn
599 1123 716 1196 laetam,
741 1123 862 1200 Criigeri
885 1125 1108 1201 quaestionibus
1130 1121 1254 1184 libenter
1277 1127 1406 1201 acceptis
1429 1123 1551 1184 eundem
1572 1123 1624 1183 ad·

278 1209 422 1284 hortatur,
447 1219 478 1270 ut
501 1211 670 1271 inchoatum
693 1210 844 1280 literarum
860 1215 1065 1273 commercium
1081 1229 1169 1289 quam
1193 1211 1415 1288 diligentissime
1435 1212 1625 1286 continuaret,

278 1297 367 1374 quam
390 1297 621 1358 admonitionem
646 1299 695 1358 ille
717 1301 846 1358 maximo
870 1299 980 1377 gaudio
1002 1307 1121 1360 secutus
1144 1306 1198 1360 est.
1236 1299 1324 1360 Brevi
1348 1301 1476 1358 amicitia
1498 1307 1559 1358 tam
1581 1302 1626 1358 in·
1727 1293 1730 1300 '

277 1389 350 1445 dms
372 1385 451 1446 lacta
475 1395 528 1460 est,
551 1393 585 1446 ut
608 1403 666 1446 uon
690 1384 778 1446 modo
801 1387 902 1448 studia
923 1387 1136 1464 pertractanda,
1160 1386 1251 1446 libros
1267 1385 1394 1448 edendos
1410 1389 1531 1448 intense
1546 1404 1626 1448 eom·

278 1475 474 1548 municarent,
504 1473 557 1534 scd
581 1476 670 1534 etiam
694 1490 795 1534 omues
818 1492 864 1536 res
887 1474 1080 1547 domesticas,
1112 1476 1175 1534 sive
1199 1478 1340 1551 pecuniae
1363 1476 1532 1554 angustiae,
1563 1476 1626 1534 sive

277 1561 435 1622 liberorum
458 1569 560 1623 natum
584 1570 613 1622 et
635 1570 774 1636 mortem,
805 1564 870 1623 sive
893 1562 967 1622 alias
998 1581 1044 1622 res
1074 1579 1125 1639 per
1147 1561 1248 1622 literas
1278 1571 1448 1636 tractarent,
1480 1565 1522 1622 ite
1545 1563 1625 1622 utin

277 1648 427 1710 Maestlinl
450 1648 546 1709 locum
570 1649 716 1726 Criigerus
740 1653 916 1711 successisse
939 1651 1094 1712 videretur.
1134 1648 1191 1724 Qui
1214 1667 1303 1726 quum
1327 1668 1378 1727 per
1401 1648 1514 1726 aliquot
1536 1667 1627 1712 annos

279 1736 429 1797 silentium
452 1745 600 1812 servaret,
625 1729 810 1798 astronomus
833 1737 980 1799 Remum
1003 1740 1116 1798 interim
1141 1736 1270 1812 adierat,
1301 1755 1427 1815 quocum
1449 1753 1508 1796 non
1531 1740 1626 1798 minus

281 1829 384 1902 aperte
409 1822 444 1884 de
467 1823 573 1884 studiis
595 1826 658 1884 suis
681 1826 814 1902 scripsit,
846 1819 947 1886 addito
972 1825 1119 1902 quondam
1149 1824 1185 1885 de
1209 1824 1344 1884 diuturno
1368 1825 1489 1900 Criigeri
1511 1824 1628 1884 silentio

279 1912 337 1973 hoc
357 1912 443 1988 jocos
477 1914 586 1993 „etiam
609 1912 755 1988 Criigerus
778 1930 860 1972 meus
888 1923 921 1974 ut
946 1913 1063 1975 vetulus
1092 1929 1185 1990 equus
1214 1915 1243 1970 in
1275 1913 1408 1972 lacunam
1439 1913 1625 1989 procubuit.“

279 1999 339 2061 Sed
355 2017 433 2058 anno
447 2005 541 2064 1623.
554 1998 744 2076 epistolarum
760 2003 964 2061 commercium
979 2004 1084 2063 iterum
1099 2000 1324 2076 diligentissime
1338 2008 1486 2077 receptum
1500 2003 1629 2060 maxima

278 2104 315 2148 ex
346 2094 429 2162 parte
460 2088 498 2148 ad
528 2088 684 2165 Epitomen
716 2095 745 2148 st
777 2095 907 2148 cometas
938 2092 1085 2165 pertinuit.
1110 2090 1177 2160 (Cir.
1195 2092 1256 2148 Vol.
1275 2093 1322 2148 VI.
1340 2111 1367 2162 p.
1386 2093 1476 2148 28ss.
1492 2091 1554 2148 Vol.
1574 2093 1631 2146 vn.

279 2195 307 2248 p.
319 2179 352 2234 13
363 2180 433 2247 seq.)
464 2174 611 2252 Crtigerus
625 2177 749 2252 scripsit
773 2175 866 2252 Aprili
886 2183 984 2250 1623,
1007 2183 1126 2254 petens:
1152 2185 1203 2254 ,tu
1226 2179 1270 2238 vir
1292 2177 1501 2251 humanissime
1516 2192 1631 2236 resum-

279 2269 342 2320 tum
364 2262 421 2321 hcc
443 2264 568 2338 primum
591 2261 742 2324 literarum
765 2264 952 2326 officiumne
975 2263 1123 2338 fastidies,
1156 2263 1208 2323 sed
1235 2268 1337 2340 paucis
1364 2263 1541 2341 respondere
1566 2263 1632 2339 dig·

251 2369 254 2376 ⁴
280 2350 358 2408 neris
383 2350 421 2408 ob
445 2366 628 2410 communem
651 2347 823 2413 Uraniam.“
857 2351 912 2410 Cui
935 2352 1079 2428 epistolae
1095 2351 1177 2412 Julio
1198 2369 1299 2412 meuse
1322 2352 1484 2430 aKeplero
1507 2368 1631 2430 respon·

279 2452 345 2496 sum
368 2444 427 2496 est:
454 2435 541 2512 „Quo
562 2439 658 2515 magis
681 2454 735 2497 nos
759 2438 893 2498 omnibus
911 2439 1023 2500 deliciis
1046 2439 1182 2500 litorariis
1205 2437 1315 2517 spoliat
1330 2439 1438 2506 beilum
1455 2439 1632 2500 Germaniae

278 2519 521 2599 funestissimum,
552 2524 609 2586 hoc
630 2524 702 2584 mibi
732 2527 875 2601 gratiores
904 2527 984 2588 luere
1016 2535 1085 2589 tuae
1107 2527 1223 2601 literae,
1255 2531 1422 2588 memoriam
1451 2528 1631 2599 deliciarum,

278 2611 369 2672 voluti
392 2611 540 2688 quondam
558 2613 682 2689 Epicuro
704 2615 886 2690 gravissimis
909 2613 1014 2675 calculi
1038 2613 1187 2674 doloribus
1206 2614 1355 2688 alflictato,
1379 2615 1451 2674 milri
1474 2618 1517 2674 sic
1539 2615 1631 2674 latum

277 2701 391 2777 patriae
413 2703 540 2778 gementi
565 2699 740 2778 doloresque
764 2706 794 2760 et
809 2709 903 2762 metus
926 2701 1127 2778 impendentes
1147 2701 1387 2780 perhorrescenti,
1411 2721 1447 2764 cx
1469 2701 1631 2779 longinquo

278 2788 458 2848 refricantes.
504 2787 620 2848 Blande
642 2805 691 2854 me
711 2787 859 2850 demulcet
881 2797 996 2850 tuarum
1020 2789 1168 2850 literarum
1191 2789 1293 2864 lectio,
1316 2791 1422 2868 dignus
1446 2793 1566 2852 omnino
1591 2805 1631 2862 es,

281 2877 329 2935 cui
352 2877 482 2936 vicissim
505 2876 633 2952 benigne
657 2883 685 2936 et
708 2875 831 2936 delicate
854 2878 990 2938 luciam.“
1023 2877 1057 2936 In
1080 2895 1221 2954 responso
1244 2878 1337 2954 (Sept.
1364 2879 1460 2956 1623)
1485 2877 1633 2952 Griigerus

279 2971 369 3040 rogat
389 2961 564 3040 Keplerum,
596 2981 632 3024 ne
656 2970 786 3039 apertam
810 2981 929 3026 suarum
961 2967 1131 3042 opinionum
1154 2983 1174 3024 a
1194 2965 1382 3043 Keplerianis
1405 2965 1632 3042 discrepantium

281 3049 508 3127 explicationem
532 3069 619 3128 aegre
642 3052 745 3124 terret,
770 3051 929 3128 ,incolumi
959 3053 1015 3112 boc
1036 3070 1151 3130 semper
1179 3051 1263 3112 licuit
1285 3055 1453 3127 amicitia“,
1485 3043 1633 3129 simulque

279 3139 318 3198 ab
342 3155 377 3198 eo
400 3139 603 3199 renovandum
627 3147 656 3198 et
679 3137 909 3210 continuandum
933 3143 1037 3217 prioris
1060 3141 1209 3200 amicitiae
1231 3147 1340 3202 statum
1366 3143 1458 3218 petit,
1489 3141 1572 3218 quod
1597 3156 1633 3200 eo

278 3229 373 3301 magis
403 3243 435 3286 sc
465 3234 649 3304 speratarum
672 3227 787 3302 scribit,
821 3227 900 3303 qnod
930 3228 1075 3306 Keplerus
1103 3228 1223 3302 dixerit,
1258 3228 1353 3306 Papio
1383 3235 1498 3288 mortuo
1532 3230 1631 3306 ipsum

279 3310 464 3394 (Criigerum)
487 3317 517 3373 in
541 3313 701 3374 Germania
724 3316 946 3403 septentripnali
970 3333 1035 3378 esse
1058 3333 1157 3390 unum,
1182 3328 1307 3392 quocum
1331 3316 1367 3378 dc
1390 3315 1496 3376 studiis
1518 3317 1633 3394 episto-

278 3400 372 3462 tarum
396 3405 600 3464 commercium
623 3402 732 3464 habere
754 3403 858 3478 possit.
1687 3475 1688 3478 Ἴ

347 3539 350 3549 ,
385 3485 487 3550 Relert
508 3489 655 3568 Keplerus
677 3496 848 3566 recuperato
871 3491 966 3552 amico
988 3489 1051 3550 luta
1071 3507 1127 3552 sua
1148 3507 1201 3568 per
1222 3507 1315 3551 annos
1337 3489 1505 3568 proximos,
1528 3491 1631 3551 matris

281 3591 401 3636 causam
424 3575 570 3638 sorensem
601 3584 631 3638 et
654 3594 730 3654 quae
753 3581 864 3638 interea
891 3578 1047 3657 proiecerit
1074 3579 1104 3637 in
1126 3577 1227 3640 literis.
1273 3578 1423 3656 Epistolae
1453 3575 1520 3639 inde
1544 3578 1632 3638 datae

279 3672 311 3724 et
337 3670 477 3742 acceptae
506 3672 576 3725 sunt
604 3682 697 3740 usque
727 3663 765 3725 ad
795 3682 903 3726 annum
934 3673 1027 3726 1626.
1067 3665 1212 3743 Keplerus
1242 3673 1378 3728 accurate
1407 3665 1566 3743 respondet
1594 3664 1632 3725 ad

280 3751 403 3828 Criigeri
427 3755 617 3828 quaestiones
640 3752 676 3812 de
700 3755 790 3814 variis
812 3755 903 3814 rebus
926 3756 1140 3828 astronomicis,
1163 3753 1290 3814 reterens
1314 3753 1417 3828 simul,
1440 3770 1517 3831 quas
1541 3743 1644 3831 opero¹

280 3838 405 3900 ediderit
428 3857 564 3917 quaeque
586 3838 700 3901 edenda
722 3843 751 3899 in
774 3844 925 3919 proposito
948 3842 1066 3914 habeat,
1090 3843 1165 3919 petit
1188 3843 1328 3913 vicissim,
1352 3849 1385 3902 ut
1399 3843 1510 3902 amicus
1534 3845 1632 3920 ipsum

280 3929 310 3986 in
335 3925 449 3987 calculo
473 3935 606 3991 motuum
628 3927 813 4004 planetarum
837 3929 974 4006 adjuvet:
1001 3947 1087 4010 „enm
1111 3928 1242 3990 desertus
1264 3933 1320 3988 sim
1336 3947 1355 3988 a
1369 3930 1458 3990 sociis
1482 3931 1631 4004 omnibus,

281 4031 348 4074 eum
363 4013 540 4076 Maestlinus
564 4016 749 4076 consenuerit
770 4033 825 4078 nec
848 4017 917 4078 ullis
931 4018 1083 4078 machinis
1106 4017 1155 4078 vel
1179 4013 1215 4076 ed
1238 4017 1355 4078 unicam
1378 4015 1536 4094 epistolam
1558 4018 1633 4078 sori-

279 4101 406 4163 bendam
420 4100 500 4179 adigi
516 4105 618 4182 possit,
635 4104 824 4165 vehementer
839 4104 893 4165 abs
908 4113 937 4164 te
952 4111 1031 4183 peto,
1047 4107 1090 4164 uti
1106 4123 1152 4164 me
1168 4103 1268 4180 aliqua
1283 4104 1379 4166 oneris
1393 4111 1477 4183 parte
1492 4106 1633 4167 subleves

280 4190 561 4268 observationesque
576 4190 761 4268 planetarum
776 4192 973 4255 Ptolomeicus
989 4201 1049 4254 tam
1066 4193 1210 4270 exipsius
1226 4193 1344 4266 tabulis,
1369 4209 1458 4268 quem
1473 4211 1509 4254 ex
1526 4193 1634 4256 Prute·

279 4279 353 4338 nicis
377 4284 561 4355 computatas
585 4279 622 4338 ad
646 4297 693 4340 me
715 4277 835 4340 mittas“
862 4291 917 4342 etc.
955 4281 1073 4342 Petenti
1089 4280 1229 4356 Crdgero,
1256 4278 1471 4362 „tabellarium
1495 4282 1521 4340 si
1536 4289 1631 4358 potes,

281 4382 432 4440 nunquam
454 4366 512 4426 buc
534 4366 626 4427 literis
648 4383 776 4428 vaenum
792 4367 937 4444 dimitte“,
961 4367 1112 4445 respondit
1127 4367 1291 4443 Keplarus:
1316 4364 1364 4448 ,0
1380 4367 1494 4428 nullum
1510 4371 1632 4446 gravius

279 4454 511 4530 probrosiusque
533 4454 607 4514 mibi
629 4471 761 4532 unquam
784 4455 951 4534 impendeat
973 4457 1139 4538 servitiuml
1170 4456 1264 4516 Pareo
1288 4472 1356 4516 eccs
1370 4472 1512 4534 perquam
1527 4455 1632 4518 lubens

280 4539 496 4618 epistolamque
519 4548 599 4603 tuam
622 4561 641 4602 a
663 4543 744 4604 calce
767 4551 868 4604 retexo
891 4551 921 4604 et
943 4563 961 4604 a
983 4545 1089 4622 capite,
1111 4545 1224 4619 gratiae
1248 4560 1375 4620 namque
1398 4552 1554 4620 utrumque
1576 4544 1632 4603 ob·

275 4628 377 4688 sidant
400 4627 511 4690 aditum
515 4675 626 4693 .....
666 4631 832 4708 Epistulam
855 4638 936 4690 tuam
959 4631 997 4692 ad
1020 4631 1176 4707 Nagelium
1194 4630 1414 4709 (eabbalistam)
1438 4630 1542 4708 alique
1565 4647 1632 4690 cnm

280 4717 323 4776 ira
344 4714 419 4792 legi,
453 4715 529 4780 adeo
559 4725 588 4778 te
610 4717 807 4796 negligentem
836 4735 901 4778 esse
924 4719 1019 4780 lamae
1043 4719 1216 4797 decorisque
1245 4719 1306 4792 tui,
1329 4707 1392 4794 'qui
1414 4735 1481 4780 cum
1502 4719 1632 4796 palmam

278 4803 336 4862 hoc
358 4809 496 4882 temporis
519 4806 652 4867 obtineas
666 4808 819 4866 acuminis
835 4804 1044 4880 mathematici,
1068 4823 1126 4868 non
1142 4822 1274 4868 reserves
1289 4808 1535 4868 existimationem
1548 4813 1631 4868 tuam

271 4907 422 4998 ¹tttnsuuae
444 4893 545 4976 potius
566 4911 699 4958 mearum
720 4893 968 4970 lucubrationum,
991 4893 1098 4960 sedin
1120 4903 1269 4960 certamen
1292 4893 1350 4958 boc
1371 4893 1632 4958 lutulentissimum
1743 4953 1750 4962 ,
