3588 5540
283 415 348 492 908
790 425 854 484 Vita
869 424 984 489 ioannis
1000 425 1131 500 Keplcrl.

284 596 365 654 Initio
383 595 505 660 decurris
523 599 653 674 erinnem
671 602 877 678 disputationis:
902 621 946 664 me
962 606 1037 664 ultro
1055 604 1182 676 irujecisse
1205 602 1256 662 tibi
1273 605 1367 661 carim
1385 603 1497 674 celatim
1520 603 1555 662 td
1573 619 1633 660 eam

284 686 465 744 hortationem
483 693 639 762 reposuisse
656 699 684 749 ιι
708 709 808 766 anceps
826 693 967 764 dilemma,
992 711 1043 752 uec
1061 693 1201 750 censuisse
1218 693 1405 750 transitionem
1424 694 1458 750 ob
1477 693 1557 748 amici
1573 709 1634 763 gra·

286 773 352 828 tium
369 772 522 832 reluctante
540 779 705 836 conscientia
722 783 887 854 laciendam3
912 800 973 840 cnm
991 783 1143 840 inuisiorem
1161 795 1226 850 ego,
1246 795 1305 838 cam
1324 780 1528 837 excusationem
1544 786 1635 851 patro·

284 859 370 916 cinari
388 864 569 922 conscientiae
590 872 654 924 inae
675 886 730 926 non
747 885 842 944 posse,
867 872 914 943 qui
931 871 1005 930 haud
1023 869 1116 942 plures
1141 869 1169 924 in
1186 876 1235 928 tua
1252 868 1301 926 illa
1317 870 1489 936 Lutherana,
1507 885 1588 941 qnam
1606 869 1635 926 in

285 955 380 1005 nosne
399 957 427 1008 si
439 951 578 1010 Catholica
597 956 711 1014 ecclesia
729 975 834 1017 errores
851 975 993 1032 agnoscas.
1023 958 1208 1016 Dissimulasti
1226 965 1257 1014 ιιι
1274 957 1380 1016 scilicet
1397 961 1635 1030 comparationem,

285 1052 366 1105 qnam
385 1037 563 1112 institueram,
582 1052 611 1100 et
623 1045 650 1100 in
662 1045 775 1104 alteram
787 1052 893 1118 partem
904 1047 1078 1119 respondisti,
1097 1047 1149 1102 etsi
1167 1045 1375 1114 aliqnammulta
1387 1061 1402 1100 ι
1414 1047 1515 1102 nostris
1527 1045 1636 1116 placitis

286 1131 315 1181 et
332 1127 467 1196 approbes
486 1129 544 1200 ipse
563 1139 591 1188 et
609 1137 740 1204 sequaris,
759 1134 823 1190 lerri
840 1141 931 1192 tamen
945 1135 1034 1192 omnia
1046 1150 1078 1191 ac
1090 1134 1203 1191 tolerari
1214 1149 1268 1189 uon
1283 1149 1374 1203 posse,
1391 1133 1512 1190 additum
1527 1149 1636 1204 exemp·

285 1211 342 1268 lum
362 1217 397 1272 de
414 1217 441 1275 S.
461 1219 487 1276 S.
506 1219 620 1292 meritis,
645 1240 715 1294 qnae
737 1222 820 1280 libelli
838 1225 926 1280 nostri
942 1223 971 1280 in
991 1223 1209 1280 satisfactionem
1232 1221 1421 1291 propeccatis
1445 1220 1538 1277 offerri
1553 1236 1636 1290 posse

287 1303 412 1362 doceant
447 1307 542 1364 Facile
568 1309 631 1377 init,
657 1319 687 1366 ut
710 1313 891 1372 condonarem
917 1311 992 1370 istud
1016 1311 1116 1375 amico,
1144 1311 1179 1370 de
1204 1315 1278 1364 curu
1302 1309 1470 1377 quaestionis
1492 1307 1636 1364 Abflffifflfi·

289 1392 404 1462 Scripsit
423 1394 457 1452 de
475 1409 508 1476 ep
525 1399 686 1466 quaestione
703 1400 874 1472 Augustinus
892 1409 1009 1457 meatem
1028 1407 1112 1470 atque
1130 1399 1302 1468 seutentiam,
1321 1399 1349 1454 iu
1367 1399 1446 1469 cuius
1465 1399 1636 1469 expositione

288 1495 350 1536 cnm
367 1482 487 1538 riderem
505 1489 534 1541 te
550 1485 660 1556 ingenio
678 1493 726 1543 tuo
738 1488 893 1558 plusculum
906 1487 1056 1557 indulgere,
1075 1487 1223 1556 Augustini
1235 1493 1353 1542 mentem
1366 1501 1400 1543 ex
1411 1487 1472 1558 ipso
1484 1486 1637 1556 Augustino

289 1566 443 1628 luculenter
460 1575 591 1642 expressi.
625 1575 685 1644 Quo
697 1577 852 1634 testimonio
870 1577 898 1632 id
916 1579 1077 1647 impetrasse
1095 1589 1138 1631 ιιι
1150 1576 1237 1641 rideo,
1255 1581 1287 1630 ut
1304 1573 1500 1644 propemodum
1518 1571 1637 1644 ιιιιιιιι,

291 1661 320 1711 ιι
337 1656 366 1711 in
389 1671 422 1712 ιι
447 1659 555 1728 quidem
579 1663 738 1731 particulari
760 1664 974 1721 controversiola
995 1664 1166 1735 triumphari.
1193 1664 1262 1734 ,Ego
1280 1663 1349 1720 illud
1375 1662 1440 1718 mihi
1462 1679 1518 1718 nou
1540 1653 1638 1730 arrog'o

290 1743 328 1798 mi
344 1744 476 1817 Keplere3
502 1748 645 1806 velitemur
667 1767 717 1810 noe
735 1770 786 1824 pro
804 1753 884 1822 copia
901 1758 930 1807 ct
947 1750 1180 1823 sapientiaquem
1200 1752 1267 1808 satis
1286 1757 1341 1816 est,
1362 1751 1470 1806 interim
1486 1766 1536 1820 pro
1555 1763 1639 1804 causa

290 1831 401 1890 meliore
417 1841 522 1906 pugnet
538 1839 702 1910 antiquitus,
719 1841 808 1896 vincat
825 1841 913 1910 Deus,
938 1841 1038 1898 ueritas
1057 1838 1213 1910 triumphet
1250 1839 1375 1894 Ceterum
1393 1838 1421 1892 iu
1438 1839 1499 1908 ipso
1516 1836 1564 1892 illo
1582 1836 1639 1891 An-

289 1918 392 1986 gustini
410 1922 565 1979 testimonio
589 1923 683 1995 aliqua
705 1928 852 1986 etiamnum
876 1927 1032 1984 desiderare
1050 1933 1078 1982 te
1096 1926 1183 1984 rideo.
1219 1925 1324 1982 iubeor
1341 1927 1473 1996 probare,
1499 1941 1558 1980 eam
1578 1939 1639 1980 esse

288 2012 406 2064 mentem
424 2013 568 2080 Augustini
587 2031 623 2070 ex
635 2015 837 2074 cucnmsunris
854 2023 955 2072 textus.
980 2016 1146 2087 Quaestione
1165 2015 1227 2072 149.
1243 2015 1272 2071 in
1287 2015 1414 2076 Exodnm
1433 2031 1467 2070 ex
1486 2014 1639 2084 composito

288 2095 317 2150 S.
336 2095 384 2150 Vir
401 2098 514 2168 probat:
540 2102 641 2171 ,hdosis
659 2103 732 2176 apud
748 2105 835 2160 Deum
853 2110 981 2173 tauquam
1000 2102 1150 2160 fidelissimi
1168 2102 1263 2160 famuli
1281 2108 1387 2160 tentum
1406 2101 1492 2158 inisse
1511 2101 1639 2156 meritum

287 2181 429 2252 petillius
447 2187 575 2257 matiam,
599 2197 630 2247 nt
648 2192 674 2246 ei
697 2189 801 2248 diceret
818 2193 907 2263 Deus,
931 2192 991 2249 aiae
1008 2209 1050 2249 me
1068 2199 1094 2250 et
1110 2193 1209 2250 ιἰιιιιι,
1224 2193 1270 2248 irc
1287 2197 1429 2248 conteram
1447 2205 1501 2246 eos.
1536 2187 1641 2244 Jubscr

174 2329 175 2338 ,
288 2271 416 2340 probare,
434 2275 531 2332 merita
548 2277 617 2334 haee
629 2281 745 2350 amplius
764 2280 910 2350 quidesse,
929 2295 1011 2350 quam
1024 2286 1120 2336 sancta
1132 2277 1269 2348 suffragia,
1287 2293 1358 2347 quae
1371 2275 1444 2346 apud
1457 2277 1545 2334 Deum
1558 2275 1640 2331 inter-

286 2366 431 2430 ponantur.
469 2363 637 2423 credendum
657 2375 707 2439 eat,
725 2369 814 2440 inquit
831 2368 1015 2438 Augustinus,
1040 2367 1114 2437 qnod
1133 2381 1226 2421 omnes
1245 2363 1434 2434 eleemosynae
1451 2365 1535 2420 totius
1554 2363 1640 2421 eccle·

204 2443 212 2456 “
289 2444 346 2502 aisa
364 2454 393 2503 et
410 2451 549 2508 orationes
567 2460 595 2509 et
613 2469 696 2525 opera
711 2456 835 2527 justitiae
853 2464 882 2513 et
898 2455 1101 2513 misericordiae
1125 2463 1286 2512 succurrant
1303 2454 1510 2526 recognoscenti
1527 2459 1641 2510 mortem

288 2542 363 2592 tuam
382 2537 417 2592 ad
435 2545 510 2596 tuam
529 2545 741 2606 couversionem.
777 2544 883 2601 Jubeor
898 2543 1028 2614 probare,
1052 2542 1087 2597 de
1104 2541 1158 2598 illis
1177 2540 1243 2598 solis
1260 2541 1335 2612 loqui
1352 2541 1549 2612 Augrssiinum,
1572 2558 1641 2612 qnos

285 2623 343 2694 jam
363 2627 533 2685 condonatos
550 2631 626 2689 Deus
645 2633 741 2704 diligit.
767 2632 818 2688 iiic
838 2639 868 2688 iu
886 2646 997 2688 causam
1016 2636 1091 2687 tuam
1111 2629 1182 2684 ultro
1195 2619 1352 2700 prodidisti,
1372 2627 1470 2698 ecquid
1488 2645 1515 2684 ι.
1534 2629 1641 2696 objece-

288 2727 333 2768 ras
351 2719 482 2784 tanquam
500 2717 639 2788 piaculum
656 2720 745 2790 nobis,
764 2720 811 2790 qni
828 2736 884 2776 non
903 2719 931 2777 S.
945 2719 972 2775 il.
991 2725 1098 2774 tantum
1109 2717 1214 2786 merita,
1233 2715 1281 2772 sed
1300 2715 1402 2772 ordinis
1419 2717 1500 2772 eiiam
1514 2721 1542 2772 et
1554 2715 1640 2774 socio·

289 2816 350 2858 rum
368 2809 522 2860 nosuorum
540 2805 742 2866 satisfactiones
761 2807 859 2864 offerre
877 2807 936 2862 Deo
956 2806 1112 2862 doceamus.
1139 2803 1244 2860 iubeor
1254 2802 1379 2872 probare,
1398 2802 1474 2858 illum
1493 2819 1547 2858 uon
1566 2799 1641 2871 loqui

289 2888 323 2944 de
341 2891 504 2948 necessitate
522 2896 667 2964 temporis,
694 2897 742 2952 sed
761 2898 795 2954 de
812 2901 870 2952 ιοιιι
882 2879 1063 2965 ‘peccatorum
1082 2905 1195 2948 summa.
1232 2890 1354 2947 Alterum
1373 2899 1490 2948 neeesse
1515 2895 1570 2960 est,
1594 2889 1643 2946 dut

287 2974 347 3032 falli
364 2983 393 3033 te
411 2979 600 3048 vehementer,
619 2990 668 3041 aut
685 2982 796 3052 lallare,
819 2997 870 3036 nec
894 2979 973 3036 licuit
998 2979 1064 3034 mihi
1087 2987 1151 3034 ante
1172 2978 1242 3034 haee
1264 2979 1375 3048 impone
1397 2977 1544 3048 suspicari,
1566 2983 1595 3034 ιι
1613 2977 1641 3032 in

290 3063 489 3122 catholicorum
514 3066 637 3138 placitis,
662 3070 822 3141 quibuscum
838 3067 868 3122 iu
886 3082 995 3124 arenam
1015 3065 1171 3138 descendis,
1195 3066 1264 3124 adeo
1282 3067 1418 3138 hospitem
1440 3081 1501 3122 esse
1519 3072 1547 3122 et
1564 3078 1641 3136 pere-

290 3150 404 3219 grinum.
429 3154 514 3234 hicce:
534 3155 672 3214 offerimus
686 3157 846 3212 Sanctorum
865 3157 970 3226 merita,
989 3155 1046 3212 sire
1065 3171 1159 3212 eorum
1177 3154 1225 3226 qui
1242 3169 1302 3210 cnm
1316 3153 1424 3210 Christo
1443 3159 1566 3223 regnent,
1585 3151 1641 3208 sire

289 3253 382 3294 eornm
402 3240 447 3310 qui
466 3242 607 3300 nobiscnm
625 3245 753 3316 militant,
778 3245 806 3302 in
825 3243 1040 3301 satisfactionem
1059 3241 1249 3314 propeccatis
1268 3240 1384 3310 nostris,
1409 3255 1497 3311 neque
1514 3239 1576 3295 sola
1593 3246 1642 3296 aut

289 3323 393 3394 absque
406 3328 505 3386 Christi
517 3333 621 3389 meritis
639 3335 757 3406 pretinm
775 3339 803 3388 ιι
815 3331 942 3389 ellectum
955 3332 1091 3402 habitura,
1110 3347 1200 3400 neque
1218 3331 1301 3388 etiam
1318 3330 1359 3386 ita
1376 3334 1542 3399 comparata,
1562 3329 1641 3399 qnasi

289 3412 365 3481 ipsae
385 3415 487 3474 Christi
504 3422 677 3490 precationes
695 3425 799 3492 absque
816 3421 850 3479 iis
868 3437 924 3478 non
943 3421 1091 3491 sulliciant,
1110 3419 1159 3476 sed
1177 3419 1242 3490 qnia
1259 3425 1287 3474 et
1299 3433 1415 3488 aequum
1434 3425 1477 3474 cst
1495 3423 1523 3472 et
1536 3417 1642 3472 Sanctis

290 3499 485 3574 honorificum,
510 3513 541 3562 ut
558 3510 730 3580 precationes
748 3509 812 3566 illae
830 3525 921 3564 coram
939 3509 999 3564 Deo
1019 3525 1075 3566 non
1098 3508 1154 3564 sint
1170 3507 1266 3562 inanes
1284 3511 1328 3561 etc
1329 3544 1444 3563 ......
1480 3503 1549 3559 Vide
1566 3501 1640 3574 mihi,

289 3605 418 3659 quorsum
442 3609 487 3650 res
509 3603 616 3654 ιιιιιιι
641 3605 669 3655 ιι
686 3597 800 3654 consilia
821 3597 951 3668 evadant,
975 3604 1120 3668 postquam
1144 3591 1305 3660 conculcata
1328 3593 1459 3651 ccclesiae
1483 3593 1640 3663 auctoritas,

288 3677 435 3750 profligata
448 3684 544 3739 summi
556 3686 692 3758 praesulis
703 3687 862 3755 reverentia,
882 3684 1045 3754 quantillum
1058 3684 1189 3740 audaciae
1202 3683 1319 3754 spatium
1338 3687 1469 3751 superest,
1489 3688 1521 3736 nt
1533 3685 1641 3736 ceierae

289 3781 412 3838 quoqne,
430 3769 531 3840 quibus
550 3773 667 3829 ecclesia
684 3773 815 3832 hactenus
834 3775 925 3842 stetit,
950 3771 1092 3830 columnae
1110 3769 1306 3828 subducantur.
1342 3770 1403 3825 Stat
1420 3785 1470 3841 pro
1488 3767 1642 3837 ubiquitatc

289 3853 464 3928 Thummins,
490 3857 571 3914 aliter
589 3876 622 3914 ex
642 3861 755 3918 adverso
774 3863 919 3918 Μιιιιιιιι
938 3861 1100 3930 scripturam
1123 3858 1267 3928 intelligit;
1292 3856 1357 3928 qnid
1376 3856 1399 3912 si
1418 3871 1453 3912 ex
1470 3856 1567 3912 eadem
1584 3872 1640 3911 ma·

289 3943 359 3998 teria
377 3943 468 4012 Arius,
487 3946 628 4016 Eutyches
647 3954 675 4003 ιι
693 3947 836 4006 Nestorius
854 3965 904 4019 pro
923 3947 1059 4005 erroribus
1076 3945 1121 4002 his
1139 3951 1298 4015 argumenta
1316 3945 1474 4000 arcessant?
1503 3944 1575 4013 Quid
1594 3961 1640 4000 ex·

289 4035 465 4099 spectamus?
497 4033 571 4090 Male
588 4041 680 4090 tecam
699 4037 796 4106 egitur,
814 4037 850 4090 mi
862 4036 991 4106 Keplerc,
1011 4034 1141 4106 quamdiu
1158 4035 1222 4090 fidei
1241 4039 1268 4090 et
1279 4033 1462 4088 conscientiae
1479 4037 1543 4088 tuae
1562 4047 1639 4104 regu-

288 4117 342 4172 lam
361 4119 441 4174 aliam
460 4137 516 4175 nou
537 4121 629 4192 hebes,
649 4127 730 4191 quim
749 4123 790 4178 illi
807 4123 936 4193 habuere,
955 4139 1025 4192 qnos
1037 4121 1097 4178 salli
1110 4115 1144 4176 et*
1156 4121 1252 4176 iullcre
1270 4135 1320 4176 nec
1338 4124 1367 4176 iu
1385 4119 1444 4189 ipse
1457 4118 1592 4178 diffiteris.
1606 4150 1639 4160 -—

288 4207 407 4264 Ventum
425 4207 459 4263 ad
477 4211 668 4281 uoppctuauc,
688 4226 757 4280 quae
775 4216 833 4266 tute
851 4211 887 4266 ad
905 4211 1053 4280 marginem
1072 4208 1219 4280 epistolae,
1238 4207 1350 4279 calamo,
1369 4214 1400 4262 ut
1418 4207 1522 4276 opinor,
1541 4204 1639 4262 tumrul-

288 4295 385 4364 tnario,
404 4296 541 4362 excitasti,
560 4297 617 4353 sire
634 4314 668 4353 ea
685 4299 870 4370 appellatione
887 4298 1045 4355 sacerdotes
1063 4297 1150 4353 nostri
1167 4302 1312 4366 petentum
1330 4285 1388 4350 non
1404 4294 1496 4364 video,
1520 4309 1555 4349 an
1572 4291 1639 4349 illud

288 4381 445 4452 thusmodi
463 4398 479 4437 a
498 4390 525 4439 ie
544 4387 698 4456 exspectari
717 4387 829 4458 debeat,
848 4387 894 4458 qni
912 4388 984 4442 inter
1002 4385 1157 4442 catholicos
1180 4390 1221 4440 toi
1239 4399 1324 4440 anuos
1342 4391 1468 4440 uersatus
1486 4383 1639 4454 intelligere

288 4467 418 4540 potuisti,
442 4469 513 4525 inter
538 4479 668 4530 centones
691 4474 754 4530 illos
778 4483 806 4530 et
825 4474 951 4539 cuculos,
976 4473 1047 4532 inter
1071 4473 1201 4530 informes
1225 4487 1272 4528 eas
1291 4477 1396 4541 tegetes
1414 4488 1469 4527 non
1486 4487 1549 4526 raro
1567 4469 1657 4546 siros

288 4557 423 4626 eiusmodi
441 4556 535 4628 latere,
553 4561 716 4628 quibuscum
733 4577 784 4618 uec
801 4561 936 4618 fortunam
954 4577 1006 4618 nec
1024 4561 1177 4618 doctrinam
1195 4575 1272 4616 snam
1282 4557 1472 4630 praedicantes
1490 4557 1574 4614 vestri
1591 4573 1638 4612 en-

288 4643 372 4699 deant
389 4660 552 4715 componere
570 4653 652 4717 atque
670 4665 843 4720 comparare;
863 4648 920 4704 sive
939 4651 973 4706 de
991 4649 1115 4706 doctrina
1131 4654 1286 4705 nostrornm
1299 4645 1397 4716 agitm,
1416 4645 1515 4715 quibus
1532 4660 1638 4701 errores

288 4731 370 4784 sesni
389 4746 444 4786 uon
462 4737 523 4786 raro
541 4733 608 4788 siris
627 4735 764 4793 coloribus
782 4736 978 4807 depinguntur,
997 4745 1066 4808 puto
1083 4737 1110 4793 id
1129 4753 1208 4793 omne
1227 4753 1244 4793 a
1261 4736 1362 4792 nostris
1379 4735 1452 4790 baud
1470 4735 1553 4806 paulo
1571 4741 1637 4790 iam-

278 4817 429 4884 'perauiins
446 4817 513 4890 lieri,
533 4815 615 4891 quam
634 4825 718 4878 vestri
734 4839 883 4894 praecones
902 4823 1017 4894 soleant,
1036 4823 1084 4894 qui
1102 4841 1136 4880 ex
1154 4823 1231 4895 Papa
1243 4821 1448 4891 Antichristum,
1467 4837 1502 4877 ex
1519 4823 1636 4892 Impera·

288 4907 348 4962 tore
364 4905 517 4965 Dmnonem
534 4909 773 4986 Apocalypticnm,
792 4927 826 4968 ex
843 4911 991 4983 Episcopis
1010 4927 1105 4976 carnea
1123 4911 1241 4983 bestiae,
1265 4925 1300 4968 ιι
1318 4909 1488 4988 Principibus
1506 4924 1584 4982 eam,
1601 4924 1636 4968 ex
