3662 5544
838 423 916 484 reos.
989 393 993 400 ’
1481 427 1544 499 773

199 601 274 677 vala,
298 601 477 665 venerabilis
500 605 557 680 vir,
587 621 693 683 meque
716 613 747 668 et
768 607 823 668 has
845 613 925 666 artes
948 623 1031 681 ama,
1064 605 1159 684 maJ'us
1188 623 1255 668 meo
1280 607 1392 686 judicio
1417 609 1546 671 tacturus

198 695 453 770 operaepretium
476 694 579 769 iniis,
612 711 701 770 quam
724 697 753 754 in
776 695 895 772 litigiis,
924 701 1025 755 nostro
1056 711 1131 754 aevo
1157 698 1329 770 tritissimis,
1359 713 1435 774 quos
1457 699 1546 758 animi

198 779 312 839 morbos
336 780 418 840 Deus
442 779 478 844 0.
501 781 543 840 M.
567 790 652 842 sanet
674 783 908 844 misericorditer.

300 879 396 935 Mense
414 880 526 937 Octobri
544 881 748 952 misitlieplero
767 881 900 938 Samuel
921 880 1196 938 Halenrellerus
1215 883 1297 954 (filius
1309 885 1451 955 Matthiae,
1470 887 1548 944 theo·

197 967 250 1035 logi
269 966 461 1040 Tubiugensis)
484 969 623 1026 Maestlini
647 973 735 1028 theses
759 973 794 1028 de
814 973 1060 1044 inaequalitatibus
1082 978 1204 1028 motuum
1228 977 1394 1044 ccclestiam,
1414 975 1548 1047 judicium

197 1055 309 1124 liepleri
328 1057 380 1112 sibi
399 1063 532 1127 expetens
551 1061 585 1115 de
599 1059 718 1129 ,singulis
737 1059 870 1130 thesibus,
889 1060 1037 1129 praecipuo
1058 1061 1091 1116 de
1111 1059 1170 1124 illa,
1188 1077 1258 1130 quae
1277 1063 1333 1133 agit
1352 1063 1386 1117 de
1407 1064 1549 1134 Copemici

197 1145 364 1215 aliorumque
383 1153 601 1202 astronomorum
615 1146 816 1221 hypothesibus
835 1145 869 1200 dc
888 1147 996 1214 mundo,
1018 1147 1107 1217 ,quod
1120 1148 1284 1206 Maestlinus
1303 1151 1446 1206 occasione
1465 1151 1549 1220 hujus

196 1236 306 1291 theseos
330 1233 360 1288 iu
383 1234 570 1302 gravisdmum
596 1235 722 1292 inciderit
744 1233 846 1291 bellum
865 1251 927 1290 cum
953 1234 1189 1307 professoribust‘,
1215 1237 1274 1292 sine
1300 1238 1384 1294 dubio
1402 1239 1549 1310 theologis.

197 1325 419 1394 (,hiaestlinus¹‘,
438 1323 503 1380 dicit
521 1323 738 1388 Halenrehems,
758 1339 791 1389 ,a
804 1323 945 1393 Copemici
962 1323 1163 1394 hypothesibus
1177 1325 1313 1383 declinare
1331 1342 1386 1382 non
1404 1327 1463 1384 vult
1481 1331 1548 1384 etc.“

197 1412 249 1470 Cir.
269 1410 496 1468 introductionem
515 1419 637 1466 nostram
654 1411 682 1465 in
700 1411 766 1467 hiet.
785 1417 853 1466 astr.
871 1429 898 1482 p.
917 1412 989 1482 651.)

301 1508 437 1578 Kepierus
455 1507 599 1577 respondit
618 1509 641 1564 d.
662 1509 705 1564 to.
724 1507 898 1563 Novembris:
926 1505 990 1564 Etsi
1005 1523 1070 1564 sum
1086 1508 1335 1583 occupatissimus,
1351 1510 1460 1586 quippe
1475 1505 1550 1568 Pra-

196 1613 263 1676 gam
286 1595 337 1666 yix
359 1609 493 1652 reversus
517 1610 533 1652 a
555 1609 684 1666 secessu,
708 1596 799 1671 pestis
823 1611 923 1668 causa,
943 1594 1066 1670 jamque
1089 1593 1192 1654 eodem
1211 1612 1379 1656 reversurus
1401 1595 1440 1656 ad
1463 1595 1550 1656 lami·

196 1679 308 1760 liam*),
333 1681 406 1740 mira
422 1688 520 1740 tamen
541 1682 587 1740 vis
612 1689 817 1742 consuetarum
841 1681 1043 1742 illecebrarum
1058 1684 1150 1740 otium
1166 1683 1236 1742 mihi
1252 1683 1397 1744 scribendi
1413 1683 1489 1746 lecit
1500 1727 1508 1742 .
1521 1726 1549 1747 ..

196 1775 260 1830 lam
276 1773 389 1842 inquirit
405 1770 500 1828 theses
518 1763 636 1843 quatuoi
652 1772 758 1844 priores
777 1775 831 1840 (cir.
850 1774 899 1828 vol.
919 1777 951 1826 11.
970 1791 996 1842 p.
1016 1773 1078 1840 836)
1097 1779 1124 1828 et
1143 1781 1251 1843 partem
1269 1775 1421 1832 studiorum
1439 1790 1551 1830 suorum

198 1863 226 1917 in
243 1861 362 1932 planctis
380 1873 527 1916 recensens
550 1859 640 1914 addit:
667 1856 725 1916 Pro
741 1857 912 1934 adjumento
929 1857 1034 1917 calcidi
1059 1856 1218 1934 ellipsis
1241 1857 1397 1919 adhibetur
1412 1857 1478 1920 loco
1495 1857 1552 1918 cir-

198 1946 263 2008 culi.
309 1945 385 2004 Nam
415 1945 469 2002 iter
496 1941 633 2020 planetae
661 1944 751 2006 habet
779 1945 903 2022 liguram
932 1945 1060 2023 ellipsis,
1093 1961 1151 2004 uon
1179 1945 1287 2006 circuli.
1333 1945 1436 2022 Neque
1467 1963 1552 2006 arcus
1587 1959 1592 1966 ·

199 2033 320 2111 ellipsis,
344 2031 396 2090 sed
419 2031 575 2108 planum
598 2031 677 2107 ejus
701 2032 1007 2110 computandum.
1052 2033 1127 2092 Nam
1150 2034 1180 2090 in
1202 2032 1292 2111 plano
1316 2035 1414 2093 insunt
1438 2033 1552 2094 distan-

199 2124 257 2182 tiae
280 2121 409 2183 omnium
431 2136 515 2178 arcus
539 2127 729 2197 punctorum,
761 2120 918 2181 distantiae
941 2138 1011 2180 vero
1033 2123 1193 2180 metiuntur
1224 2124 1354 2198 vigorem
1377 2129 1475 2182 motus
1497 2139 1551 2182 seu

200 2207 340 2286 tempora'.
386 2205 470 2266 Haec
492 2207 686 2286 impossibilia
710 2207 779 2267 olim
804 2211 878 2282 visa,
900 2209 961 2284 jam
984 2225 1035 2286 per
1050 2209 1106 2268 Dei
1128 2211 1252 2286 gratiam
1276 2209 1347 2268 mihi
1369 2217 1438 2270 eunt
1461 2211 1552 2268 tritis·

199 2301 281 2369 aima,
306 2293 597 2368 demonstratissima,
621 2313 672 2372 per
695 2295 812 2356 tabulas
825 2298 915 2358 etiam
931 2313 1069 2374 expressa
1071 2339 1177 2359 .....
1222 2297 1257 2356 In
1272 2296 1338 2356 sola
1353 2297 1437 2357 Luna
1452 2297 1554 2357 haeret
1627 2309 1631 2318 '

199 2385 269 2444 mibi
291 2401 381 2460 aqua.
418 2381 488 2442 Jam
512 2383 541 2440 in
565 2399 690 2456 eorum,
713 2393 747 2442 ut
769 2385 847 2462 typis
871 2383 937 2444 dem
954 2383 1170 2444 commentaria
1192 2382 1229 2444 de
1252 2383 1355 2444 Marte.
1394 2384 1553 2460 Ingenioso

199 2480 228 2533 et
250 2471 393 2530 industrio
416 2469 565 2546 adjutore,
597 2472 648 2546 qui
669 2489 726 2532 nea
749 2470 976 2548 descriptionem
998 2471 1217 2544 nonnullorum,
1241 2489 1296 2532 uec
1317 2472 1475 2548 figurarum
1499 2471 1554 2533 de·

200 2561 402 2632 lineationem,
427 2575 480 2618 nec
503 2557 648 2618 calculum
672 2559 865 2632 omrriiarium,
888 2577 943 2619 nec
965 2567 1159 2620 correctorem
1182 2558 1322 2620 detrectet
1348 2577 1422 2637 opus
1445 2561 1551 2634 babeo,

200 2649 303 2724 etqui
326 2645 486 2706 delectetur
517 2645 775 2723 comprehensione
805 2646 1101 2720 demonstrationum,
1132 2647 1212 2722 quod
1235 2653 1280 2706 est
1303 2649 1421 2706 unicum
1444 2651 1553 2728 deleap

201 2758 310 2798 aaran.
341 2731 422 2794 Malo
446 2751 511 2793 meo
535 2733 595 2792 leto
618 2733 651 2792 lit
673 2741 707 2793 ut
728 2733 817 2810 legati
832 2733 1068 2810 wirtembergici
1084 2733 1215 2794 Drasdea
1238 2736 1297 2792 siut
1320 2742 1379 2794 tam
1405 2735 1469 2810 diuy
1489 2735 1553 2810 jam

201 2823 312 2904 pridem
339 2825 416 2882 enim
446 2823 638 2882 obtinuissem
662 2840 681 2882 a
708 2823 838 2902 principe
865 2821 1030 2896 alumnum,
1062 2823 1112 2898 qui
1143 2823 1288 2882 sumtibus
1318 2824 1459 2902 principis
1487 2840 1552 2884 rus·

201 2928 266 2972 eum
289 2919 376 2972 esset.

306 3013 461 3068 loannes
483 3008 608 3079 Papius
633 3009 666 3064 de
691 3007 789 3078 Optica
813 3009 928 3079 Kepleri
952 3007 1061 3064 scribit:
1089 3008 1214 3072 ,Utinm
1232 3015 1287 3066 tam
1306 3016 1380 3066 esset
1397 3010 1570 3080 perspicua·

202 3113 282 3174 quarn
301 3107 345 3156 est
361 3099 503 3172 ingeniosa
521 3105 549 3154 et
567 3095 684 3154 subtilis.
721 3097 790 3152 Mihi
808 3113 858 3167 per
878 3111 984 3152 omnem
1001 3111 1090 3151 meam
1108 3095 1191 3152 ritum
1209 3097 1278 3154 nihil
1294 3105 1351 3154 tam
1377 3096 1488 3154 difficile
1506 3097 1554 3154 ob·

202 3193 287 3250 latam
305 3197 348 3246 est
365 3189 394 3242 in
413 3189 469 3244 ulla
485 3186 687 3256 mathematica,
706 3184 765 3240 iere
784 3183 901 3240 dixerim
918 3183 946 3238 in
964 3181 1021 3240 ulla
1039 3183 1182 3253 disciplina
1200 3184 1399 3255 philosophica.
1429 3186 1486 3240 Des
1503 3185 1554 3240 ita-

201 3296 254 3349 que
271 3277 376 3348 aliquid
400 3277 531 3332 bonarum
554 3275 683 3332 horarum
707 3271 794 3330 amico
813 3279 860 3328 tuo
879 3271 977 3338 reteri,
1000 3271 1059 3341 jrm
1076 3271 1134 3328 iere
1152 3275 1318 3342 senescenti,
1341 3287 1472 3344 meosque
1489 3272 1556 3330 mihi

202 3366 347 3438 scrupulos
365 3366 405 3422 sic
423 3365 507 3434 eripe,
525 3369 694 3430 rit'mentem
711 3369 787 3416 tuan
805 3376 839 3416 ex
858 3360 948 3416 verbis
968 3360 1050 3416 claris
1068 3375 1240 3430 cognoscam.
1269 3360 1354 3417 Nulla
1370 3361 1429 3416 lere
1446 3368 1495 3418 tua
1513 3369 1557 3420 est

202 3453 367 3524 propositio,
392 3451 427 3506 ds
445 3467 500 3522 qua
521 3465 576 3508 non
594 3451 729 3519 ambigam
747 3455 775 3503 et
794 3447 917 3504 dubitem
935 3453 1004 3504 etc.t
1041 3449 1117 3502 Haec
1135 3465 1169 3506 ex
1193 3449 1310 3519 epistola
1327 3450 1355 3507 d.
1374 3449 1401 3506 d.
1419 3451 1444 3508 l.
1463 3449 1557 3508 Martii

204 3544 329 3598 desumta
346 3541 534 3610 sequebantur
556 3539 666 3604 literae,
693 3539 793 3608 quibus
812 3538 847 3593 ad
865 3537 979 3606 lieplen'
1005 3535 1099 3593 literas
1117 3537 1260 3607 respondit
1278 3537 1381 3607 Papius
1398 3539 1437 3607 (1.
1457 3539 1557 3608 Sept),

203 3631 310 3686 fficens:
333 3631 475 3697 ,Agnosco
494 3642 560 3682 sane
578 3634 606 3682 et
617 3633 697 3697 grata
710 3633 801 3680 mente
813 3641 946 3695 agnosco,
965 3632 993 3680 te
1011 3626 1129 3694 primunr
1147 3633 1175 3680 st
1193 3625 1284 3682 solum
1301 3625 1381 3682 nobis
1399 3627 1511 3684 medicis
1530 3633 1559 3682 et

204 3719 376 3792 pbilosophis
394 3731 484 3772 reram
502 3715 612 3772 ridendi
628 3716 763 3772 rationem
782 3719 1023 3780 commonstrarem
1049 3718 1078 3768 et
1094 3713 1172 3769 mitto
1192 3715 1299 3770 duobus
1317 3714 1372 3770 tuis
1391 3713 1483 3771 liberis
1502 3713 1557 3769 cni·

205 3823 258 3878 que
275 3808 414 3874 ducatum,
432 3811 571 3874 διδαιιρον
589 3819 644 3858 non
663 3817 729 3857 sane
746 3800 842 3858 labore
860 3808 924 3871 tuo,
942 3817 1023 3871 quem
1040 3801 1068 3856 iu
1085 3817 1128 3858 me
1147 3803 1295 3858 erudiendo
1315 3801 1476 3872 suscepisti,
1502 3801 1559 3870 dig·

205 3909 268 3952 num
271 3933 359 3951 .....
396 3893 463 3948 Post
480 3903 643 3962 responsum
660 3893 738 3948 tuum
755 3907 799 3947 me
817 3889 1006 3960 philosophice
1024 3895 1214 3958 regeneratum
1233 3905 1294 3946 esse
1313 3895 1409 3960 puto.t

308 3985 424 4040 Praeter
445 3982 516 4038 haec
537 3981 590 4036 bec
614 3995 685 4034 enno
708 3978 844 4048 Keplerus
868 3993 919 4048 per
944 3977 1040 4034 literas
1067 3985 1245 4035 conversatus
1272 3985 1316 4034 est
1341 3995 1404 4034 cum
1430 3977 1559 4034 Thema

206 4073 373 4130 Harrioto
396 4071 430 4126 de
452 4069 537 4124 rebus
558 4066 656 4135 opticis
675 4069 722 4135 (11.
742 4067 853 4136 tire),
879 4081 941 4120 curn
964 4063 1135 4120 Michaele
1159 4067 1328 4136 Ooignsto
1356 4066 1390 4121 de
1416 4064 1558 4132 horologio

207 4161 324 4230 quodam
341 4155 479 4226 namuri,
498 4156 572 4224 qnod
589 4155 683 4224 llayus
696 4152 936 4222 Andoserpiensis
949 4168 965 4207 e
979 4167 1035 4210 soc.
1052 4153 1120 4208 Jesn
1139 4153 1166 4208 in
1185 4153 1278 4209 libello
1291 4152 1462 4222 (argumento
1475 4150 1559 4204 histo·
1657 4163 1661 4176 ¹

206 4249 273 4314 rico)
292 4246 448 4317 promittat,
474 4243 568 4314 ,cujus
593 4257 628 4298 ex
647 4239 743 4297 umbra
765 4238 932 4308 improvidus
957 4238 1057 4308 aliquis
1079 4241 1238 4311 persuaderi
1261 4239 1363 4310 possit,
1386 4238 1478 4294 Solem
1495 4243 1560 4294 aute

207 4335 345 4392 meridiem
358 4331 432 4390 abire
444 4350 461 4389 a
472 4331 635 4399 meridiano,
652 4335 717 4399 post
729 4327 765 4384 ad
777 4327 893 4383 eundem
912 4328 1068 4384 accederet.
1105 4327 1181 4384 Haec
1193 4327 1276 4396 iqitm
1288 4325 1397 4394 scripsit
1409 4325 1558 4394 Keplerua:

210 4419 275 4497 Quo
297 4436 385 4499 snper
406 4418 614 4494 negotiosum
636 4429 695 4474 nou
717 4416 760 4472 ita
780 4410 893 4491 pridem
916 4411 947 4473 S.
957 4411 996 4473 u.
1020 4411 1061 4472 Μ.
1087 4410 1270 4472 consiliarius
1291 4408 1379 4469 aulas
1401 4409 1560 4488 imperialis

312 4607 341 4674 ¹¹¹)
361 4610 410 4658 Dia
429 4609 470 4658 18.
484 4606 542 4658 Oct.
560 4607 647 4657 scribit
664 4603 803 4669 Ksplsrusr
825 4601 907 4666 ,Quia
924 4603 1004 4667 pestis
1016 4617 1066 4652 nou
1080 4603 1140 4666 abit,
1159 4603 1220 4650 abeo
1235 4613 1279 4660 ego
1292 4598 1375 4659 Praga
1386 4613 1443 4648 cnm
1456 4599 1560 4662 lsmllia,

209 4687 259 4746 jam
278 4683 345 4730 euim
364 4678 565 4728 crassescunt
602 4676 722 4726 Golouiae
740 4675 774 4724 ad
793 4675 878 4724 Albim
897 4675 924 4723 ln
942 4675 1065 4723 Bohemla
1088 4673 1245 4736 aliquantum
1267 4670 1387 4732 temporis
1406 4671 1559 4732 merebatur,

211 4755 282 4803 initio
308 4751 458 4801 Nouembris
484 4747 553 4797 aolus
570 4749 678 4810 Pragam
701 4759 813 4795 reversus
838 4749 889 4807 est,
921 4747 1007 4808 ,brevi
1030 4743 1154 4792 rediturus
1177 4740 1347 4789 brundusium
1371 4739 1404 4788 ad
1429 4738 1560 4796 familiam,

212 4823 329 4874 Coloniae
349 4821 422 4884 coepi
440 4818 558 4867 Mercurii
575 4817 727 4884 hypothesin
746 4821 868 4866 adsutus
887 4829 918 4864 cx
936 4815 1062 4866 meteorla.
1089 4812 1224 4860 Ludlcmm
1237 4809 1413 4862 suavissimum
1432 4815 1457 4862 et
1469 4809 1561 4872 glorio·

212 4895 338 4947 stssirrurn
358 4893 382 4942 sl
398 4889 570 4956 pervicissent.
605 4887 655 4944 sed
675 4887 770 4956 destiti,
788 4889 890 4937 vocatus
909 4900 924 4935 a
942 4883 1049 4935 Garama
1066 4879 1262 4932 andcsium.“
