3612 5538
288 395 354 466 ato
799 393 863 450 rra
879 392 994 450 roasa
1011 391 1131 464 espiers

287 575 518 654 repraesentat.“
556 573 619 634 Sub
641 573 732 650 buius
753 574 899 654 epistolae
921 577 1040 648 exitam,
1064 591 1124 650 qua
1137 571 1282 650 Kepisrus
1304 589 1360 631 ιι
1375 571 1411 632 de
1427 569 1637 632 llartis'ruoti-

292 664 347 722 bus
370 662 470 722 studia
493 663 594 736 relert,
619 662 693 722 haec
716 661 802 721 dixit:
838 663 903 738 ,De
926 663 1087 740 eclipsibus
1108 663 1210 738 scripsi
1233 669 1302 720 ante
1324 677 1438 720 meuses
1460 658 1581 730 multos,
1606 666 1638 716 ut

290 760 319 810 et
342 749 378 810 de
402 749 489 810 stella
512 750 617 828 Cygni.
663 749 722 810 Sed
753 749 823 810 nolo
846 759 875 810 te
898 767 1000 827 agere,
1030 759 1119 826 tange
1148 767 1238 808 noum
1259 747 1362 808 horum
1386 755 1510 823 quatuor
1533 747 1638 818 verbis,

238 880 246 892 .
289 839 339 914 qui
363 837 485 898 totidem
508 855 651 898 annorum
673 837 790 914 culpam
812 839 922 898 silentii
945 838 1035 898 ciues.
1062 871 1100 882 -
1124 835 1194 896 Jam
1217 836 1332 896 demum
1355 833 1504 912 respoudit
1528 834 1639 892 Maest-

288 925 383 998 linus,
405 928 523 1002 gratius
554 943 646 1003 agens
669 925 705 986 de
727 925 853 986 honesta
876 929 1003 986 nominis
1031 929 1078 985 sui
1108 927 1255 984 mentione
1283 932 1312 983 et
1335 925 1363 980 ia
1388 922 1493 1000 Optica
1515 929 1545 981 et
1566 921 1640 979 libro

289 1012 325 1072 ds
355 1013 442 1074 Nava
471 1011 566 1074 Stella
597 1014 683 1076 lacta.
736 1014 866 1073 Excusat
897 1013 1046 1072 silentium
1080 1012 1248 1071 diuturnum
1280 1011 1377 1070 verbis
1410 1026 1500 1087 supra
1532 1008 1639 1068 allatis.

290 1100 421 1178 ,Vereor
444 1109 557 1174 tamea,
581 1099 674 1174 addit,
697 1118 734 1161 ue
756 1104 877 1160 nimium
900 1101 971 1160 mihi
995 1101 1116 1160 tribuas.
1162 1097 1281 1160 Utinam
1303 1101 1329 1156 is
1351 1116 1459 1170 essem,
1487 1113 1573 1173 quem
1595 1113 1641 1154 me

289 1187 449 1265 praedicas.
493 1189 559 1265 Ego
591 1205 660 1248 raro
690 1207 784 1250 msam
815 1201 926 1248 curtam
957 1188 1168 1265 supellectilum
1197 1189 1268 1248 scio.
1315 1184 1460 1244 Dominus
1482 1185 1564 1244 Deus
1589 1185 1641 1242 tibi

292 1279 381 1336 vitam
405 1286 435 1336 et
458 1277 534 1336 vires
558 1275 714 1338 clementer
744 1275 929 1353 suppeditet,
961 1279 1044 1334 utin
1068 1273 1333 1350 dios-majora'et
1361 1273 1474 1348 majore
1504 1275 1534 1330 ia
1557 1289 1642 1329 usurn

287 1364 466 1440 reipublicae
490 1364 713 1424 mathematicae
736 1366 845 1424 utiliter
868 1374 897 1424 et
920 1363 1108 1422 laudabiliter
1130 1362 1226 1421 rimari
1257 1369 1287 1422 ct
1307 1361 1466 1438 rependere
1499 1361 1642 1434 uobisque

291 1453 506 1514 communicare
529 1453 653 1528 possis.⁶‘
1092 1513 1096 1530 Ι

392 1538 537 1616 Kepisrus
568 1537 714 1615 extemplo
744 1537 782 1596 ad
811 1537 885 1598 haec
915 1536 1079 1614 respondit:
1112 1535 1250 1613 ,Quanto
1273 1554 1319 1596 me
1341 1533 1451 1611 gaudio
1474 1541 1544 1594 tuae
1567 1533 1642 1592 alie·

290 1627 380 1688 uerint
404 1627 514 1700 literae,
539 1626 715 1703 Praeceptor
740 1626 870 1698 colende,
895 1634 956 1684 tute
980 1627 1043 1702 ipse
1065 1619 1208 1697 aestima,
1232 1627 1283 1700 qui
1305 1626 1391 1682 toties
1414 1621 1547 1698 pulsatus
1570 1623 1644 1679 mais

288 1717 460 1791 importunis
482 1715 574 1776 literis
597 1713 714 1774 taudem
737 1711 944 1790 respondisti.“
978 1711 1055 1788 Quid
1079 1712 1183 1773 deinde
1199 1711 1234 1770 de
1250 1709 1415 1770 conditione
1431 1727 1485 1769 sua
1501 1709 1644 1784 Prageusi

288 1803 451 1880 scripserit,
471 1824 498 1876 p.
512 1807 563 1862 161
592 1802 804 1879 praemisimus.
851 1800 1040 1863 blnostlinum
1068 1809 1166 1860 autem
1189 1799 1285 1858 denuo
1308 1799 1457 1858 silentium
1479 1797 1642 1856 observan-

289 1898 348 1950 tem
371 1889 516 1965 Keplerus
540 1891 641 1949 timere
664 1889 771 1963 credit,
793 1905 829 1948 ue
852 1891 918 1964 quis
942 1887 1157 1965 epistolissuis
1180 1886 1256 1946 mala
1278 1894 1385 1945 utatur.
1417 1883 1645 1960 Quamobrem

290 1979 316 2038 ei
332 1977 432 2038 scribit
447 1971 577 2059 (1006)ι
604 1977 706 2056 „Peto,
732 1986 764 2036 ut
785 1975 963 2053 respondeas
986 1975 1022 2040 de
1045 1975 1146 2052 eclipsi
1162 1973 1241 2034 Solis
1257 1982 1286 2034 et
1301 1976 1325 2033 si
1342 1975 1386 2031 ris
1409 1973 1445 2032 de
1468 1972 1543 2046 aliis,
1567 1988 1645 2048 quae

290 2065 362 2124 olins
378 2067 522 2142 petebam.
555 2063 648 2124 Credo
663 2065 743 2136 mihi,
768 2081 826 2123 nan
851 2081 899 2125 ero
916 2064 1089 2136 insidiosus,
1113 2065 1217 2122 metuis
1240 2069 1271 2121 tu
1287 2078 1453 2137 semperne
1476 2061 1645 2135 exagiteris,

292 2155 377 2228 quasi
400 2151 583 2230 sycophanta
606 2156 670 2214 sim.
702 2151 736 2210 Iu
760 2150 893 2228 epistolis
908 2169 967 2210 non
985 2153 1141 2226 reqrriritur
1163 2141 1295 2228 druidae
1317 2147 1534 2220 mathematica,
1560 2147 1646 2222 cujus

290 2249 322 2298 tu
346 2243 462 2300 virtutis
486 2241 692 2300 auctoritatem
716 2240 844 2316 praelers
875 2241 1009 2298 omnibns
1034 2237 1143 2296 Gratiis
1165 2245 1196 2297 et
1217 2253 1310 2312 usque
1339 2235 1379 2295 ad
1401 2238 1547 2312 ingratum
1571 2235 1646 2292 mibi
1678 2275 1682 2290 .

289 2327 436 2388 silentium
452 2345 630 2404 propugnas.
662 2328 724 2386 Aut
740 2329 765 2385 si
781 2326 851 2402 quid
868 2336 896 2386 te
913 2326 1078 2386 offenditis
1092 2327 1164 2384 meis
1181 2323 1303 2400 Optima,
1320 2341 1385 2382 eam
1400 2341 1483 2383 saure
1498 2321 1646 2382 scribendi

290 2412 472 2475 111616ιί111ιέι
512 2413 583 2474 dam
597 2423 685 2475 antea
700 2416 816 2496 (idol)
840 2415 927 2474 simili
945 2414 1060 2473 cuidam
1077 2411 1227 2471 Maestliui
1243 2410 1420 2471 dubitationi
1436 2410 1643 2486 responderat:

293 2501 444 2578 „Obsecro
474 2519 526 2579 per
553 2511 668 2562 nostras
697 2510 789 2576 artes,
822 2519 858 2561 ne
881 2504 924 2560 ita
950 2501 1037 2578 plane
1069 2501 1264 2559 obmutescas.
1300 2497 1372 2573 ,Ego
1396 2501 1421 2556 si
1445 2499 1564 2573 scripsi,
1597 2513 1645 2555 me
1768 2555 1770 2564 ,

288 2591 505 2666 publicaturum
530 2599 595 2650 tuas
619 2589 759 2665 epistolas
781 2587 871 2669 (quud
896 2591 1062 2648 meminisse
1085 2587 1212 2652 trandum
1235 2586 1379 2662 possum),
1403 2595 1480 2645 certa
1504 2586 1645 2660 poenitet,

288 2677 376 2736 tidem
407 2677 457 2749 du,
491 2678 519 2736 id
549 2695 608 2737 uon
638 2673 797 2736 futurum.“
844 2675 903 2737 Sed
934 2676 980 2736 bis
1011 2677 1145 2735 omuibus
1178 2673 1427 2733 cohortationibus
1458 2674 1645 2731 amicissimis

289 2764 465 2825 Massilinus
488 2763 526 2824 ad
542 2763 727 2825 scribendum
743 2781 801 2824 uon
819 2773 864 2824 est
887 2764 1052 2840 perductus,
1076 2762 1170 2822 detrec
1186 2761 1303 2821 silentio
1320 2759 1436 2819 tandem
1453 2777 1530 2820 anuo
1550 2765 1645 2819 1610.

279 2855 460 2928 interrupto,
485 2869 551 2911 cum
573 2854 701 2912 maxima
724 2862 801 2912 certe
824 2854 918 2928 ipsius
933 2850 1053 2927 Kepleri
1068 2849 1268 2918 admiratione,
1294 2865 1358 2908 cum
1383 2847 1513 2907 Horchiu
1533 2848 1645 2923 jurene

289 2939 453 3000 collocutus
480 2939 645 3017 (temerario
670 2939 798 3000 Galilaei
827 2936 1056 3018 oppugnatore),
1085 2936 1173 2997 talem
1204 2935 1240 2995 de
1264 2935 1384 3012 Keplari
1407 2936 1643 3016 „Dissertatione

290 3045 355 3088 cum
370 3026 484 3087 Nuucio
500 3023 634 3086 61116160α
651 3029 826 3087 sententiam
841 3027 960 3104 prolert,
985 3033 1018 3084 ut
1040 3024 1110 3101 quid
1127 3025 1251 3084 voluerit
1268 3023 1412 3100 Kepisrus
1434 3039 1501 3083 eum
1525 3025 1645 3082 minime

289 3114 469 3174 intellexisse
491 3122 634 3192 appareat
656 3120 717 3188 (cir.
738 3119 799 3175 Vol.
818 3119 855 3174 ll.
872 3135 899 3188 p.
919 3118 997 3187 atil).

394 3201 544 3278 Epistulae
567 3201 763 3279 Kepleriauae
787 3203 824 3262 ab
847 3219 924 3262 auno
952 3208 1045 3262 1607.
1068 3217 1161 3275 usque
1191 3197 1230 3258 ad
1254 3216 1361 3256 anuum
1388 3203 1480 3262 1616.
1505 3199 1643 3274 scriptae,

289 3287 369 3350 haud
393 3289 480 3349 dubie
503 3287 713 3365 paucissimae,
745 3307 847 3349 omnes
874 3289 912 3350 ad
936 3305 1024 3348 unam
1047 3292 1209 3366 perieruut3
1241 3293 1354 3346 etstant
1385 3294 1482 3346 autem
1514 3287 1571 3344 tria
1593 3303 1643 3344 rs-

289 3393 398 3454 sponsa
427 3375 636 3438 Maestiiniana
665 3380 748 3437 aunis
776 3379 1040 3440 1616661614.
1068 3375 1154 3447 data,
1185 3375 1291 3449 quibus
1319 3373 1366 3433 hic
1396 3373 1432 3432 de
1461 3372 1644 3433 conficienda

291 3463 443 3540 (iopernici
466 3482 545 3525 nora
569 3465 695 3525 editione
718 3467 835 3540 scripsit
849 3464 994 3540 simulque
1009 3482 1028 3522 a
1043 3462 1171 3539 Keplcro
1188 3463 1344 3536 quaesivit,
1368 3477 1436 3520 uum
1452 3459 1524 3536 quid
1540 3468 1648 3521 contra·

290 3551 408 3625 diceret,
430 3553 455 3612 si
478 3551 546 3612 huic
568 3553 690 3612 editioni
713 3553 890 3612 Prodromus
913 3551 1068 3612 adderetur
1093 3549 1191 3630 ,quod
1214 3551 1255 3608 rei
1283 3548 1429 3607 literarlas
1458 3548 1643 3608 matheseos-

291 3657 348 3715 quo
371 3637 509 3700 studiosis
541 3642 650 3716 optime
680 3639 844 3700 consultum
873 3636 1005 3714 judico“.
1051 3639 1097 3699 De
1130 3637 1305 3713 Kepleriaoo
1335 3633 1439 3694 deiude
1467 3635 1540 3694 dicit
1569 3653 1642 3694 con·
1745 3660 1747 3664 ¹

289 3728 367 3798 silio,
390 3725 495 3786 librum
519 3741 619 3787 contra
635 3727 805 3788 Helisaeum
822 3726 975 3788 Riislinum
998 3723 1104 3786 edendi
1128 3723 1162 3782 de
1178 3724 1401 3799 quaestionibus
1416 3721 1641 3798 chronologicis,

290 3813 380 3874 alium
412 3813 447 3874 du
467 3814 548 3874 Solis
571 3816 694 3876 maculis
722 3816 847 3892 aliisque
877 3816 973 3874 rebus.
1020 3810 1147 3872 Ultimae
1176 3819 1273 3870 autem
1305 3811 1447 3886 epistolae
1470 3829 1489 3868 a
1510 3809 1642 3886 Keplero

290 3912 319 3963 et
342 3901 498 3962 Massiliae
522 3901 609 3963 datae
624 3911 654 3962 at
668 3912 807 3981 acceptae
830 3905 859 3960 in
882 3918 974 3962 annos
997 3899 1106 3960 cadunt
1122 3901 1214 3960 1616.
1238 3904 1379 3968 611600,
1403 3915 1477 3972 pene
1493 3897 1588 3956 solans
1604 3897 1642 3957 sd

201 4047 202 4052 ,
288 3991 444 4068 Epiruman
468 3991 659 4066 pertinentes,
690 4009 749 4066 que
776 4009 865 4068 quam
888 3991 1012 4050 maxime
1043 3989 1109 4064 ipsa
1140 3987 1318 4046 astronomia
1340 3985 1494 4062 profecerit
1517 3985 1642 4064 ejusque

289 4081 370 4156 regio
394 4075 574 4154 amplificata
596 4079 651 4152 sit,
683 4077 828 4156 Kepisrus
851 4080 960 4148 amico,
992 4075 1055 4151 ejus
1079 4074 1215 4134 diuturno
1245 4073 1360 4132 silentio
1383 4090 1441 4131 non
1464 4073 1640 4149 prohibitus,

290 4167 394 4226 iterum
418 4167 580 4240 iterumque
604 4169 748 4242 exposuit,
771 4167 899 4226 maxima
922 4181 1010 4241 opera
1034 4165 1138 4234 nitens,
1162 4169 1196 4219 ut
1217 4162 1310 4220 airum
1334 4163 1509 4220 taciturnum
1532 4161 1570 4218 ad
1594 4177 1640 4218 re·

289 4251 492 4331 spondendum
516 4252 695 4328 perduceret.
727 4253 808 4314 idem
831 4271 901 4313 suas
924 4252 959 4312 de
983 4251 1069 4310 rebus
1092 4252 1181 4308 saeris
1204 4249 1363 4308 sententias
1387 4266 1405 4307 a
1429 4247 1552 4324 vulgata
1574 4249 1641 4324 cpi·

290 4344 377 4402 niune
408 4340 605 4416 discrepantes
635 4359 701 4401 cum
729 4341 1045 4404 amicutcammurricat
1075 4339 1261 4411 rationesque
1291 4335 1387 4408 affort,
1418 4353 1468 4395 cur
1497 4335 1639 4397 formulae

293 4427 473 4490 Concordiae
496 4445 554 4486 non
577 4431 748 4505 simpliciter
770 4430 984 4504 subscripserit.
1008 4429 1076 4497 (Cir.
1095 4447 1123 4498 p.
1142 4427 1214 4494 040.)
1259 4422 1318 4482 Sed
1341 4433 1370 4482 at
1399 4422 1468 4482 huia
1497 4424 1640 4500 epistolae

273 4525 322 4576 'et
342 4516 523 4592 longioribus
543 4513 636 4576 literis
659 4534 736 4576 erruo
755 4521 836 4576 1600
857 4519 918 4586 (rol.
936 4519 987 4573 111.
1014 4535 1042 4588 p.
1061 4517 1224 4584 biti—690),
1252 4511 1382 4586 inprimis
1400 4509 1436 4570 de
1451 4527 1532 4570 nora
1545 4510 1638 4569 lunari

291 4603 449 4681 hypothesi
471 4603 595 4678 scriptis,
620 4604 694 4662 uihil
719 4612 763 4663 ost
786 4624 803 4661 a
827 4601 985 4662 Maestlino
1008 4618 1195 4678 responsum,
1220 4616 1305 4674 quern
1330 4598 1477 4658 heminam
1501 4598 1638 4658 cautissi-

291 4708 369 4750 murn
393 4699 422 4749 et
443 4693 568 4749 maxime
598 4693 716 4752 anxium
741 4690 776 4751 da
801 4691 986 4766 Keplerianis
1015 4690 1051 4748 de
1081 4689 1169 4748 rebus
1199 4689 1289 4746 sacris
1311 4685 1544 4746 dubitationibus
1567 4683 1638 4744 nibil

291 4780 422 4853 responsi
446 4777 594 4848 hahuisse,
619 4796 655 4838 ex
678 4779 734 4838 boc
756 4781 829 4838 satis
853 4779 960 4854 poterit
982 4777 1120 4851 intelligi,
1144 4773 1223 4850 quod
1247 4781 1276 4832 et
1300 4773 1553 4858 theologi'omnes
1576 4773 1636 4830 Tu-

291 4863 449 4944 hiugsnsaa
479 4873 508 4926 st
534 4867 740 4928 consistorium
763 4865 990 4945 Stuttgartieuse
1018 4865 1156 4924 acerrime
1186 4860 1418 4922 adversabantur
1447 4859 1635 4940 calvinianis,
