3662 5544
255 377 322 460 852
538 417 542 425 ι
768 380 966 443 nonomen
983 379 1105 457 liepleri.

254 569 284 621 et
299 561 439 634 Epitome,
460 577 512 618 nee
528 577 584 617 non
601 559 637 618 de
653 559 736 618 rebus
752 559 938 632 utrologieis,
954 560 1069 617 iulieno
1086 559 1207 617 iiediees
1223 559 1318 618 themu
1334 561 1529 632 uhobgieum
1545 577 1609 619 eon·

253 651 328 721 iecit,
346 649 419 722 quod
437 666 454 707 a
472 649 625 720 Septembri
642 651 671 706 in
688 650 869 707 Novembrem
885 651 958 706 inter
975 655 1119 719 suumque
1135 648 1240 720 plurim
1257 649 1409 706 dboussum
1427 657 1476 706 est.

357 739 403 794 Ex
420 739 464 796 hie
483 739 607 810 epistolis
625 755 659 796 ee
683 739 877 804 derumsimus,
905 743 976 808 qun
1000 737 1035 794 ed
1057 734 1170 806 liepleri
1192 735 1284 792 studia
1306 745 1336 792 et
1358 739 1440 794 utam
1463 739 1608 808 pertinent.

252 827 369 894 Remo,
394 827 441 897 qui
464 827 655 893 nunciaverat,
682 843 713 883 se
734 843 800 898 ,pro
825 829 931 884 medico
955 833 984 881 et
1001 825 1194 882 mathematico
1213 825 1346 881 Caenreo
1371 833 1513 895 acceptum
1532 830 1608 881 esse*

250 920 333 984 atque
345 913 417 969 inter
428 915 482 971 aliu
495 915 680 984 amabant,
699 931 753 985 quo
766 921 840 970 stetu
852 921 946 971 essem
958 914 1162 970 observationes
1180 913 1361 984 Tpehonieee,
1379 913 1521 984 respondit
1537 915 1610 984 liep-

250 997 326 1056 lerus
345 999 447 1071 (Deo),
467 1001 599 1070 miniari
617 1017 647 1058 se
665 1017 720 1058 non
738 1009 795 1058 tam
812 1003 913 1072 Remo,
932 1017 1013 1071 quam
1031 999 1214 1057 astronomiae
1233 1007 1262 1056 et
1279 1001 1332 1058 sibi
1349 1003 1418 1071 ipsi,
1437 1001 1485 1070 qui
1502 1016 1610 1070 promo·

250 1093 311 1144 tore
328 1088 358 1143 in
377 1088 441 1144 nula
459 1089 553 1145 telaffl
578 1089 621 1146 sui
638 1088 769 1146 eunoicus
788 1089 832 1145 sit
870 1090 956 1156 ,Num
974 1089 1110 1144 nouenos
1133 1095 1182 1143 aut
1200 1089 1254 1144 soli
1270 1089 1337 1144 mihi
1354 1089 1532 1146 laborandum
1550 1089 1609 1156 fuit,

251 1183 300 1232 eut
318 1177 341 1232 ri
360 1177 553 1234 calculatorem
571 1179 667 1248 cecini,
693 1178 859 1248 quandoque
881 1181 1021 1249 impensae
1038 1178 1150 1233 suerunt
1168 1176 1309 1232 faciendae
1327 1176 1362 1232 de
1379 1171 1450 1243 me'o,
1468 1193 1529 1232 cum
1543 1175 1610 1231 nibil

250 1279 285 1320 ex
302 1265 367 1320 aule
384 1264 562 1321 solveretur.l
598 1267 671 1340 Dein
688 1266 808 1335 explicat
826 1267 912 1322 Remo
930 1263 1050 1321 calculos
1068 1280 1120 1335 per
1137 1262 1315 1333 leguritbmoe
1333 1263 1523 1333 ebeolrendor,
1540 1279 1610 1333 quor

249 1351 316 1409 dicit
336 1352 460 1418 ,felicem
478 1353 661 1410 calamitatem
678 1351 833 1408 tabularum
846 1352 1109 1424 Rudolpbinarum‘.
1145 1351 1316 1408 Reiciender
1328 1350 1416 1407 rideri
1433 1351 1484 1408 baa
1502 1350 1609 1408 tabulae

249 1445 278 1494 et
293 1438 330 1494 ud
348 1439 527 1510 legaritburoe
545 1441 806 1506 accommodandos,
829 1455 934 1496 canone
958 1441 1185 1511 legarithmorum
1209 1441 1285 1510 prius
1303 1440 1426 1495 erectius
1445 1445 1609 1509 computato.

247 1527 292 1583 at
309 1526 392 1583 dubia
410 1528 500 1599 Remi,
524 1545 590 1583 num
611 1530 701 1598 possit
719 1527 791 1584 Solis
812 1528 862 1584 lux
891 1528 927 1584 ad
944 1529 1040 1584 stellas
1058 1529 1129 1584 lixas
1153 1530 1308 1597 pertingere
1332 1533 1361 1583 et
1378 1544 1414 1583 un
1438 1527 1520 1584 detur
1536 1527 1610 1583 orbis

248 1615 384 1684 stellatur,
402 1614 546 1686 respoudit
563 1616 714 1686 lieplerus,
735 1615 922 1672 demonstrbre
940 1631 971 1671 re
989 1617 1219 1686 excerceretis,
1237 1629 1333 1671 carum
1350 1631 1413 1672 esse
1431 1616 1562 1686 epatium,
1580 1613 1609 1670 in

248 1718 303 1774 quo
320 1700 458 1774 planetae,
477 1703 548 1760 fixus
567 1705 688 1760 exterius
705 1704 894 1760 convectiorec
912 1703 1042 1775 invicem
1061 1719 1116 1774 quo
1135 1719 1222 1774 usque
1240 1703 1304 1758 illae
1317 1710 1492 1774 spargantur,
1511 1718 1541 1758 se
1553 1717 1608 1757 uon

249 1790 399 1862 disputare,
417 1805 470 1856 ,ex
489 1790 615 1848 rensibus
634 1791 723 1848 solum
741 1793 894 1864 analogiam
911 1808 997 1862 rexo,
1020 1793 1069 1850 red
1088 1792 1195 1851 dulcem
1214 1799 1242 1848 ct
1259 1791 1451 1862 multiplicem3
1474 1790 1610 1848 inlinitum

247 1877 401 1935 rationibus
420 1879 615 1950 metaphysicis
634 1879 790 1952 impugnet.

351 1965 542 2023 Blenchunr
560 1968 711 2039 interrogat
727 1969 877 2042 Keplorus,
901 1985 966 2027 num
985 1969 1133 2026 Harmonia
1150 1969 1179 2024 iu
1199 1967 1280 2024 italie
1296 1967 1387 2038 possit
1404 1981 1466 2023 esse
1483 1963 1608 2022 venalis?

248 2048 357 2128 Habet,
367 2055 463 2125 inquit,
479 2055 655 2114 seutentiam
671 2053 836 2131 copernici,
854 2057 905 2132 qui
920 2053 1040 2114 Terram
1054 2053 1126 2113 lacit
1139 2051 1286 2116 mobilem.
1324 2051 1357 2112 Si
1371 2051 1408 2110 lis
1432 2053 1459 2111 ei
1476 2049 1606 2110 intendi-

248 2144 305 2212 tur,
327 2148 430 2216 posset
452 2157 596 2217 occupare
620 2141 784 2202 advocatus
807 2141 915 2218 aliquis
937 2141 1020 2216 libri,
1052 2140 1131 2200 illum
1155 2157 1215 2200 non
1244 2141 1320 2219 poni¹
1344 2141 1399 2198 nisi
1423 2137 1610 2212 alternative,
1704 2143 1708 2152 “

248 2225 362 2288 scilicet
372 2227 461 2305 juxto
476 2227 626 2307 Tycbouie
643 2229 741 2290 Brabe
758 2229 954 2308 hypotheses,
972 2231 1022 2306 qui
1038 2228 1158 2288 Terram
1173 2225 1244 2288 sccii
1259 2236 1347 2300 stare,
1371 2224 1471 2286 Solem
1487 2228 1609 2289 moneri.

249 2311 325 2374 Mihi
342 2315 459 2391 quidem
477 2315 592 2376 indultu
608 2316 757 2394 privilegii
781 2319 828 2378 lex
853 2325 899 2378 cst
921 2317 998 2376 lixa:
1022 2333 1058 2376 ue
1073 2315 1144 2394 quid
1159 2323 1263 2376 contre
1284 2313 1468 2375 catholicam.
1499 2313 1609 2373 Verum

249 2403 344 2480 rogati
360 2421 450 2480 super
464 2402 521 2464 boc
534 2403 694 2464 consiliarii
710 2405 800 2466 aulici
812 2405 949 2466 (laesuris
962 2403 1100 2465 catholici
1112 2413 1258 2480 negarunt
1268 2403 1361 2462 rideri
1372 2412 1470 2462 contra
1483 2399 1610 2462 catholi-

249 2507 324 2565 cam,
349 2489 428 2566 quod
443 2489 626 2551 naturalibus
643 2494 806 2554 rationibus
829 2493 922 2552 salvia
937 2491 1137 2572 superioribus
1161 2499 1190 2552 et
1212 2489 1483 2569 eupemeturalibus
1507 2487 1610 2565 dispu-

248 2583 327 2638 tatur
343 2576 476 2640 demoto
492 2577 617 2654 Terrae,
641 2577 709 2640 licet
732 2581 805 2641 baec
820 2581 966 2642 sententia
985 2597 1079 2658 nuper
1105 2583 1192 2652 (anno
1213 2583 1290 2640 1616.
1327 2580 1382 2638 Cir.
1401 2581 1455 2636 vol.
1473 2579 1495 2636 i.
1513 2597 1540 2650 p.
1561 2582 1609 2650 bt)

248 2671 353 2726 notata
376 2666 465 2727 luerit
486 2665 589 2742 alique
611 2683 745 2741 censura,
769 2666 822 2730 sed
845 2685 922 2744 quae
946 2667 1043 2728 adhuc
1065 2670 1105 2728 sit
1124 2669 1251 2745 privata.
1297 2665 1362 2742 ligo
1385 2681 1455 2724 vero
1480 2667 1509 2722 in
1532 2663 1607 2726 libro
1639 2703 1644 2710 ·

248 2750 301 2812 illo
324 2771 390 2814 meo
414 2771 451 2816 na
476 2745 594 2830 quidem
618 2753 742 2815 delendo
766 2763 879 2815 motum
902 2753 1027 2831 Terrae,
1058 2753 1111 2816 sed
1139 2754 1168 2815 id
1192 2755 1247 2814 leci
1271 2753 1362 2824 alias,
1395 2755 1424 2810 in
1449 2751 1608 2812 (lornmcn-

248 2842 324 2902 tario
348 2841 468 2916 ldurtia,
499 2844 529 2899 in
553 2841 660 2920 Opticu
684 2855 738 2903 etc.
784 2843 838 2903 Est
861 2841 944 2904 aliud
972 2845 1125 2922 quippiam
1153 2845 1182 2902 in
1215 2841 1290 2900 libro
1313 2839 1375 2914 tv,
1405 2839 1484 2916 quod
1514 2844 1608 2917 possit
1659 2907 1663 2921 1

248 2927 338 2988 alicui
362 2929 531 3007 scrupulum
552 2947 691 3003 movere,
722 2928 802 3008 quod
829 2930 887 2990 boc
910 2929 1053 3005 delendo,
1084 2939 1136 2990 aut
1158 2947 1245 2990 casus
1270 2928 1407 2989 fortuitos
1429 2943 1489 2986 non
1511 2929 1607 3004 signi-

149 3051 153 3060 ·
248 3015 329 3075 liceri
353 3018 391 3076 ab
415 3017 512 3093 antris,
537 3025 588 3078 out
609 3019 636 3075 si
658 3019 696 3078 ab
720 3019 757 3078 iis
779 3017 990 3096 significentur,
1014 3026 1149 3096 oportere
1166 3025 1198 3076 ut
1213 3016 1311 3092 angeli
1328 3014 1465 3075 eustodca
1481 3033 1499 3074 a
1514 3033 1607 3091 gene-

248 3105 331 3165 ribus
354 3104 494 3166 clientum
517 3122 637 3166 enorum
659 3105 872 3184 impediantur3
896 3113 1033 3166 moretur
1048 3105 1205 3179 dubitatio,
1227 3103 1301 3164 nibil
1323 3105 1472 3177 asseritur,
1496 3101 1606 3164 decisio

248 3191 286 3252 ad
309 3191 466 3270 theologos
488 3193 625 3270 rejicitur.
669 3194 816 3271 Exspecto
847 3195 936 3270 igitur
962 3211 1051 3271 super
1079 3193 1137 3253 boc
1160 3192 1257 3270 capite
1288 3207 1460 3268 responsum
1483 3197 1512 3250 et
1535 3209 1606 3252 sen·

248 3282 370 3341 tentiam
393 3289 474 3340 tuum
496 3283 664 3357 genuinam,
687 3285 750 3342 eino
774 3281 992 3342 blandimentis.
1042 3286 1078 3340 in·
1106 3285 1160 3340 fine
1186 3283 1321 3355 epistolae
1355 3283 1439 3339 refert
1461 3282 1607 3354 Replerus,

247 3385 340 3427 mense
358 3369 504 3426 Novembri
527 3371 596 3426 dnos
616 3372 762 3428 sevidisse
781 3355 910 3440 cometas,
930 3373 1046 3428 alterum
1065 3373 1144 3442 cujus
1163 3378 1245 3441 eaput
1263 3373 1314 3427 sub
1333 3370 1474 3426 horizonte
1491 3377 1609 3438 manent,

248 3458 336 3514 cunda
353 3458 403 3514 40⁰
421 3472 445 3513 c.
469 3458 635 3527 prominent,
664 3459 779 3516 alterum
808 3459 1003 3530 clarissimum,
1030 3459 1144 3530 flamm,
1163 3459 1327 3516 subrutilum
1349 3459 1378 3515 in
1396 3460 1445 3516 16ο
1464 3463 1496 3526 1η
1521 3473 1610 3530 prope

247 3543 367 3601 Lancem
384 3545 443 3600 bor.
475 3547 522 3608 (Ex
539 3547 619 3598 litoris
639 3551 703 3600 dotis
721 3553 805 3617 pridie
823 3551 878 3602 Cal.
897 3551 961 3602 Dec.
982 3553 1069 3610 1618)

352 3631 558 3690 wilhelmus
581 3632 814 3692 schicrordus
841 3637 1003 3706 meningas
1026 3633 1158 3690 cunano
1178 3635 1255 3703 rere)
1284 3635 1395 3702 ,tinne
1423 3633 1489 3692 aren
1513 3623 1627 3692 reeens

248 3716 361 3789 Kepleri
379 3725 443 3789 post
462 3719 613 3780 discessum
632 3721 759 3790 Tubinga
775 3738 870 3778 mense
887 3721 1032 3778 Decembri
1053 3725 1128 3780 1617.
1146 3723 1200 3792 ipsi
1217 3722 1346 3793 traditus3
1364 3721 1458 3780 literae
1475 3723 1610 3794 posterio-

231 3821 300 3877 res,
319 3807 445 3876 Augusta
462 3807 567 3864 Vindel.
587 3807 665 3864 detes
685 3809 720 3878 (c.
738 3809 763 3864 d.
782 3811 806 3866 Β.
820 3811 900 3880 Deo.)
918 3810 995 3880 prius
1012 3808 1132 3866 redditas
1151 3825 1225 3880 erse,
1242 3811 1355 3882 priores,
1375 3813 1453 3868 datus
1466 3810 1609 3881 Tubingue

248 3909 272 3952 c.
291 3893 410 3949 medium
427 3894 766 3966 Novembrin‚,accepiase
790 3913 821 3952 se
841 3897 947 3952 demum
972 3897 1060 3952 medio
1078 3899 1246 3954 Decembris.
1282 3898 1424 3954 Contrario
1442 3898 1508 3953 dicit
1525 3912 1609 3952 senen

248 3997 310 4039 esse
327 3983 444 4052 scriptas
462 3981 513 4038 has
530 3982 639 4049 literne,
667 3999 729 4038 cum
746 3983 774 4038 iu
792 3984 929 4055 prioribus
951 3985 1003 4057 ipsi
1023 3987 1193 4043 mundaverit
1209 3987 1344 4058 Keplerue
1367 3987 1505 4056 negotium
1529 3985 1607 4043 scul-

248 4069 399 4141 pendarum
423 4071 572 4138 figurarum
598 4068 632 4124 ud
650 4069 827 4126 Harmoniam
852 4075 1061 4142 pertinentium,
1084 4075 1112 4130 in
1130 4076 1330 4145 posterioribus
1353 4092 1417 4132 reno
1439 4076 1551 4146 jubeat,
1576 4079 1608 4129 ut

249 4155 400 4215 delineatur
423 4157 527 4228 figuras
551 4155 586 4212 ad
609 4156 786 4227 bibliopolam
811 4159 964 4231 Krttgerum
989 4163 1142 4234 Augustam
1166 4163 1266 4221 mittat.
1304 4163 1470 4220 obsecutum
1493 4177 1523 4219 se
1546 4179 1607 4219 esse

247 4245 386 4315 posteiius
404 4244 567 4314 imperatum
584 4249 613 4299 et
631 4243 770 4301 schemata
788 4249 878 4304 omnia
895 4266 965 4322 pyro
982 4251 1116 4320 inscripta
1133 4249 1259 4321 Krdgero
1277 4251 1470 4308 hansmleisse.
1498 4252 1607 4307 Gratius

143 4393 147 4398 ,
249 4331 307 4401 agit
325 4330 510 4389 Schielrardua
528 4346 580 4401 pro
599 4331 798 4405 Stereometrio,
818 4337 972 4404 germanica
992 4343 1019 4392 et
1032 4336 1125 4404 latina,
1143 4337 1326 4407 Ephemeride
1339 4343 1367 4393 et
1380 4337 1541 4394 calendario
1553 4339 1607 4408 ipsi

249 4418 321 4474 dono
340 4419 421 4491 detis,
439 4419 585 4490 praecipue
604 4419 676 4489 quod
696 4422 787 4476 urire
805 4421 928 4493 proiecto
945 4427 1008 4490 aiut,
1028 4439 1125 4496 ,quern
1137 4440 1154 4479 e
1166 4425 1235 4482 lucie
1253 4425 1372 4480 nondum
1391 4426 1536 4496 cognitum,
1556 4425 1606 4482 sed

249 4504 409 4562 eruditionis
436 4506 509 4563 lama
531 4507 704 4563 notissimum
725 4511 843 4567 maxime
862 4527 969 4582 semper
990 4512 1058 4583 feci,
1077 4529 1151 4570 nunc
1175 4527 1238 4567 vere
1262 4527 1323 4568 emo
1342 4520 1371 4568 et
1393 4512 1515 4570 officiose
1536 4513 1606 4586 colo,

247 4601 395 4665 postquam
413 4611 503 4653 coram
522 4611 557 4653 ex
575 4597 783 4653 conversatione
806 4598 866 4666 ejus
893 4597 1049 4656 humanitas
1072 4615 1182 4671 quoque
1204 4600 1380 4660 innotuerit‘.
1416 4601 1448 4658 In
1466 4598 1518 4658 hic
1542 4618 1605 4659 con·

247 4683 401 4738 versutione
424 4684 575 4741 collocutos
587 4685 662 4755 ipsos
683 4700 744 4742 esse
761 4684 795 4741 de
807 4687 980 4743 restitutione
992 4685 1144 4758 globorum,
1163 4688 1211 4759 qui
1229 4689 1366 4760 Tychonis
1384 4696 1483 4747 nomen
1494 4701 1561 4760 pree
1574 4705 1605 4747 ne

247 4767 347 4839 ierant,
367 4777 395 4826 et
411 4771 561 4840 Keplerum
579 4775 644 4844 sibi,
673 4773 725 4828 hec
743 4773 771 4829 in
789 4779 867 4844 parte
886 4773 990 4843 aliquid
1009 4776 1131 4832 molienti
1151 4792 1263 4842 ,munus
1281 4777 1428 4848 adjutrices
1446 4785 1495 4834 aut
1511 4780 1605 4851 potius
1689 4773 1692 4776 ’

248 4853 421 4916 moneas«
443 4859 602 4928 promisisse
626 4868 655 4918 et
676 4861 830 4932 caulogum
849 4861 986 4934 Trebonis
1011 4861 1129 4923 inuam
1151 4879 1245 4922 earum
1269 4865 1461 4939 spopondisse,
1487 4868 1605 4942 quaein
