3662 5544
250 415 316 490 794
365 473 367 480 ,
452 427 459 434 “
765 415 829 474 vita
846 413 960 472 ioannis
977 411 1098 486 Kepleri.

250 617 289 662 ne
318 595 453 658 rideatur
481 593 566 658 sedes
596 611 716 658 errasse.
762 595 802 658 ht
822 597 893 658 mibi
923 615 1025 658 omnes
1054 601 1127 660 istas
1152 550 1326 676 praestigias
1354 595 1475 676 depellit
1504 557 1547 674 (st
1568 601 1603 656 nt

250 694 322 767 puto
345 682 513 762 depelleret,
536 684 650 742 etiamsi
673 686 793 744 sabinus
817 683 924 764 essem)
945 688 1033 746 unica
1054 703 1114 746 vox
1135 686 1222 748 Pauli
1244 687 1345 745 nnius:
1369 685 1511 762 cujusque
1527 701 1602 762 opus

251 774 437 835 manifestum
467 773 538 846 erit,
569 770 631 831 dies
659 775 735 834 enim
768 771 877 834 domiui
900 773 1076 846 declarabit,
1105 777 1176 850 quia
1203 777 1234 833 in
1257 777 1323 850 igne
1346 772 1540 844 revelabitur,
1573 779 1604 832 et

251 861 482 937 uniuscujusque
505 875 579 936 opus
601 861 689 936 quale
712 864 758 931 sit,
782 863 858 938 ignis
881 863 1027 940 probabit,
1049 865 1075 920 si
1099 863 1182 939 cnjus
1205 878 1279 941 opus
1302 863 1419 932 arserit,
1444 858 1603 918 detrimen·

253 961 314 1010 tum
337 950 473 1026 patietur,
497 947 560 1023 ipse
582 956 681 1007 autem
704 947 805 1009 salvus
829 951 891 1024 erit,
915 951 958 1010 sic
981 955 1076 1010 tarum
1100 951 1186 1026 quasi
1202 952 1364 1027 perignem
1381 945 1493 1028 (judicii
1510 947 1603 1006 divini

253 1048 283 1099 et
306 1043 478 1113 conspectus
501 1034 558 1094 Dei
586 1039 775 1112 omniumque
797 1036 975 1114 sanctorum)
1006 1037 1156 1114 effugiens.
1202 1037 1347 1097 Dominus
1375 1038 1452 1096 enim
1481 1037 1603 1094 veniens

253 1123 431 1185 illuminabit
461 1121 632 1184 abscondita
659 1125 843 1184 tenebrarum
866 1134 896 1185 et
918 1125 1118 1185 manifestabit
1148 1125 1270 1184 consilia
1298 1124 1447 1198 cordium3
1477 1133 1507 1182 et
1534 1129 1604 1181 tunc

252 1215 318 1274 laus
340 1206 393 1296 (ad
416 1225 531 1270 omnem
554 1217 670 1272 coetum
699 1211 857 1272 electorum
880 1220 909 1273 et
930 1216 973 1273 sic
1003 1216 1092 1276 etiam
1120 1215 1310 1292 vituperium,
1339 1214 1365 1272 si
1393 1227 1467 1290 opus
1490 1206 1605 1290 arserit)

253 1303 411 1375 uuicuique
434 1315 453 1356 a
475 1297 550 1359 Deo.
909 1303 913 1309 '

297 1391 302 1404 '
357 1386 431 1446 (ium
450 1386 513 1462 jam
536 1385 586 1446 diu
609 1403 707 1446 verser
734 1389 763 1446 in
792 1390 924 1449 examine
948 1389 1074 1448 thesium
1097 1379 1262 1466 We'gelini,
1293 1403 1387 1464 quae,
1410 1401 1484 1465 pace
1508 1393 1605 1445 vestra

255 1476 365 1537 dictum
388 1483 461 1548 esto,
485 1472 593 1534 multas
616 1477 764 1537 continere
787 1476 964 1538 videbantur
985 1479 1175 1552 novaticues,
1199 1477 1309 1552 etjam
1332 1473 1369 1534 ad
1394 1477 1491 1551 ipsum
1514 1476 1605 1533 mise-

255 1567 310 1625 rim
338 1568 450 1640 partem
484 1563 641 1634 examinis,
674 1562 855 1637 objectiones
884 1563 928 1622 illi
955 1583 1035 1626 meas
1061 1565 1127 1641 jure
1158 1564 1333 1642 opponentis
1362 1563 1503 1635 offerens,
1534 1565 1605 1638 qnia

254 1653 352 1712 locum
383 1651 440 1710 sibi
468 1647 637 1726 disputandi
660 1653 764 1711 sumsit
792 1654 821 1709 in
844 1651 901 1716 hac
928 1650 1047 1729 publica
1077 1655 1155 1712 orbis
1178 1651 1329 1712 academia
1353 1649 1438 1709 editis
1461 1649 1604 1723 thesibus,

256 1737 441 1817 quae,rediit
464 1737 501 1796 ad
524 1753 583 1805 me,
615 1741 713 1798 nescio
736 1757 773 1798 an
797 1739 835 1798 ab
858 1739 909 1799 illo
932 1743 1011 1799 visa:
1043 1757 1110 1802 ecce
1139 1740 1236 1800 incido
1267 1741 1296 1796 irr
1320 1735 1451 1797 Gretseri
1477 1737 1606 1812 Jeerritae

255 1828 362 1888 librum
384 1827 523 1900 scriptum
547 1830 647 1884 contra
662 1825 859 1903 Wegelinnm,
873 1822 932 1904 *qui
955 1835 1046 1887 totam
1069 1827 1112 1886 illi
1135 1829 1338 1904 antiquitatem
1362 1827 1447 1902 eripit
1469 1833 1498 1884 et
1520 1841 1608 1901 prae-

256 1917 357 1976 sertim
380 1911 516 1986 ostendit,
539 1929 626 1988 quam
650 1915 754 1974 misere
778 1917 873 1992 ipsum
896 1916 992 1975 iervor
1015 1914 1229 1991 dogmatisandi
1251 1913 1400 1974 seduxerit
1422 1920 1522 1972 contra
1538 1913 1608 1970 tris-

256 2006 364 2080 agium.
409 1999 494 2060 Sensi
519 2001 577 2058 vim
600 2003 784 2077 antiquitatis
812 2005 893 2064 intus
923 2005 952 2062 iu
974 2011 1101 2079 pectore.
1142 2003 1246 2080 ltaque
1269 2001 1436 2062 admonitus
1458 1999 1525 2060 lude
1542 1999 1607 2059 dico

253 2093 354 2163 robis,
384 2089 491 2148 trustra
518 2105 573 2146 vos
604 2107 650 2148 me
683 2092 760 2149 circa
787 2106 941 2167 personam
965 2091 1073 2150 Christi
1103 2090 1140 2152 de
1170 2089 1267 2151 studio
1291 2089 1409 2149 Caluini
1439 2095 1608 2164 suspectum

252 2179 361 2240 habere
384 2174 428 2252 (ut
449 2175 539 2236 audio
563 2174 655 2254 fieri);
679 2176 751 2236 nihil
773 2180 802 2235 in
828 2177 960 2252 Caluini,
992 2181 1043 2255 qui
1066 2195 1162 2238 nosue
1185 2186 1245 2250 est,
1275 2179 1401 2254 gratiam
1423 2175 1521 2249 fieret,
1551 2177 1608 2233 nisi

253 2267 413 2342 antiquitas
435 2262 631 2340 persuaderet.
676 2265 760 2326 Tunc
782 2273 881 2326 autem
904 2265 1062 2343 persuadet
1084 2268 1244 2342 antiquitas
1253 2271 1268 2338 ,'
1292 2281 1358 2324 cum
1380 2279 1435 2323 vos
1459 2265 1607 2335 mussatis,

255 2355 395 2414 erraverit
417 2351 465 2412 bic
484 2360 514 2411 et
537 2350 586 2410 ilie
607 2358 691 2427 pater
713 2369 813 2425 necne,
837 2370 902 2413 cum
926 2354 999 2414 haec
1022 2362 1052 2414 et
1070 2349 1125 2413 'illa
1139 2355 1286 2426 scriberet,
1311 2359 1422 2412 etcum
1439 2351 1609 2426 serbaejns

151 2463 157 2476 ¹
253 2442 441 2502 acommuni
471 2456 525 2498 usu
555 2439 701 2499 abducitis
725 2448 754 2502 et
776 2458 842 2500 cum
871 2443 985 2514 sensui,
1016 2443 1067 2517 qui
1089 2441 1214 2502 Jesuitis
1243 2447 1273 2500 et
1296 2439 1479 2499 Gabinianis
1508 2441 1609 2510 servit,

254 2529 328 2589 nibil
352 2530 499 2605 opponitis
523 2528 582 2584 uisi
608 2527 689 2586 illam
713 2547 731 2588 a
754 2528 882 2588 Lutherc
905 2545 983 2590 anno
1007 2536 1056 2592 26.
1079 2532 1203 2606 primum
1227 2529 1375 2588 inventam
1399 2535 1429 2586 et
1451 2545 1470 2586 a
1491 2525 1609 2585 Jacobs

254 2617 389 2677 Andreae
413 2622 443 2674 et
465 2615 568 2675 ceteris
591 2614 800 2691 amplificatam
829 2619 1081 2677 ratiocinationem
1110 2618 1148 2677 ab
1177 2617 1342 2693 ubiquitate
1365 2615 1422 2672 Dei
1446 2621 1476 2674 et
1498 2616 1608 2672 unione

254 2723 319 2766 cum
335 2720 421 2764 carue
438 2702 476 2762 ad
499 2703 772 2780 omnipraesentiaru
795 2706 899 2766 carnis.
945 2705 1020 2764 Nam
1043 2707 1068 2763 si
1091 2721 1229 2782 expressa
1256 2703 1347 2763 verba
1369 2703 1529 2778 scripturae
1553 2717 1610 2776 op·

252 2794 408 2872 poneretis,
431 2807 498 2850 caro
521 2789 627 2850 Christi
651 2799 696 2850 est
719 2793 837 2868 ubique,
862 2795 935 2853 citra
956 2791 1087 2868 liguram,
1112 2793 1228 2852 caderet
1251 2789 1329 2868 apud
1352 2807 1399 2848 me
1422 2790 1593 2865 antiquitas.

359 2879 482 2954 ignosce
505 2877 591 2949 rnihi,
622 2880 672 2955 qni
703 2883 791 2940 toties
817 2879 881 2956 jam
903 2888 1050 2940 contestor
1073 2879 1160 2957 plane
1184 2879 1344 2942 radicatam
1368 2875 1447 2953 apud
1470 2893 1517 2936 me
1540 2893 1611 2935 een-

254 2969 375 3029 tentiam
405 2965 490 3024 hanc.
536 2967 682 3026 Fortassis
711 2969 787 3027 enim
818 2971 843 3028 si
871 2970 972 3044 utique
1004 2967 1219 3045 respondisses,
1248 2967 1311 3042 jam
1340 2965 1453 3042 pridem
1477 2967 1610 3024 enormia

254 3054 355 3133 aliqua
378 3056 489 3130 (neque
513 3056 590 3112 euim
612 3071 728 3131 sperare
753 3054 855 3130 debeo,
880 3057 980 3117 omnia
1003 3073 1067 3116 esse
1091 3051 1176 3134 sana)
1198 3055 1401 3130 exstirpasses.

358 3141 425 3201 Soio
449 3157 507 3200 aon
531 3158 595 3202 esse
619 3141 803 3202 commodum
826 3129 988 3203 tabellariis
1012 3151 1182 3220 exspectare
1204 3151 1329 3219 tempus,
1355 3140 1422 3199 duur
1446 3139 1609 3216 responde-

252 3230 306 3290 'aut
330 3231 479 3305 occupati,
506 3245 600 3305 ecque
624 3246 696 3303 rogo
718 3238 751 3289 nt
774 3230 812 3290 ad
834 3233 985 3290 minimum
1007 3230 1177 3291 schedulam
1200 3231 1257 3306 ipsi
1281 3228 1332 3289 des
1356 3234 1460 3288 testem
1483 3225 1610 3287 tradita-

257 3335 320 3378 rum
342 3317 492 3376 literarum
516 3326 544 3376 ot
568 3316 639 3392 quid
662 3320 790 3378 vicissim
812 3321 840 3378 ei
861 3320 1019 3395 petitorum
1042 3315 1195 3378 tradideris
1218 3325 1271 3377 aut
1293 3317 1343 3376 ubi
1366 3316 1517 3375 haereant.

361 3403 407 3462 De
430 3411 526 3463 cetero
550 3423 595 3464 me
620 3405 654 3464 ll.
679 3405 714 3466 Τ.
739 3405 911 3466 commendo
934 3413 964 3466 et
986 3406 1083 3466 saluto
1108 3422 1208 3467 omnes
1232 3405 1268 3464 D.
1294 3405 1330 3466 Ι).
1347 3403 1558 3481 Praeceptores
1583 3409 1613 3463 ct

257 3492 441 3558 Professores
465 3491 685 3556 officiosissime.
729 3491 814 3554 Vale.
859 3494 973 3572 Pragaa
999 3499 1047 3554 18.
1072 3494 1198 3571 Augusti
1225 3499 1317 3554 1610.

875 3628 878 3642 .
996 3581 1033 3642 R.
1056 3580 1092 3643 T.

327 3663 369 3717 De
386 3661 519 3717 Zacharia
538 3661 684 3718 Schaclerc
709 3662 831 3732 quaesivi
854 3663 985 3732 proximis
1248 3665 1488 3728 officiosissimus

262 3749 298 3789 en
322 3735 442 3788 viveret?
473 3734 551 3802 Rogo
575 3731 747 3788 tabellarium
774 3733 927 3791 adhorteris
955 3741 986 3790 nt
1254 3757 1317 3816 Joh
1350 3753 1491 3831 chplcr.

258 3805 347 3875 ipsum
367 3802 457 3859 adeat.
548 3837 552 3850 ‚
1319 3800 1326 3815 ‘

328 3874 389 3930 Etsi
412 3875 473 3928 misi
496 3873 626 3942 proximis
652 3873 879 3929 Dissertationum
907 3891 995 3930 meam

258 3961 320 4000 cum
338 3944 445 4000 Nunclo
459 3943 580 4006 Siderea,
597 3945 654 4010 jam
672 3951 764 3999 temen
783 3944 897 3999 alterum
914 3945 993 4000 mitto

260 4016 422 4085 exemplum,
443 4015 467 4070 si
484 4013 554 4069 forte
572 4014 641 4080 illud
655 4029 710 4069 nou
722 4015 884 4082 pervenerit.
909 4016 992 4085 Spem

257 4087 324 4145 lacit
336 4084 477 4142 Galilaeus
490 4085 580 4142 adhuc
593 4086 678 4140 multo
697 4085 905 4154 mirabiliorem
924 4103 995 4156 quae

260 4159 368 4230 cyphris
388 4156 509 4228 scripsit,
529 4161 559 4212 ut
578 4171 629 4211 suo
647 4162 770 4225 tempore
788 4153 922 4224 legantur.

363 4281 511 4351 Keplerum
528 4279 582 4334 hoc
596 4278 653 4347 jam
672 4285 795 4348 tempore
813 4278 956 4335 transitum
974 4279 1062 4346 Prsga
1080 4277 1204 4332 Lincinm
1222 4275 1380 4332 meditatum
1399 4289 1468 4348 esse,
1488 4289 1522 4329 ex
1540 4275 1573 4330 L.
1585 4274 1619 4330 B.

260 4370 460 4427 Helmbardi
477 4369 495 4423 J
504 4368 642 4437 nergeri
659 4367 746 4422 literis
765 4373 888 4436 apparet,
909 4367 954 4437 qui
967 4365 1062 4422 Lincio
1075 4364 1101 4419 d.
1116 4363 1323 4420 tonsurato
1340 4363 1408 4417 haec
1425 4363 1473 4416 dat
1485 4361 1618 4430 Keplem:

261 4459 355 4527 Edler,
374 4458 595 4526 hochgeporner,
621 4456 685 4511 sehr
702 4455 789 4510 lieber
806 4456 877 4510 Herr
894 4454 1051 4524 llhcppler,
1075 4451 1125 4506 mit
1142 4451 1337 4520 Wtintschung
1355 4449 1423 4504 aller
1440 4446 1548 4502 wolfart
1565 4447 1619 4502 vnd

260 4546 431 4615 ehrbietung,
450 4560 504 4600 nas
522 4545 579 4599 ihm
597 4559 650 4598 ron
669 4543 740 4600 mihr
759 4543 849 4598 dieust
866 4541 920 4596 rud
939 4541 993 4596 lieb
1012 4542 1057 4611 ist,
1076 4539 1129 4596 hab
1148 4541 1193 4596 ich
1211 4539 1260 4594 ihu
1277 4541 1330 4610 bey
1343 4539 1416 4594 diser
1428 4535 1621 4605 Gelegcnhaitt

262 4633 323 4687 rmb
343 4633 465 4689 Antwort
484 4632 544 4687 suff
558 4632 629 4686 melu
648 4631 754 4699 roriges
773 4629 917 4686 schreibeu
936 4631 1090 4686 anmahnen
1109 4628 1214 4684 wollcn.
1251 4627 1310 4682 Eur
1328 4624 1451 4682 Persohu
1476 4621 1622 4678 betr'cti'ent

260 4726 317 4776 retr
335 4721 406 4776 mein
424 4721 500 4787 rath,
526 4720 570 4776 ihr
588 4719 688 4787 bcgtbt
706 4719 777 4774 euch
795 4716 910 4772 beraues
932 4715 985 4771 rud
1003 4716 1067 4774 liest
1084 4716 1154 4772 ench
1180 4715 1227 4771 ibn
1252 4713 1300 4768 der
1318 4713 1399 4769 Sti-nt
1419 4711 1492 4766 diaes
1509 4709 1620 4765 Laudes

261 4807 353 4862 dienst
371 4809 423 4876 ein,
442 4808 533 4862 hattet
550 4807 636 4864 demit
653 4807 697 4862 ein
715 4803 838 4861 ehrliche
851 4802 993 4859 condition
1005 4805 1059 4861 rud
1073 4803 1188 4860 durtitet
1199 4803 1260 4857 rmb
1274 4816 1345 4858 errre
1357 4798 1521 4868 Bcetalluug
1532 4797 1620 4868 wenig

262 4893 416 4952 sollicitirn.
453 4893 651 4955 wilisiarius
677 4894 747 4951 euch
773 4909 840 4964 gem
860 4889 976 4954 helffen,
1003 4891 1058 4954 vad
1076 4893 1112 4954 da
1133 4891 1180 4952 ioh
1198 4891 1280 4956 alleiu
1304 4904 1394 4952 erran
1411 4885 1514 4952 Willeu
1532 4886 1621 4961 weiss,
