3662 5544
829 409 906 474 reor.
1086 363 1088 372 ¹
1168 489 1180 502 ,
1469 405 1533 482 'stt

287 577 431 639 Mentibus
448 581 577 642 diceano
595 589 624 644 et
640 583 740 643 Martio
753 585 890 659 Keplems
908 591 1018 662 praeter
1029 587 1063 644 eia
1080 601 1152 659 queo
1168 599 1252 674 sppre
1266 587 1387 646 iluimus
1406 587 1440 646 de
1457 587 1535 646 Hor·

185 671 277 726 monio
294 669 473 728 Herverto
490 673 632 744 respondit
650 675 686 730 ad
703 676 878 745 quaestiones
896 677 930 731 de
948 683 1008 732 arte
1023 676 1141 742 mutina,
1161 675 1298 745 quamvis:
1325 676 1375 742 ,de
1393 682 1452 732 erte
1469 691 1535 732 nan·

184 757 237 812 tica
254 757 389 816 sollicitus
407 759 539 818 hactenus
562 778 617 818 non
641 761 695 831 ini,
721 763 823 832 quippe
846 764 997 820 latissimae
1020 762 1185 818 continentis
1208 761 1360 832 ulumuus“,
1385 760 1484 818 deinde
1501 762 1536 819 do

184 859 253 898 anuo
276 845 377 902 Christi
400 847 523 904 natalitio
543 847 604 918 (cir.
623 850 670 904 IV.
689 852 741 909 473
760 851 826 920 ss),
850 851 884 907 de
906 852 983 908 fluxu
1007 857 1036 906 ot
1057 849 1166 906 refluxu
1190 850 1272 906 meris
1292 851 1350 918 (Ill.
1370 850 1432 918 til)
1455 851 1536 906 etde

183 930 327 1000 hypothesi
346 933 546 1003 Gopernicane:
575 951 645 1002 ,nou
668 938 707 992 ite
725 937 873 994 absurdum
891 938 997 994 videtur
1014 937 1150 1009 physicis,
1173 943 1248 994 stare
1266 937 1357 994 Solem
1381 954 1413 993 ac
1433 938 1537 994 moveri

185 1019 326 1094 Terrem“;
349 1023 490 1091 virtutem,
513 1026 616 1096 pergit,
640 1023 712 1080 Solis
732 1023 822 1082 dicero
847 1041 877 1080 se
895 1028 1076 1096 magneticom
1094 1023 1288 1094 intelligentiae
1306 1034 1335 1081 et
1354 1024 1536 1082 similitudinis

184 1123 278 1178 cause,
303 1113 443 1168 coelestem
465 1111 555 1168 dicere
578 1125 609 1168 se
632 1110 768 1168 debuisse.
806 1111 882 1180 Quae
906 1111 940 1168 de
963 1111 1112 1184 astrologia
1128 1113 1269 1168 Hervarto
1294 1112 1390 1170 eodem
1412 1119 1536 1182 tempore

186 1196 307 1266 scripsit,
333 1200 461 1268 leguntur
485 1201 537 1256 vol.
556 1201 594 1256 ΙΙ.
612 1219 640 1272 p.
660 1201 721 1256 584.
757 1201 853 1256 Mense
876 1200 1023 1259 Novembri
1046 1201 1187 1272 quaerenti
1209 1201 1353 1258 Hervarto
1378 1200 1412 1256 de
1436 1201 1538 1256 Terrae

183 1283 283 1340 ambitu
293 1285 379 1341 refert
387 1287 532 1358 Keplerus,
540 1303 621 1358 quam
631 1289 766 1345 rationem
777 1288 868 1344 inierit
877 1289 913 1344 ad
922 1289 993 1344 banc
1002 1289 1191 1359 quaestionem
1201 1287 1356 1346 solvendam
1366 1289 1537 1358 (elevata).

286 1381 453 1458 Fabricio
477 1399 558 1439 mam
576 1390 682 1440 tentum
705 1384 781 1441 dedit
799 1385 943 1456 epistolam
961 1384 1015 1440 hoc
1032 1400 1104 1440 auno
1123 1385 1163 1440 sic
1185 1384 1267 1438 linem
1286 1384 1405 1442 iaciens:
1431 1379 1538 1442 Obser·

184 1465 318 1525 vationes
341 1467 432 1530 mitte.
461 1467 525 1544 Ego
548 1471 697 1528 remissior
717 1468 779 1528 fieri
803 1471 922 1546 incipio.
954 1468 1013 1528 (tur
1035 1471 1112 1529 cuim
1125 1469 1318 1530 morientibus
1337 1471 1536 1530 instrumentis

182 1555 353 1628 supervivat
374 1571 440 1616 mee
462 1555 638 1616 observandi
669 1554 846 1633 diligentia?
883 1559 927 1632 (1.
954 1558 1096 1634 Augusti,
1129 1573 1194 1616 cum
1224 1556 1332 1617 Martio
1365 1560 1537 1634 incepissem

182 1641 351 1718 intereaque
373 1645 575 1720 peregrinatus
591 1661 686 1704 essem
709 1646 740 1703 in
755 1643 903 1718 Lusatia.)
929 1648 972 1702 De
984 1647 1108 1704 Martis
1121 1648 1228 1704 theoria
1240 1663 1324 1717 agens
1336 1664 1398 1704 oum
1410 1649 1537 1706 Fabricio

183 1731 264 1786 dubia
282 1731 342 1800 ejus
361 1733 395 1789 de
414 1735 501 1800 ,orali
519 1735 561 1788 rel
574 1735 708 1806 elliptico“
728 1737 793 1792 orbe
811 1735 934 1794 retollere
953 1735 1061 1794 studete
1087 1731 1206 1809 Ellipsis
1224 1741 1270 1792 eet
1284 1731 1425 1793 naturalis
1439 1735 1537 1811 hypo-

182 1815 289 1890 thesim
322 1818 447 1878 circulus
469 1818 584 1896 ellipsin
608 1820 761 1898 amplexus
785 1827 829 1879 est
857 1819 1060 1880 tautummodo
1084 1821 1295 1880 numerationis
1322 1836 1422 1880 eausa.
1465 1820 1537 1882 Jem

185 1905 296 1964 tentavi
320 1906 350 1963 iu
374 1905 536 1981 Mercurio,
561 1907 645 1983 cujus
668 1918 714 1969 cst
736 1907 847 1985 ellipsis
870 1909 1101 1969 evidentissima.
1139 1913 1209 1968 Item
1235 1913 1377 1981 quaerenti
1401 1911 1538 1982 Fabricio,

184 2009 252 2062 quae
271 2009 355 2052 causa
376 1996 413 2050 sit
432 1997 576 2068 ,physicae
597 1999 868 2071 multiplicationum?
892 2000 1050 2071 respondit:
1070 1995 1162 2072 „dum
1182 1995 1345 2074 multiplico
1368 2001 1539 2058 eccontriei·

184 2081 251 2138 tatis
283 2080 436 2140 dimidium
464 2085 493 2140 in
516 2085 599 2144 sinus
621 2085 787 2146 anomaliae
810 2087 952 2159 ecoentri,
986 2087 1133 2144 constituo
1161 2101 1313 2146 excessum
1342 2102 1428 2146 areae
1451 2102 1539 2163 supra

181 2167 358 2228 momeliam
391 2173 525 2242 eecautri,
561 2179 591 2231 et
620 2176 691 2250 quia
720 2191 790 2234 eree
818 2175 936 2232 metitur
959 2171 1113 2232 distantias
1140 2188 1258 2246 omnes,
1289 2171 1446 2234 taunuco
1473 2189 1540 2234 rno-

182 2272 227 2314 ras
254 2273 308 2314 seu
340 2265 468 2334 tempus,
499 2260 589 2336 igitur
616 2260 858 2338 multiplicatione
886 2260 1011 2338 physice
1033 2269 1148 2336 tempus
1171 2259 1279 2337 colligo
1311 2260 1441 2320 debitum
1470 2261 1540 2324 huic

181 2341 346 2404 anomaliae
377 2349 512 2410 ecceutri.
558 2347 758 2410 subtilitatem
786 2365 882 2408 msam
910 2347 1137 2425 praedicandam
1166 2345 1268 2424 putas,
1302 2350 1326 2406 si
1349 2364 1408 2408 non
1430 2365 1541 2427 repug-

182 2439 264 2490 naret
295 2441 427 2520 neturae.
481 2435 554 2511 Ego,
587 2438 635 2514 mi,
660 2437 795 2510 Fabrici,
832 2435 939 2496 damno
971 2453 1086 2496 ornnem
1119 2435 1312 2494 subtilitatem
1350 2435 1396 2496 vel
1430 2454 1539 2514 repug-

180 2526 298 2578 nantem
328 2529 465 2592 naturae,
490 2522 537 2582 vel
566 2541 623 2586 non
652 2525 857 2586 necessariam.
903 2524 983 2583 Dum
1012 2539 1082 2582 vero
1110 2521 1183 2582 mibi
1206 2523 1436 2600 Goperuicenarn
1465 2526 1540 2584 sub·

181 2605 316 2666 tilitatern
348 2609 474 2686 exempti
502 2609 569 2670 loco
597 2614 682 2688 pouis
713 2613 751 2672 ob
788 2612 907 2686 oeulos,
927 2613 1042 2688 «inopte
1068 2609 1141 2668 ineis
1174 2627 1241 2670 cum
1268 2613 1362 2684 scies,
1395 2610 1475 2688 quod
1507 2619 1540 2672 tu

183 2693 301 2754 damnes
330 2697 360 2752 in
388 2695 550 2774 Ceperuioo
579 2717 627 2760 me
657 2700 776 2762 mirifice
807 2699 969 2777 approbare
972 2739 1133 2760 .......
1178 2697 1298 2771 Mirum,
1331 2697 1434 2774 qualos
1467 2698 1539 2760 mihi

182 2783 291 2842 scribae
314 2782 395 2860 leges
421 2783 590 2846 condendae
616 2787 814 2865 hypotheseos
839 2805 875 2847 ex
899 2793 949 2846 tuo
973 2785 1107 2856 cerebro,
1131 2799 1190 2844 nou
1215 2803 1250 2845 ex
1278 2785 1361 2846 coelo
1387 2783 1538 2846 deductas.

182 2871 309 2930 Directis
333 2873 430 2932 verbis
453 2891 489 2934 ea
511 2868 583 2934 mibi
604 2877 746 2952 imperas,
770 2892 847 2952 quae
870 2873 993 2934 totidem
1016 2889 1071 2950 ego
1094 2872 1240 2949 capitibus
1263 2875 1292 2930 iu
1316 2873 1541 2934 Commentariis

183 2957 316 3020 refutavi.
361 2958 482 3021 Miseret
511 2979 557 3022 me
585 2965 628 3021 tui
660 2963 786 3040 laboris,
818 2964 869 3039 qui
899 2968 944 3021 tot
967 2962 1030 3037 Jem
1053 2961 1137 3020 annia
1161 2956 1293 3022 domare
1324 2968 1419 3020 tentas
1451 2967 1480 3022 et
1510 2964 1541 3021 lu

182 3064 287 3125 genere
310 3053 408 3106 actum
431 3049 503 3126 egis.
534 3049 674 3110 Iuventas
697 3053 775 3111 enirn
797 3067 883 3111 veras
905 3057 1038 3110 motuum
1060 3063 1174 3122 causes,
1198 3055 1343 3124 quatenus
1367 3049 1404 3108 ab
1420 3047 1539 3110 homine

183 3134 389 3212 comprehendi
405 3141 538 3212 possunt,
555 3141 792 3200 constantissimo
807 3154 907 3198 assero
910 3179 1001 3200 .....
1040 3136 1272 3196 Commentarios
1288 3145 1321 3196 ut
1336 3135 1421 3196 edem
1437 3135 1541 3197 laboro

184 3223 345 3301 diligenter.
392 3223 517 3286 Videtur
547 3224 749 3304 'Ferrgnaglius
779 3243 989 3296 concessurus,
1019 3225 1043 3284 sl
1072 3225 1238 3299 permittam
1270 3226 1325 3300 ipsi
1356 3225 1540 3300 quorundum

184 3313 426 3384 emendationem,
450 3311 530 3390 quod
552 3314 623 3373 mibi
645 3331 737 3391 greve
760 3321 805 3377 est
807 3358 914 3376 .....
958 3313 1098 3372 Irasceris
1121 3310 1215 3371 velori
1231 3329 1327 3384 areae,
1351 3329 1418 3371 cum
1432 3320 1539 3389 agetur

185 3399 220 3461 do
242 3402 337 3473 lineis,
361 3415 449 3460 coeco
472 3399 591 3477 quidem
613 3403 733 3480 impetu.
777 3401 854 3462 Nem
876 3409 907 3460 et
928 3416 997 3460 area
1018 3400 1228 3477 geometricum
1255 3398 1326 3475 qaid
1349 3407 1404 3460 est.
1450 3398 1538 3476 Quod

184 3507 253 3552 vero
282 3487 443 3548 echonomi
472 3489 614 3549 hacteuus
637 3489 734 3550 nullae
756 3506 840 3550 arses
869 3488 1081 3562 adhibuerunt,
1112 3485 1221 3546 iactum
1245 3493 1289 3546 est
1313 3505 1349 3547 ex
1371 3489 1539 3564 ignorantia

185 3595 339 3640 musarum
362 3574 560 3652 physicarum,
584 3595 658 3654 ques
681 3580 710 3636 in
732 3575 827 3638 lucem
847 3577 911 3654 jam
933 3574 1052 3652 protuli.
1097 3573 1132 3633 lu
1154 3577 1233 3633 omni
1255 3577 1387 3635 novitate
1412 3577 1538 3654 imperiti

185 3669 355 3728 irascuntur.
378 3699 411 3708 —
423 3668 549 3725 Fabricio
561 3667 688 3738 instanti,
706 3669 803 3724 Martis
821 3673 924 3722 motum
935 3666 1095 3723 circularem
1109 3679 1170 3721 esse
1184 3672 1213 3721 et
1225 3667 1374 3734 asserenti,
1392 3673 1491 3738 putare
1509 3682 1539 3723 sc

185 3761 300 3816 Martem
322 3755 358 3812 ad
385 3755 473 3811 latera
490 3755 584 3810 cuculi
601 3771 656 3810 non
680 3757 801 3826 ingredi,
825 3756 873 3812 sed
897 3755 988 3825 potius
1011 3754 1156 3823 excedere,
1182 3755 1226 3810 his
1249 3754 1368 3809 occurrit
1385 3755 1539 3825 lieplerus:

184 3842 290 3902 Mirum
312 3848 394 3899 tuam
417 3837 590 3898 audaciam!
627 3838 779 3901 'Funemc
801 3831 945 3917 provoces
968 3837 1168 3916 confingendis
1191 3837 1431 3916 hypothesibus?
1466 3838 1540 3898 Cum

186 3945 240 4007 ego
261 3925 412 4005 planetam
434 3943 453 3998 e
475 3927 585 3986 circulo
608 3926 703 3988 dicam
725 3927 856 4003 ingredi,
880 3935 911 3986 tu
935 3929 1019 4004 paria
1040 3927 1151 3986 iaciens
1174 3925 1246 3985 dicis
1270 3924 1377 4001 egredi.
1414 3925 1478 4002 Ego
1501 3927 1541 3984 mi

185 4018 301 4078 Fabrici
324 4032 385 4075 nou
407 4015 518 4090 ingenii
541 4015 736 4088 volubilitate,
760 4031 819 4075 non
842 4017 960 4093 poetica
981 4021 1034 4074 aut
1055 4013 1321 4092 pictoriatingeudi
1341 4014 1540 4072 licentiarum

186 4103 337 4178 inductus,
368 4101 421 4162 sed
451 4102 691 4162 observationum
722 4102 940 4163 Braheanerum
969 4101 1048 4162 ilum
1073 4102 1395 4176 demonstrationesquo
1422 4104 1540 4160 secutus

186 4193 311 4251 invictas
312 4231 421 4251 .....
452 4190 527 4250 Dico
550 4191 612 4264 tibi,
636 4193 661 4250 si
677 4202 793 4251 centum
815 4198 1004 4268 superessent
1025 4189 1171 4268 planetae,
1196 4185 1355 4248 dummodo
1377 4186 1452 4246 tales
1475 4187 1539 4262 ejus

188 4280 408 4340 observationes
431 4276 615 4352 haberemus,
640 4277 741 4356 quales
765 4281 794 4336 in
817 4277 921 4352 Marte,
946 4280 1018 4338 meis
1041 4280 1168 4339 inventis
1190 4275 1229 4335 ed
1245 4269 1344 4336 eorum
1362 4273 1539 4352 hypotheses

186 4367 330 4444 perveniri
353 4381 452 4442 posse,
475 4366 621 4442 siquidem
644 4365 686 4424 illi
710 4372 845 4426 naturam
866 4364 970 4424 horum
995 4373 1012 4426 7
1037 4365 1221 4444 planetarum
1245 4364 1434 4422 imitarentur.

187 4539 270 4589 Johau
291 4539 412 4602 lleppler,
433 4537 477 4587 der
494 4539 567 4592 Rom.
585 4539 658 4590 liele.
675 4539 732 4590 Mtt.
752 4537 948 4588 Mathematicus
967 4539 1074 4603 behheu,
1093 4539 1137 4588 das
1155 4537 1199 4586 der
1215 4537 1339 4586 lihmveet
1356 4535 1407 4582 vnd
1424 4536 1539 4586 Mrushm

190 4611 249 4660 llcrr
267 4611 355 4660 Hense
374 4609 523 4670 Nldsuaues,
540 4607 636 4672 Burger
654 4625 684 4658 au
704 4609 778 4658 0er
796 4611 846 4658 rud
865 4609 1087 4670 rathererveuter,
1107 4623 1154 4656 ron
1174 4606 1322 4666 deujsnigen
1343 4605 1411 4655 1000
1430 4605 1539 4671 Gnidon,

190 4681 302 4730 viliiche
321 4679 375 4727 Ime
393 4693 453 4727 aues
471 4680 566 4728 metuar
583 4681 745 4730 Stlottocbtcr
756 4679 855 4740 Regina
867 4679 1000 4728 Lorsutcln
1019 4677 1179 4727 viterlicbem
1192 4677 1288 4732 Erbgut
1301 4675 1460 4736 dargellohsn
1474 4688 1539 4725 vor-

189 4749 242 4812 tlsn,
259 4751 307 4800 des
325 4747 482 4799 ordcntllcbs
499 4749 620 4801 mursae
637 4765 686 4799 ron
700 4753 716 4800 2
728 4749 831 4812 Jahrem
849 4763 906 4798 rom
926 4752 968 4802 10.
986 4747 1040 4798 iuli
1061 4749 1128 4798 2005
1146 4745 1281 4795 blss1007
1300 4746 1478 4813 erstrsclsnrl,
1497 4761 1538 4796 su·

188 4835 272 4871 nmen
290 4823 319 4870 ln
337 4821 408 4870 siner
425 4819 528 4868 Summa
545 4819 772 4874 von1200nldcn
791 4834 820 4870 au
840 4821 934 4872 mcinsr
952 4819 1065 4884 slohsren
1077 4817 1152 4870 usna
1164 4815 1300 4878 suagestelt
1317 4815 1369 4866 rud
1380 4816 1465 4866 becalt
1477 4818 1539 4870 batt.

187 4889 251 4960 drag
269 4891 320 4942 dan
338 4891 365 4940 0.
384 4889 484 4952 Argum
502 4891 579 4944 100⁷.
