3624 5554
255 423 322 495 geg
766 379 1126 479 vearomanuepnes

257 599 337 671 enjus
359 603 451 652 umen
475 593 585 663 eulpam
607 603 684 645 meae
706 586 888 657 negligentiae
910 581 1048 655 insputari.
1091 581 1192 638 Verum
1219 581 1290 638 dabo
1317 579 1433 652 posthac
1461 580 1612 639 fideliorem

259 701 378 759 operm.
412 680 510 738 Mense
528 675 683 748 Septembri
707 674 870 732 observandi
893 674 1001 730 occasio
1025 685 1088 725 cum
1109 670 1221 739 fuisset,
1246 667 1351 726 eoelum
1376 669 1444 725 adeo
1469 669 1612 724 adversum
1649 733 1657 750 .

261 774 340 833 nobis
358 784 467 840 semper
484 767 546 833 icit,
563 773 595 822 ut
612 765 672 834 ejus
691 762 864 821 inclementia
881 759 1041 822 vindemiae,
1059 773 1130 826 quae
1147 758 1335 834 copiosissima
1347 757 1452 824 luisset,
1469 757 1614 827 plurimum

261 860 394 922 nocuerit.
430 857 505 914 Uvae
524 854 596 912 enim
613 869 670 908 non
687 852 729 907 rel
748 851 794 906 rix
811 854 1011 912 maturuerunt,
1029 847 1120 902 riuum
1140 846 1208 901 satia
1224 851 1363 903 austerum
1383 853 1434 900 est.
1447 875 1479 885 -

363 947 478 1002 Praeter
494 943 546 998 has
564 940 710 996 hleestlino
733 938 814 993 datas
838 937 873 991 ab
892 949 980 1004 eoque
997 939 1124 1004 acceptes
1148 933 1280 1003 epistolas
1297 933 1404 989 'multae
1422 932 1458 990 ad
1475 932 1544 988 alios
1562 931 1615 988 boe
1706 929 1712 938 '

260 1053 333 1094 anno
351 1035 432 1090 datae
450 1039 479 1088 et
496 1037 626 1100 acceptae
644 1031 805 1096 supersunt,
831 1038 902 1093 quae
920 1037 955 1078 ex
966 1017 1052 1092 'parte
1069 1022 1103 1075 ad
1122 1021 1301 1076 Predromurn
1319 1028 1457 1092 spectant,
1481 1037 1561 1092 quem
1579 1021 1614 1074 ad

261 1124 385 1182 homines
401 1121 430 1176 iu
447 1119 533 1176 literis
552 1117 672 1174 celebres
691 1114 764 1168 misit
781 1111 930 1182 liepierus,
954 1125 1048 1165 eorum
1063 1109 1195 1179 judicium
1219 1109 1254 1164 de
1270 1108 1340 1165 libro
1358 1115 1491 1179 expetens
1509 1116 1615 1165 etcum

260 1213 294 1270 iis
312 1211 348 1268 de
366 1205 563 1274 astronomicis,
581 1201 720 1260 historicis
738 1199 853 1270 aliisque
869 1199 954 1254 rebus
971 1196 1007 1251 ad
1026 1196 1118 1252 studia
1134 1195 1233 1252 altiora
1249 1196 1448 1267 pertinentibus
1466 1213 1559 1267 agens.

367 1295 545 1352 Galilaeae
567 1305 662 1346 mense
679 1290 805 1357 Augusto
829 1302 880 1354 pro
903 1285 1003 1340 donato
1028 1283 1080 1338 sibi
1102 1282 1252 1340 Prodromo
1277 1283 1379 1353 gratias
1403 1283 1467 1352 agit.
1504 1285 1616 1352 Legisse

262 1404 294 1446 se
311 1387 351 1444 ait
367 1383 435 1440 nibil
452 1388 562 1454 praeter
579 1377 785 1448 praefationem,
803 1389 837 1429 ex
855 1389 910 1444 qua
929 1379 1021 1428 umen
1041 1371 1206 1442 perceperit,
1226 1385 1256 1427 se
1273 1371 1317 1437 ,in
1335 1370 1488 1441 indaganda
1505 1373 1618 1427 veritate

263 1474 367 1532 socium
389 1472 491 1527 babere
512 1473 542 1522 et
558 1465 645 1535 ipsius
669 1463 792 1520 seriatis
816 1460 956 1516 enricum.l
993 1460 1142 1514 Lecturam
1165 1472 1196 1513 se
1218 1473 1280 1515 esse
1301 1457 1397 1513 librum
1423 1473 1456 1516 eo
1479 1457 1617 1527 libentius,

263 1561 337 1634 qnod
355 1561 414 1631 lpse
431 1559 459 1638 in
478 1554 618 1626 Ooperuici
637 1551 800 1608 seutentiam
817 1547 910 1604 multis
929 1547 1029 1604 abhinc
1051 1547 1130 1602 annis
1147 1546 1259 1614 venerit,
1278 1554 1307 1602 et
1324 1547 1363 1602 sic
1380 1546 1483 1616 pergit:
1508 1547 1552 1603 Ex
1569 1548 1619 1604 tali

262 1647 399 1722 positione
416 1643 564 1700 multorum
585 1641 667 1696 wem
691 1635 857 1694 naturalium
880 1634 1026 1692 effectuum
1051 1649 1152 1690 esum
1176 1639 1241 1690 sunt
1257 1651 1274 1688 a
1291 1649 1335 1689 me
1352 1633 1527 1701 adinventae,
1547 1651 1619 1705 quae

263 1735 346 1795 dubio
368 1732 463 1805 procul
487 1745 537 1801 per
567 1741 735 1784 communem
763 1725 926 1795 hypothesin
951 1721 1155 1791 inexplicabiles
1179 1727 1252 1778 sunt.
1292 1721 1394 1778 linitas
1418 1723 1567 1792 conscripsi
1590 1729 1620 1779 et

263 1822 385 1880 rationes
403 1826 431 1875 et
448 1823 671 1888 argumentorum
683 1814 711 1868 in
724 1812 890 1868 eontrarium
902 1809 1066 1878 eversiones,
1084 1824 1171 1879 quas
1188 1814 1301 1864 tamen
1320 1809 1353 1864 iu
1370 1807 1482 1864 lucem
1499 1809 1619 1865 hucus-

264 1925 329 1981 que
347 1906 514 1979 prolerre
536 1921 601 1961 nen
625 1919 694 1958 scm
718 1915 838 1966 ausus,
855 1898 966 1954 iortnna
982 1897 1068 1967 ipsius
1087 1895 1229 1966 Goperniei
1245 1895 1431 1965 praeceptoris
1448 1897 1535 1951 nostri
1552 1911 1616 1966 per·

246 1997 384 2062 eamme,
402 1993 449 2064 qui
465 1993 530 2050 lieet
548 1992 600 2050 sibi
617 1989 693 2062 apud
709 1989 816 2059 aliqum
834 1985 1010 2042 immortalem
1022 1985 1122 2040 lamam
1134 1984 1278 2054 paraverit,
1296 1981 1370 2052 apud
1387 1983 1507 2038 indultos
1526 1991 1617 2038 tanen

264 2085 371 2156 (tantm
383 2081 456 2137 enim
474 2088 516 2136 est
534 2079 681 2137 stultorum
693 2077 834 2144 numerus)
853 2072 983 2130 ridendus
1001 2079 1030 2129 et
1047 2071 1235 2143 explodendas
1256 2069 1366 2139 prodiit.
1402 2069 1537 2125 Auderem
1555 2087 1620 2139 pro·

264 2170 338 2228 fecto
356 2183 430 2226 meas
453 2167 632 2236 cogitationes
649 2179 782 2234 promere,
800 2163 824 2218 si
841 2161 935 2232 piures
953 2160 1042 2233 qualis
1064 2165 1095 2216 tu
1113 2175 1143 2214 ee
1168 2162 1321 2235 exstarent,
1345 2163 1376 2212 at
1396 2172 1457 2212 cnm
1475 2171 1531 2212 non
1555 2156 1619 2230 sint,

265 2257 422 2330 hujusmodi
439 2255 550 2327 unctio
567 2251 761 2324 supersedebo.

372 2343 512 2415 Kepleri
529 2341 673 2412 responsio
692 2341 761 2396 baec
778 2347 832 2397 est:

372 2439 486 2498 [alietas
507 2445 590 2509 tuas,
613 2437 660 2494 sir
682 2433 905 2508 humanissime,
937 2441 965 2495 4.
990 2433 1068 2511 Aug.
1092 2435 1216 2511 scriptas
1242 2441 1268 2494 1.
1291 2433 1372 2512 Sept.
1396 2435 1512 2511 accepi3
1544 2448 1621 2510 quae

266 2526 386 2606 quidem
415 2526 532 2602 gemino
555 2539 603 2582 me
631 2521 754 2582 affecere
783 2521 908 2598 gaudio,
939 2524 1064 2600 primum
1093 2531 1210 2600 propter
1233 2522 1392 2582 amicitiam
1421 2531 1518 2582 tecum
1542 2519 1619 2580 ltaio

265 2617 379 2688 isium,
402 2620 472 2692 nost
492 2620 611 2689 propter
633 2626 808 2670 consensum
832 2618 963 2669 nostrum
985 2613 1015 2668 ln
1039 2609 1272 2688 cosmographia
1294 2609 1503 2687 Gopernicana.
1546 2609 1620 2667 Gurn

266 2705 356 2782 igitur
378 2703 408 2760 in
431 2700 511 2761 calce
535 2697 677 2776 epistolae
700 2698 866 2758 humaniter
888 2715 934 2758 me
959 2697 996 2758 ad
1019 2698 1134 2760 crebras
1157 2696 1298 2775 epistolae
1321 2699 1493 2771 invitasses,
1525 2713 1621 2774 neque

265 2791 338 2852 mihi
360 2797 464 2866 sponte
487 2805 554 2847 mea
574 2785 684 2845 stimuli
707 2783 746 2845 ad
769 2785 825 2845 boc
847 2784 991 2860 deessent,
1014 2786 1111 2846 iacere
1126 2792 1255 2846 ettamen
1278 2803 1336 2845 non
1358 2788 1451 2863 potui,
1474 2787 1545 2864 quin
1568 2800 1621 2862 per

136 2877 142 2889 '
265 2879 344 2940 buno
366 2882 549 2954 praesentem
572 2874 701 2934 nobilem
721 2873 862 2948 juvenem
891 2874 929 2934 ad
951 2882 981 2934 te
1003 2874 1169 2935 scriberem.
1213 2873 1356 2933 Existimo
1379 2891 1506 2951 namque
1528 2882 1557 2932 te
1581 2871 1620 2932 ab

267 2983 305 3028 eo
326 2975 466 3040 tempore,
489 2965 514 3021 si
538 2964 630 3022 otium
646 2962 699 3021 tibi
715 2961 779 3035 luit,
796 2960 929 3021 libellam
945 2979 1042 3021 meum
1058 2964 1184 3038 penitius
1200 2964 1384 3037 cognovisse.
1422 2962 1496 3021 Inde
1511 2959 1619 3039 cupido

266 3070 314 3116 me
337 3053 494 3112 vehemens
516 3051 636 3110 incessit
657 3065 797 3108 censurae
819 3057 889 3109 tuae
903 3049 1121 3126 percipiendae:
1146 3051 1188 3108 sic
1209 3051 1286 3108 eninr
1301 3049 1393 3123 scien,
1409 3050 1447 3111 ad
1470 3065 1621 3128 quoscun-

267 3158 325 3218 que
347 3141 454 3212 scribo,
473 3137 587 3214 judicia
610 3134 645 3196 de
667 3139 741 3195 meis
764 3139 933 3214 incorrupta
947 3137 1116 3214 efflagitare.
1148 3136 1184 3195 Et
1199 3136 1271 3196 mihi
1294 3135 1395 3196 credas
1420 3137 1517 3210 velim,
1541 3135 1620 3196 malo

266 3231 354 3290 nnius
375 3225 487 3288 cordati
510 3241 671 3298 censuram,
695 3227 831 3301 quamvis
853 3241 959 3300 aorem,
977 3241 1071 3302 cuam
1093 3227 1185 3284 totius
1208 3224 1289 3302 vulgi
1311 3225 1541 3286 inconsideratos
1565 3243 1621 3302 ap·

266 3316 399 3395 plausus.
443 3311 563 3374 Utinam
587 3329 657 3372 rere
681 3313 744 3385 tibi,
768 3311 820 3370 tali
843 3311 1038 3388 intelligentia
1059 3311 1203 3390 praedito,
1227 3311 1309 3372 aliud
1324 3315 1506 3390 propositum
1525 3313 1619 3372 esset!

265 3403 341 3466 Nam
365 3403 419 3462 etsi
449 3402 597 3477 sapienter
625 3407 658 3460 tu
681 3407 711 3460 et
738 3399 851 3460 occulte
883 3403 1036 3477 proposito
1067 3398 1226 3476 exemplari
1248 3408 1317 3460 tuae
1339 3417 1484 3478 personae
1506 3417 1618 3476 mones,

267 3489 429 3552 cedendum
452 3488 613 3550 trnlversali
636 3489 828 3564 ignorantiae,
852 3503 906 3547 nec
927 3505 992 3548 sese
1014 3496 1123 3548 temere
1145 3487 1334 3564 ingerendum
1349 3487 1398 3548 rel
1413 3487 1619 3566 opponendum

266 3578 350 3655 νιιΙςί
372 3575 524 3636 doctorum
546 3575 693 3636 lusoribus
716 3578 790 3652 (qua
812 3577 840 3633 ln
865 3593 895 3636 re
919 3573 1073 3636 Platonem
1097 3583 1127 3636 et
1141 3574 1350 3654 Pythagoram,
1373 3585 1487 3637 nostros
1509 3578 1617 3654 genui·

266 3682 322 3726 nos
344 3666 508 3740 magistros,
531 3663 685 3741 sequeris),
711 3671 809 3722 nmen
833 3679 899 3723 eum
921 3662 979 3723 hoc
1000 3663 1100 3723 seculo
1123 3667 1247 3740 primum
1270 3663 1490 3740 adopernico,
1514 3662 1620 3724 deinde

267 3773 286 3814 a
308 3751 507 3830 compluribus
528 3757 558 3812 et
580 3749 757 3812 doctissimis
780 3767 898 3828 quoque
921 3750 1192 3810 matbematicorum
1215 3753 1350 3811 immanis
1379 3755 1475 3829 operis
1504 3753 1619 3811 initium

266 3842 306 3902 sit
327 3841 445 3914 iactum,
468 3855 564 3916 neque
586 3838 643 3899 boc
662 3837 726 3914 J'atn
747 3853 966 3915 perrenorum
989 3841 1037 3912 sit,
1060 3838 1180 3899 Terram
1202 3841 1330 3899 moveri:
1358 3843 1538 3917 praestiterit
1559 3839 1620 3899 ior-

265 3936 360 4002 tasee,
384 3928 587 3988 communibus
601 3927 749 4004 suffregtis
763 3924 853 3988 semel
868 3925 1025 4004 impulsum
1041 3925 1118 3987 huuc
1131 3927 1246 3986 cubum
1261 3929 1444 3988 continenter
1458 3926 1496 3988 ad
1511 3935 1620 3987 metam

265 4033 380 4094 rapere,
410 4021 456 4088 ut,
484 4016 556 4091 quia
583 4017 729 4075 rationum
760 4013 889 4091 pondera
912 4014 1019 4093 vulgus
1041 4017 1141 4074 minus
1163 4015 1266 4088 librat,
1298 4017 1522 4076 auctoritatibus
1545 4015 1619 4075 iilud

265 4106 360 4182 magis
380 4103 534 4179 magisque
558 4102 681 4163 obruere
703 4103 893 4179 incipiamus,
923 4105 949 4161 sl
970 4103 1045 4163 torte
1067 4119 1120 4178 per
1141 4101 1271 4164 fraudem
1295 4105 1390 4181 ipsum
1418 4105 1448 4162 in
1472 4105 1619 4180 cognitio-

265 4209 332 4252 nem
355 4191 489 4251 reritatis
518 4189 679 4267 perducere
707 4205 860 4267 queamus.
904 4189 972 4250 Tua
1001 4192 1115 4251 ratione
1144 4190 1421 4266 simullaborantes
1444 4199 1488 4251 tot
1510 4194 1619 4270 iniquis

261 4277 383 4355 iudiciis
405 4279 503 4338 scelos
525 4275 691 4355 adjutares,
717 4275 851 4336 dumtill
877 4277 923 4337 rei
946 4279 1085 4340 solatium
1109 4285 1246 4356 caperent
1267 4295 1304 4338 ex
1327 4285 1378 4338 tuo
1400 4295 1545 4341 consensu
1569 4281 1617 4341 vel
1657 4328 1662 4339 .

264 4365 443 4443 praesidium
467 4381 503 4426 ex
526 4369 710 4426 auctoritate
747 4363 813 4424 Non
830 4365 907 4424 enim
930 4369 973 4426 tui
994 4365 1093 4427 solnm
1114 4364 1184 4425 Itali
1205 4373 1282 4440 sunt,
1306 4369 1356 4444 qui
1379 4383 1411 4428 se
1433 4371 1543 4428 moveri
1560 4369 1618 4429 nisi

264 4456 392 4514 sentiant
414 4451 531 4514 credere
560 4469 618 4512 non
647 4460 785 4530 possunt,
812 4451 865 4513 sed
893 4455 982 4514 etiam
1010 4471 1064 4534 nos
1086 4453 1134 4514 hic
1155 4456 1185 4514 tn
1209 4451 1367 4516 Germania
1394 4472 1452 4516 non
1476 4457 1616 4534 optimam

264 4538 402 4616 dogmate
433 4544 492 4601 isto
520 4541 645 4617 gratiam
672 4541 790 4601 inimus.
835 4539 945 4601 Verum
968 4543 1202 4617 murationes,
1233 4543 1340 4620 quibus
1362 4559 1417 4603 nos
1439 4553 1541 4605 eontra
1562 4544 1617 4605 has

264 4625 450 4690 diidenltates
473 4630 649 4690 muniamus.

367 4713 507 4792 Primum,
531 4717 569 4778 ab
591 4715 645 4777 llis
666 4717 776 4793 ingenti
800 4714 952 4778 hominum
972 4717 1159 4780 multitudine
1182 4725 1337 4796 separatus
1365 4735 1446 4792 sum,
1473 4733 1528 4778 nso
1557 4733 1617 4778 unc

263 4804 331 4864 etit
352 4807 398 4862 tet
419 4801 579 4866 clamorum
601 4805 755 4882 strepitum
777 4803 891 4868 haurio.
937 4805 1063 4882 Deinde,
1087 4809 1137 4885 qui
1159 4806 1231 4865 mibi
1254 4807 1485 4885 sumpserint,
1509 4803 1617 4882 rnlgns

262 4885 414 4956 bennun
435 4893 563 4980 estqui
584 4907 651 4954 cum
673 4892 748 4964 baso
769 4893 915 4986 abstrusa,
938 4900 972 4970 nt
993 4895 1092 5000 aiunt,
1114 4911 1173 4957 non
1195 4896 1324 4995 capiant,
1345 4897 1486 4956 miram
1507 4899 1616 4984 umen,
