3662 5544
277 397 344 468 ’166
791 395 988 458 66616616
1004 397 1125 470 666166

275 577 457 640 6116616661
483 577 688 640 6666666661
714 595 901 658 programma
929 576 1388 656 deseiipsietoinsrrstions,
1417 577 1628 655 616666161-

274 665 369 744 piaris
390 665 451 727 dno
481 665 590 730 tradidi
616 670 716 746 egenti
737 667 894 731 66661166.
936 666 1035 730 linito
1061 668 1216 743 occupatio
1238 668 1269 724 is
1291 665 1505 745 typographia,
1532 683 1629 742 66666

275 757 353 815 66161
374 753 424 816 iric
444 753 560 817 ierreru
581 753 725 820 officinae.
770 756 864 818 01666
884 753 967 829 mibi,
993 753 1216 832 quamardeeim
1236 754 1301 816 6166
1322 753 1432 814 dilatus
1453 771 1530 814 sum.
1574 755 1628 814 16-

274 843 360 904 terim
381 841 514 920 qnotidie
543 843 616 903 milri
638 845 767 905 eundum
789 845 844 906 init
865 842 905 904 ad
926 841 1110 914 Palatinum,
1140 845 1193 919 6111
1220 860 1268 902 me
1289 841 1450 904 nemetes
1470 841 1576 902 babuit
1597 849 1628 902 et

274 930 408 992 donarit.
452 929 498 992 Eo
527 929 696 994 dbcsdente
722 949 803 994 noes
833 932 978 994 16666666
1005 931 1161 1008 occupatio
1191 929 1417 990 eomnrmdandi
1449 929 1628 1006 exemplaria

273 1018 381 1095 legetis
407 1027 439 1078 ct
458 1021 697 1096 procuratoribus
726 1021 890 1100 principum
916 1035 1027 1096 magna
1053 1017 1195 1094 temporis
1217 1019 1345 1094 jactus
1389 1016 1510 1078 Interius
1538 1018 1628 1078 leriae

272 1117 562 1271 11666
1182 1104 1509 1272 1616666

273 1280 366 1342 literis
395 1281 575 1360 1686611661
608 1284 816 1358 emundandis,
847 1286 919 1362 6616
944 1283 1066 1360 negotis
1087 1280 1257 1358 inperfecta
1277 1280 1470 1358 relinquenda
1497 1280 1624 1343 1661666

271 1369 376 1448 Neque
396 1373 533 1432 immanis
555 1371 597 1431 ini
619 1373 660 1432 ab
680 1371 920 1434 extraordinariis
940 1371 1110 1430 ministeriis
1132 1369 1252 1429 Caesari
1273 1367 1474 1446 praestandis,
1501 1381 1626 1445 61161661

272 1473 364 1518 causa
393 1460 495 1519 crebro
525 1461 557 1518 in
578 1475 675 1520 616661
706 1461 763 1520 1616
785 1459 924 1521 6666661.
969 1457 1044 1516 Cum
1070 1457 1134 1533 jam
1156 1456 1311 1518 defunctas
1333 1474 1399 1519 esse
1421 1458 1501 1518 omni
1523 1456 1624 1518 labore

273 1545 388 1606 viderer
410 1545 463 1621 (de
484 1546 594 1608 6616116
616 1544 1039 1626 61161666666611111616661),
1062 1561 1132 1606 6666
1146 1543 1354 1606 061661666661
1375 1544 1549 1617 illectorem,
1573 1546 1626 1621 661

271 1651 319 1694 166
340 1649 393 1711 661
415 1633 565 1696 octiduum
586 1635 715 1714 amplius
735 1639 867 1697 erercnit
887 1637 918 1693 in
941 1633 1114 1711 questione
1136 1631 1345 1694 mathematica
1367 1635 1415 1705 (ll.
1432 1638 1498 1706 616)
1529 1631 1626 1692 dona-

271 1730 362 1799 taque
383 1737 475 1783 aures
495 1739 551 1783 sua
573 1726 702 1802 imagine
724 1739 790 1784 cum
812 1721 921 1801 peonio
943 1723 1031 1782 trinrn
1058 1723 1222 1780 6161661661
1243 1722 1449 1782 assultuum
1471 1719 1544 1780 61161
1565 1723 1624 1780 inr-

271 1812 380 1888 pesnit,
402 1809 564 1872 identidem
586 1811 675 1872 officii
697 1827 788 1872 cansa
811 1809 1008 1889 comparendi.
1053 1807 1157 1868 Hebes
1178 1824 1350 1883 excursum,
1372 1807 1445 1886 6616
1465 1825 1526 1882 616,
1552 1823 1624 1868 sex·

271 1900 381 1958 centies
403 1896 442 1957 66
464 1898 610 1959 6616616111
631 1897 846 1978 expediendum
867 1897 1077 1970 considentem,
1098 1895 1224 1956 subinde
1239 1900 1423 1957 reroenrsrit
1444 1913 1624 1974 6666661666

271 1985 440 2064 praebuerit
460 2001 633 2066 1666666661
655 1988 798 2066 66666661
820 1984 986 2058 6166161161,
1009 2001 1076 2046 66111
1098 1984 1300 2046 erubescerem
1322 1987 1386 2045 sine
1408 1985 1536 2063 perlecto
1558 1983 1623 2045 csi-

270 2071 338 2134 culo
360 2072 536 2151 respendere
551 2117 560 2134 .
575 2116 584 2135 .
602 2120 635 2138 ..
679 2072 830 2154 Respondi
852 2073 891 2135 66
916 2073 1017 2134 literas
1039 2079 1069 2132 6.
1092 2073 1170 2148 Aeg.
1200 2079 1231 2132 et
1264 2078 1292 2135 t.
1313 2072 1403 2144 Dec,
1431 2089 1509 2150 6666
1535 2087 1623 2150 prse-

269 2168 420 2222 cessernnt
443 2165 495 2222 nt.
518 2160 696 2224 Novembris
719 2161 877 2241 prodromi,
900 2161 1009 2238 661666
1031 2158 1225 2233 indicabatur,
1246 2176 1295 2220 ms
1316 2159 1488 2220 6161166166
1506 2159 1621 2220 61166

267 2251 393 2328 scriptas
413 2267 434 2309 s
455 2250 494 2312 D.
518 2249 643 2312 wennin
666 2258 863 2328 accepturum.
892 2247 923 2308 is
940 2263 1009 2308 sero
1024 2246 1205 2323 Noribergae
1227 2247 1266 2306 ab
1282 2246 1416 2308 Eiectore
1437 2247 1621 2322 6666666166,

267 2337 536 2399 66616161661166
558 2337 655 2399 166111.
678 2371 719 2384 -—
742 2339 873 2396 Primam
895 2343 985 2413 atque
1008 2333 1045 2395 66
1067 2333 1211 2396 Eiectoris
1225 2331 1623 2416 (Goionimsislpraoesnt‘u

268 2421 366 2500 didici,
389 2423 495 2485 librum
511 2424 683 2506 0661666161
698 2425 772 2486 'I'nts
794 2427 940 2486 excitatos
962 2422 1055 2483 literis
1070 2421 1164 2482 obtnii
1179 2423 1338 2499 1666111666
1353 2421 1517 2484 6166661616
1532 2437 1622 2501 para-

267 2517 331 2572 tem
352 2511 391 2573 ad
413 2529 460 2574 me
483 2513 560 2574 nitro
582 2512 792 2575 accemendnm
814 2519 870 2574 etc.
908 2510 1039 2588 Quartae
1060 2517 1180 2571 66611666
1203 2509 1306 2571 1166166
1324 2512 1374 2574 lii.
1389 2509 1460 2572 Dee
1485 2515 1621 2589 66616166,

267 2615 342 2677 ques
364 2617 421 2678 666
451 2601 502 2662 rix
524 2601 617 2663 lectas
646 2605 722 2663 tuter
743 2598 887 2676 6666616,
918 2597 1100 2660 6661666666
1130 2597 1316 2660 6666666666
1344 2599 1392 2660 cui
1422 2598 1620 2674 mentm,

266 2795 425 2860 pergratam
443 2790 560 2847 hebebe
598 2789 707 2846 Gratias
730 2789 781 2847 tibi
804 2802 857 2860 ego
881 2787 915 2843 66
932 2789 1079 2856 procurato
1101 2799 1163 2841 6166
1181 2787 1308 2857 negotio:
1332 2786 1361 2842 16
1381 2787 1422 2842 616
1437 2793 1513 2843 recte
1529 2785 1621 2844 66666.

267 2863 336 2916 cnm
354 2861 494 2918 Snendero
519 2859 591 2916 enim
616 2859 759 2917 66666661
781 2861 847 2914 mihi
870 2858 954 2914 nimia
976 2857 1134 2927 properatio
1156 2864 1185 2914 et
1202 2856 1379 2926 poenitudine
1402 2857 1502 2914 ductus
1518 2858 1620 2916 retinui

266 2930 376 2998 literam
395 2931 501 2988 66666
519 2946 583 2987 1616
596 2929 716 2986 0666116
734 2931 763 2986 in
774 2945 887 2999 magnas
906 2943 970 2997 spes
989 2933 1097 2982 erectus
1115 2943 1175 2983 snm
1188 2926 1290 2996 negotii
1308 2943 1369 2982 cunr
1388 2927 1531 2998 utriusque
1548 2944 1622 2984 emo·

265 3001 387 3056 lumento
406 3008 434 3057 et
451 3001 607 3058 academiae
624 3007 733 3058 vestrae
750 2999 849 3057 honori
866 2997 1038 3056 conficiendi.
1074 2997 1163 3066 Leges
1181 2997 1250 3068 ipse,
1270 3009 1339 3066 6666
1358 2997 1393 3052 66
1411 2997 1501 3068 ipsum
1514 2999 1620 3068 scripsi.

265 3069 442 3142 Exempisric
458 3079 508 3127 tna
527 3079 618 3128 cetera
636 3076 701 3126 sunt
719 3077 822 3140 curata,
841 3075 909 3142 6666
927 3075 956 3124 te
973 3081 1136 3138 responsum
1153 3069 1300 3137 accepisse.
1331 3068 1441 3124 Sslntes
1458 3071 1622 3126 1666166666

263 3147 314 3197 666
331 3149 395 3198 rote
412 3142 499 3213 dirisi,
518 3157 589 3210 6666
607 3149 701 3209 antae
718 3141 830 3197 1661666
847 3139 1018 3208 eandemque
1034 3137 1085 3194 tibi
1102 3139 1263 3193 1666661616
1277 3139 1374 3206 jnssns
1390 3154 1458 3194 snm.

368 3212 465 3270 Omnis
482 3221 574 3269 restra
585 3211 750 3268 Weckerius
768 3211 845 3266 661611
864 3208 1025 3281 6666616166
1044 3209 1172 3278 suscepit,
1189 3209 1307 3264 16611616
1317 3224 1417 3278 nempe
1428 3224 1510 3279 666111
1527 3213 1621 3276 66666,

265 3282 315 3339 666
332 3289 424 3340 tamen
441 3291 470 3339 66
488 3283 571 3354 digna
584 3282 728 3353 judicarit,
747 3282 859 3352 inques
875 3279 1028 3348 1666166166
1045 3278 1188 3334 6666161116
1205 3278 1330 3334 66161666
1342 3285 1370 3334 66
1383 3275 1620 3350 suggillationibus

265 3353 388 3424 poeticis.
423 3353 572 3424 Haydones
597 3347 1180 3409 1116616166666666166611616661661616
1204 3347 1324 3404 habituri
1345 3347 1459 3418 inerint,
1485 3349 1508 3404 si
1532 3349 1620 3418 primo

268 3419 520 3494 6666666666616
543 3433 637 3480 essent
655 3421 789 3493 oppressi.
824 3423 895 3478 Nam
914 3421 1015 3476 Cacsar
1037 3419 1065 3472 in
1082 3418 1160 3488 ipsos
1178 3431 1208 3474 te
1225 3425 1306 3488 parat
1323 3425 1351 3473 et
1369 3419 1537 3476 dissentiunt
1553 3419 1621 3474 inri-

264 3507 332 3549 cem.
358 3494 396 3548 Et
413 3495 588 3565 Bessirayum
605 3507 667 3549 cum
685 3493 802 3562 66611616
820 3491 942 3548 66661616
954 3491 1086 3545 autoritas
1098 3497 1130 3544 66
1141 3488 1242 3558 icrunt,
1260 3498 1289 3544 et
1306 3489 1466 3559 capitaneos
1478 3491 1620 3560 snos.ipse

268 3563 405 3620 interficit.
440 3565 533 3621 Etiam
550 3563 585 3619 66
602 3563 762 3620 Waiaciriae
780 3561 923 3631 Wsyrods
940 3559 1060 3616 11666116
1078 3559 1251 3626 amabatur,
1269 3560 1342 3628 6666
1360 3575 1451 3616 arcera
1467 3559 1556 3630 ipsius
1573 3577 1620 3618 oc-

266 3636 375 3705 cuparit
392 3635 409 3690 1
427 3635 578 3692 miliaribus
595 3649 614 3688 s
624 3633 798 3702 Warradine,
815 3634 986 3701 Petnumqne
1001 3629 1130 3687 liberarit.
1154 3629 1231 3686 Dens
1248 3628 1354 3699 piorum
1372 3629 1506 3687 rationem
1518 3629 1620 3687 666666

265 3703 295 3760 16
314 3705 357 3762 616
375 3705 473 3763 turbis.
509 3705 578 3762 Vale
597 3711 625 3760 et
642 3719 686 3760 me
703 3720 764 3761 6166
782 3711 865 3774 61666
882 3701 962 3758 66616
979 3699 1044 3756 viris
1063 3699 1230 3756 commenda.
1268 3701 1309 3755 13.
1328 3699 1409 3760 Febr.
1429 3701 1516 3764 1606,
1532 3701 1563 3756 Τ.
1582 3702 1617 3758 Δ.

891 3769 1038 3828 Officiosus

1318 3840 1350 3898 J.
1369 3840 1512 3912 Messe.

368 3969 400 4028 P.
420 3967 449 4028 S.
484 3962 998 4034 0666666616116616666661666.
1033 3961 1115 4034 cupit
1137 3961 1324 4020 6666666661
1348 3969 1376 4019 et
1398 3961 1433 4018 66
1451 3961 1570 4020 0666116
1589 3971 1619 4020 ct

265 4043 300 4100 ab
319 4037 379 4112 eins
397 4039 630 4111 commendatore,
655 4037 844 4096 liberalissime
862 4043 905 4093 est
920 4033 1074 4106 pollicitos,
1096 4042 1165 4118 poto
1186 4033 1244 4102 iam
1266 4047 1329 4094 esse
1345 4035 1374 4090 is
1391 4035 1490 4089 itinere
1507 4035 1618 4091 66111616
1743 4057 1745 4062 ·

264 4129 368 4169 versas.
404 4111 479 4182 Ergo
504 4109 578 4236 6666
600 4111 669 4194 estis
693 4111 792 4194 laetari
817 4107 911 4190 6161161
927 4105 1119 4190 aggredimini,
1141 4103 1269 4160 nedoni
1291 4104 1368 4160 itinn
1390 4119 1445 4160 non
1462 4105 1617 4188 inveniatis.

264 4183 356 4240 Etiam
374 4183 507 4252 Tengncg
518 4197 560 4238 1116
583 4189 658 4251 66616
682 4183 734 4238 6161
756 4179 853 4236 adeam
875 4178 1042 4246 6116666116
1058 4179 1232 4232 6166666616
1254 4174 1447 4242 meaiicnten,
1470 4175 1618 4274 6611166666

263 4253 393 4311 1161611661
411 4251 642 4318 666666166161661,
661 4251 830 4322 splendidius
849 4247 975 4318 tortasse,
994 4262 1075 4316 quam
1093 4243 1259 4316 professoris
1277 4243 1402 4314 alicujus.

368 4326 470 4392 lineos:
489 4327 610 4376 Doctrina
621 4332 648 4375 et
658 4328 751 4390 6166166
762 4323 903 4390 praestanti
914 4324 968 4371 viro
982 4321 1015 4372 D.
1027 4322 1131 4370 ilberto
1146 4315 1245 4368 iiiolnar
1257 4319 1364 4386 1166616,
1382 4320 1510 4370 literarum
1522 4321 1616 4371 studiis

263 4401 290 4450 16
308 4397 438 4448 academie
455 4393 594 4445 Alterflsns
611 4395 734 4459 operanti
769 4395 806 4443 D⁰
830 4399 855 4442 at
871 4394 954 4442 661166
973 4405 1028 4441 6166
1045 4387 1168 4456 colendo.)

368 4467 477 4530 Adjntor
500 4467 555 4528 616,
579 4467 690 4516 6666661
707 4463 849 4525 06661166,
873 4461 950 4528 66616
973 4467 1032 4528 post
1050 4461 1165 4528 advenit,
1190 4473 1247 4511 eam
1265 4459 1291 4515 d.
1311 4462 1354 4512 16.
1372 4458 1436 4510 enti
1456 4462 1614 4527 16661166-

263 4539 324 4603 isro,
344 4538 428 4588 Gratti
445 4538 562 4602 versanti,
579 4535 736 4586 nandarsrit
752 4533 784 4582 ds
800 4529 890 4599 itteris,
909 4547 973 4596 6666
989 4533 1090 4582 interim
1108 4529 1261 4580 advenerant
1278 4531 1392 4592 nrm.
1422 4531 1447 4580 ia
1464 4547 1510 4595 per
1521 4545 1615 4582 anunm

264 4609 333 4660 1⁶05
351 4607 385 4657 nd
402 4606 565 4658 describenda
584 4611 609 4654 at
625 4606 718 4670 partim
740 4602 995 4652 66166166666161616
1018 4601 1197 4651 commentaria
1219 4602 1350 4651 adhibitus
1373 4616 1439 4651 anno
1459 4603 1527 4654 1606
1551 4603 1615 4652 66116

264 4677 304 4742 (d.
325 4680 365 4730 16.
384 4678 449 4729 lior.
470 4678 537 4728 1606
556 4673 812 4740 661166161166166661
833 4679 965 4734 ,tmncum
982 4671 1105 4721 nodosum
1124 4671 1299 4737 [cennereth
1318 4685 1369 4735 666
1386 4673 1475 4724 ntsbar
1492 4687 1612 4722 66666666

263 4749 490 4810 iiorlbergsnsium,
507 4748 593 4796 1661111
610 4745 753 4796 academiae
770 4755 832 4794 snas
850 4740 1039 4807 Alteriianss“).
1076 4743 1150 4791 Anne
1170 4743 1236 4794 1661
1261 4756 1322 4792 nens
1340 4749 1379 4792 est
1396 4742 1520 4807 Ksplerns
1538 4757 1614 4806 opera

262 4817 388 4869 Victorini
404 4817 524 4880 Eieblsri,
541 4815 590 4866 11111
606 4817 716 4880 pastoris
729 4811 905 4876 Gomiiesnsis,
924 4813 1076 4864 cassineti
1090 4814 1171 4876 loos,
1191 4814 1260 4866 rota
1283 4813 1356 4876 116111.
1374 4812 1491 4874 Ursinus,
1510 4814 1578 4866 toti
1591 4827 1612 4868 Ι.
1644 4825 1649 4834 “

262 4885 346 4946 ianus
357 4883 532 4951 'tlrlnasiistns
551 4887 694 4953 ,66166166
709 4883 875 4954 putebant
890 4883 1017 4952 operen‘
