3662 5544
266 425 333 498 824
737 425 741 436 “
779 425 842 482 Vita
859 425 974 482 loannis
991 423 1110 496 Keplsri.

266 609 346 658 esset.
382 603 443 670 Ego
462 607 493 659 ut
509 601 684 674 Argentorsti
702 599 900 670 imprimeretur
918 618 972 680 nou
990 601 1202 675 consuluissem,
1220 600 1349 659 Rdsliuus
1367 601 1445 658 nimis
1462 601 1519 658 illic
1536 607 1618 658 notus

266 697 316 759 est,
335 688 396 743 ideo
415 688 475 756 ejus
493 687 614 744 fautores
633 687 706 744 facili
725 688 868 743 occasione
885 703 1019 744 remoram
1037 691 1210 761 interponere
1232 689 1393 760 potuissent.
1423 689 1533 745 Fortius
1551 703 1617 757 ergo

265 785 296 831 ut
313 790 411 843 urgeas
429 774 473 829 rel
492 775 638 830 editionem
656 775 699 831 sel
718 775 916 834 restitutionem
934 780 974 834 tui
1000 781 1093 850 scripti
1112 797 1180 850 opus
1199 785 1250 834 est.
1286 779 1334 834 Vir
1352 784 1394 832 est
1412 777 1549 846 cordatus,
1568 777 1617 832 sed

265 861 351 932 primo
364 867 514 931 conceptae
527 863 663 932 opinionis
675 864 754 919 nimis
768 871 861 934 tenax,
881 867 942 923 ideo
960 875 991 924 ut
1002 884 1032 924 ss
1045 868 1159 932 evolvat,
1178 867 1297 937 undique
1310 880 1485 935 quascunque
1497 865 1617 920 rationes

265 947 377 1019 colligit.
392 951 479 1004 -De
498 937 690 1019 chronologico
708 959 802 1008 nostro
822 954 913 1011 studio
931 962 960 1010 tu
976 971 1017 1010 me
1031 955 1152 1011 nonnihil
1168 955 1301 1022 erigis...
1323 957 1377 1022 (cfr.
1392 957 1617 1020 rol.1v,p.121).

368 1039 410 1092 De
429 1037 543 1094 maculis
566 1039 593 1094 in
613 1039 675 1093 Sole
698 1041 784 1108 magis
807 1042 945 1110 magisque
969 1044 1073 1098 turbor.
1109 1043 1228 1098 Multum
1250 1059 1293 1098 nac
1317 1049 1407 1096 moret
1423 1042 1503 1111 'quod
1522 1041 1618 1096 scribis

266 1127 300 1184 de
318 1125 450 1182 divisione
468 1127 549 1182 unius
568 1127 596 1181 in
612 1128 708 1196 plures
727 1137 756 1185 st
773 1130 919 1186 coalitioue
936 1131 1053 1201 plurium
1071 1109 1266 1188 inultam...
1296 1129 1338 1184 Dc
1356 1129 1451 1184 Lunae
1469 1128 1617 1196 inaequali·

264 1221 322 1271 tate
334 1230 405 1286 quae
417 1217 515 1274 scribis
527 1231 570 1271 me
583 1217 669 1286 magis
683 1215 843 1272 confirmant
855 1219 1014 1287 praesertim
1025 1218 1052 1273 in
1061 1218 1102 1288 iis,
1116 1233 1186 1287 quse
1197 1218 1225 1273 in
1236 1217 1463 1284 ,Dissertatione“
1477 1214 1616 1286 scripsi...

264 1304 327 1373 (cir.
345 1305 381 1362 11.
399 1305 473 1373 784).

369 1392 412 1448 Ad
431 1393 576 1448 editionem
597 1391 738 1462 Coperuici
761 1391 831 1446 rodit
849 1391 1011 1446 Maestlinus
1035 1392 1062 1446 in
1080 1391 1166 1446 literis
1185 1391 1211 1447 d.
1231 1391 1256 1447 d.
1275 1393 1371 1460 iim
1390 1392 1457 1460 Maji
1475 1392 1553 1458 1614,
1577 1407 1619 1446 re·

221 1510 225 1517 =
264 1479 403 1550 spondens
422 1480 457 1536 ad
476 1479 587 1550 Kepleri
606 1481 709 1544 literas,
728 1478 792 1534 item
810 1479 981 1549 deperditas,
1001 1481 1133 1550 quasilla
1152 1480 1264 1534 dederat
1283 1480 1367 1535 (1.24.
1387 1479 1499 1550 Aprilis.
1530 1480 1618 1547 „Quid

263 1566 451 1638 typographus
470 1567 630 1624 Basiliensis
646 1572 723 1642 agat,
749 1581 820 1621 anne
838 1567 865 1621 in
884 1566 1003 1622 editione
1023 1569 1165 1638 Copernici
1182 1573 1290 1638 pergat,
1309 1566 1409 1622 nescio,
1445 1566 1618 1635 Responsum

263 1653 298 1710 ad
315 1653 417 1723 literas,
437 1669 505 1722 quas
524 1655 558 1709 ad
577 1655 666 1724 ipsum
685 1654 746 1710 dedi
765 1671 835 1710 anno
855 1655 989 1724 superiori
1008 1663 1035 1710 et
1052 1655 1175 1726 proxime
1187 1653 1340 1723 praeteritis
1358 1652 1494 1714 nundinis,
1513 1652 1618 1707 nullum

217 1751 219 1758 ’
263 1743 366 1812 accepi.
401 1740 510 1798 Rhetici
528 1741 719 1799 Narrationem
738 1741 849 1796 editioni
869 1743 977 1798 omniuo
997 1741 1204 1812 adjungendam,
1223 1739 1345 1809 intelligo
1363 1741 1412 1795 tibi
1429 1755 1537 1809 quoque
1556 1757 1618 1795 con·

264 1823 368 1885 snitum
386 1829 485 1898 sideri,
509 1829 558 1884 sed
577 1829 765 1899 typographus
784 1830 991 1898 persuadendus
1010 1839 1065 1900 est,
1090 1848 1124 1886 ne
1142 1847 1200 1886 eam
1221 1845 1254 1884 ex
1273 1829 1362 1899 priore
1386 1828 1449 1884 olim
1470 1827 1620 1898 Copernico

264 1917 391 1973 Basileus
410 1933 512 1974 excuso
532 1911 624 1972 addita
643 1915 761 1972 editione
780 1915 914 1986 desumat,
933 1933 966 1973 ea
984 1920 1054 1974 euim
1068 1917 1147 1974 nimis
1159 1917 1258 1974 vitiosa
1275 1923 1317 1972 est
1334 1923 1362 1972 et
1380 1922 1498 1971 amente
1511 1916 1619 1972 Rhetici

262 2003 411 2075 plurimum
429 2001 516 2059 abest.
593 2024 595 2033 ·

369 2092 401 2146 Ι).
419 2089 578 2146 Roeslinum
598 2089 680 2146 audio
700 2091 798 2144 iterum
818 2091 883 2159 quid
902 2091 998 2146 moliri.
1035 2089 1094 2146 Viri
1112 2091 1177 2147 boni
1195 2092 1322 2148 voluutas
1340 2091 1487 2156 laudanda,
1507 2091 1555 2147 sed
1573 2091 1620 2146 ab·

262 2185 336 2235 errat
353 2195 370 2234 a
388 2181 485 2234 semita
509 2177 631 2234 veritatis
651 2183 679 2232 et
695 2193 776 2248 aegre
800 2178 943 2234 admodum
967 2179 1131 2234 sententiam
1153 2187 1251 2235 mutat.
1288 2179 1431 2236 Calvisium
1454 2181 1536 2235 miror
1554 2181 1620 2251 quid

262 2273 361 2330 tentet;
380 2265 510 2335 scriptum
529 2266 589 2334 ejus
608 2265 728 2320 nondum
751 2265 813 2320 vidi.
850 2267 929 2322 Anne
946 2265 974 2320 in
992 2273 1070 2320 tauta
1093 2266 1155 2320 luce
1180 2266 1295 2336 proditis
1317 2267 1412 2322 solidis
1437 2266 1621 2323 fundamentis

262 2354 351 2410 luceru
370 2369 424 2408 non
443 2353 525 2420 ridet,
544 2351 586 2407 rel
605 2368 676 2407 anne
694 2353 762 2422 ipse,
781 2354 827 2422 qui
845 2369 973 2422 magnum
992 2351 1150 2422 chronologi
1168 2369 1266 2410 nornen
1284 2361 1311 2410 ot
1329 2354 1437 2410 laudem
1456 2363 1620 2412 consecutus

262 2443 314 2499 sibi
332 2442 453 2508 videtur,
476 2441 534 2510 jam
552 2447 631 2510 turpe
651 2439 703 2496 sibi
720 2447 798 2510 putat
817 2441 852 2496 de
876 2441 1013 2496 erroribus
1032 2439 1191 2494 admoneri?
1222 2441 1375 2509 Epistolam
1391 2447 1465 2497 tuam
1483 2444 1511 2498 in
1530 2444 1619 2512 ipsum

263 2531 364 2587 editam
383 2545 453 2601 esse,
473 2545 507 2584 ex
526 2528 650 2598 catalogo
669 2529 851 2584 nundinarum
870 2528 964 2598 rideo;
984 2543 1042 2582 eam
1063 2526 1181 2583 nondam
1199 2529 1261 2594 ridi,
1280 2529 1373 2584 laboro
1391 2536 1482 2584 minen
1501 2539 1532 2586 ut
1544 2529 1621 2586 brevi

262 2633 298 2674 ex
324 2616 508 2686 Argentorato
534 2616 658 2671 habeam.
680 2645 707 2656 -
728 2615 825 2670 Nudus
847 2614 981 2670 Heruarti
1004 2614 1128 2684 proiecto
1155 2621 1213 2670 arte
1238 2631 1306 2683 opus
1328 2615 1413 2670 babet
1436 2623 1465 2670 ut
1489 2617 1620 2687 solvatur,

262 2711 329 2775 puto
348 2708 439 2760 tamen
458 2711 486 2759 st
504 2719 564 2774 ego,
585 2703 706 2758 sectione
724 2717 779 2756 uon
799 2717 867 2771 opus
888 2717 962 2768 asse,
990 2701 1055 2756 licet
1073 2705 1164 2770 capita
1182 2701 1326 2757 admodum
1346 2704 1399 2757 sint
1418 2703 1566 2759 recondita.
1586 2737 1620 2746 -

265 2793 382 2850 Galilaei
401 2793 543 2863 scriptum,
563 2791 636 2862 qnod
654 2791 746 2846 italico
765 2788 894 2846 idiomate
914 2790 1017 2845 editum
1036 2779 1131 2844 sc'ribis
1150 2793 1189 2852 (ds
1205 2791 1311 2842 maculis
1330 2793 1476 2859 solaribus),
1497 2799 1619 2861 optarem

262 2879 348 2934 latine
366 2880 449 2935 etiam
470 2878 618 2949 prodiisse,
641 2877 802 2948 praesertim
827 2877 850 2930 si
868 2877 896 2930 in
915 2891 962 2945 eo,
982 2883 1012 2930 ut
1032 2875 1108 2939 dicis,
1127 2888 1206 2930 omns
1225 2875 1318 2932 tulerit
1336 2885 1467 2945 punctum
1483 2919 1488 2931 .
1504 2920 1509 2932 .
1523 2918 1530 2933 .
1545 2918 1551 2931 .
1565 2880 1619 2946 (err.

262 2971 296 3022 11.
315 2969 385 3037 785).
421 2967 464 3022 De
486 2965 581 3036 eclipsi
604 2966 700 3021 Lunae
725 2981 776 3035 ego
800 2972 913 3033 propter
938 2963 1042 3019 coelum
1065 2963 1145 3017 nimis
1168 2963 1291 3019 nubilum
1308 2979 1421 3033 prorsus
1444 2964 1511 3020 nihil
1529 2967 1620 3022 sidere

262 3055 350 3125 potui.
387 3053 548 3109 Gratissima
564 3053 631 3107 mihi
649 3053 749 3106 luisset
766 3051 825 3120 ejus
845 3051 1007 3120 observatio,
1027 3050 1187 3120 praesertim
1201 3053 1273 3120 quod
1292 3051 1469 3122 pensandam
1487 3068 1520 3108 eu
1538 3071 1620 3122 quana

264 3158 337 3198 anno
359 3143 426 3198 1590
443 3141 528 3196 habui
545 3141 632 3209 repeti
650 3138 799 3209 potuisset,
824 3138 903 3193 Luna
920 3137 1046 3193 uidelicet
1065 3137 1206 3194 deficiente
1225 3147 1370 3209 utrumque
1388 3139 1519 3197 luminare
1536 3158 1621 3212 supra

264 3229 451 3287 horizontem.'
481 3229 637 3298 Optandnm
660 3234 715 3298 est,
742 3235 774 3282 ut
792 3226 866 3281 Deus
889 3225 1020 3296 largiatur
1044 3225 1142 3282 sudum
1166 3225 1272 3281 coelum
1295 3227 1338 3282 die
1357 3229 1382 3283 7.
1400 3227 1540 3299 Octobris,
1566 3247 1620 3300 qua

262 3318 343 3372 Luna
356 3317 445 3373 oriens
458 3317 640 3388 eclipsabitur.
666 3316 709 3372 Ea
722 3315 793 3370 euim
806 3313 913 3383 egregie
925 3313 963 3367 illi
976 3313 1003 3366 in
1017 3327 1088 3368 anuo
1103 3315 1178 3369 teau.
1197 3313 1355 3370 observatae
1367 3315 1532 3385 respondere
1544 3323 1620 3386 pote·

262 3405 307 3459 rit.
343 3404 453 3459 Etenim
472 3403 543 3459 sicut
561 3403 629 3458 haec
648 3403 676 3456 in
694 3417 765 3456 anno
785 3402 863 3457 1590.
886 3399 939 3455 luit
955 3399 1090 3454 matutina
1111 3400 1139 3453 in
1158 3399 1315 3471 occidente,
1340 3401 1378 3456 ita
1396 3401 1443 3456 illa
1461 3402 1489 3457 in
1507 3401 1620 3459 Octobri

263 3490 355 3546 lutura
372 3492 424 3546 erit
440 3491 596 3561 vespertina
611 3490 641 3545 in
660 3490 773 3546 oriemc.

369 3579 503 3634 Chronica
519 3584 567 3633 tua
584 3578 681 3633 scribis
699 3575 808 3646 quidem
826 3582 854 3629 te
872 3576 980 3630 mittere
998 3575 1064 3630 mihi
1081 3574 1213 3646 legenda,
1232 3576 1353 3632 sedalis
1372 3577 1505 3633 schedula
1523 3577 1619 3634 literis·

263 3683 317 3740 que
333 3667 452 3737 inclusa,
477 3672 505 3722 te
523 3674 613 3721 tecum
631 3666 791 3732 retinuisse,
818 3663 883 3732 quia
901 3664 935 3720 D.
955 3663 988 3718 D.
1008 3663 1148 3733 Lungjahr
1173 3664 1206 3720 de
1232 3667 1291 3734 ejus
1317 3681 1399 3722 onere
1423 3671 1538 3735 questus
1557 3666 1618 3727 luit.

261 3757 326 3814 Nou
344 3764 438 3812 autem
457 3754 553 3811 dubito
573 3755 637 3823 quin
657 3753 815 3809 doctissime
833 3751 889 3805 sint
907 3751 1037 3806 chronica
1055 3751 1103 3806 ills
1122 3753 1284 3822 conscripta.
1306 3783 1337 3794 -

365 3845 501 3900 Marcus
519 3843 693 3899 Welserus
711 3841 795 3896 reiert
813 3838 896 3910 (Julio
916 3841 1026 3908 mense),
1056 3837 1207 3894 Galilaeum
1226 3839 1261 3894 ad
1279 3839 1392 3911 Kepleri
1409 3841 1572 3898 sententiam
1586 3845 1619 3899 de

263 3932 378 4012 maculis
397 3931 533 3988 solaribus
551 3929 633 4000 longe
651 3929 765 4000 propius
783 3943 865 3997 quam
884 3927 919 3983 ad
937 3926 1061 3995 Apellam
1079 3927 1208 3982 accedere
1231 3928 1315 3983 rideri
1335 3931 1389 3998 (cfr.
1408 3935 1441 3986 11.
1460 3934 1530 4000 776).
1568 3931 1618 3987 llis

262 4020 353 4076 addit:
374 4018 493 4086 hiemini,
512 4024 541 4074 te
559 4016 706 4086 aliquando
723 4013 789 4070 mihi
806 4014 833 4069 in
853 4015 1012 4084 quaestione
1030 4031 1148 4084 ponere,
1166 4033 1200 4071 au
1218 4011 1388 4089 Porphyrius
1405 4019 1464 4088 ipse
1484 4037 1618 4076 commen-

261 4109 361 4164 tarium
380 4107 505 4162 suumin
524 4105 673 4162 Ptolemaei
691 4103 855 4162 Harmonice
872 4103 1059 4172 imperfectum
1077 4103 1239 4173 reliquerit?
1270 4106 1313 4162 Ad
1332 4107 1405 4176 quod
1424 4108 1488 4177 quid
1507 4125 1617 4180 respon·

261 4195 353 4251 desem
365 4211 453 4264 neque
465 4205 532 4251 tuac
543 4193 627 4250 habui
638 4208 729 4261 nequa
738 4208 812 4247 nunc
823 4191 922 4250 habeo.
942 4193 1046 4246 'Moneo
1059 4199 1163 4260 maren,
1182 4195 1209 4248 in
1222 4201 1331 4251 nostrae
1344 4197 1508 4264 reipublicae
1520 4198 1617 4255 biblio·

261 4279 343 4340 theca
359 4283 573 4352 manuscriptum
591 4281 684 4336 haberi
702 4281 852 4336 Ptolemaei
872 4281 1097 4336 Harmonicorum
1115 4279 1199 4336 libros
1217 4289 1274 4338 tros
1293 4300 1353 4338 cum
1373 4284 1518 4354 Porphyrii
1537 4301 1617 4342 euar-

261 4369 370 4426 rstione
387 4369 468 4440 primi
487 4376 515 4424 et
534 4369 646 4424 secundi
666 4369 785 4437 capitum
804 4358 917 4423 secundi
933 4367 1005 4438 libri,
1023 4366 1096 4424 nude
1114 4365 1195 4423 facile
1213 4369 1333 4439 colliges,
1351 4387 1422 4426 anne
1440 4372 1564 4430 deiectus
1577 4375 1617 4430 tui

263 4455 365 4513 codicis
385 4458 476 4526 aliqua
495 4471 530 4512 ex
549 4462 628 4526 parte
641 4456 732 4526 juvari
750 4455 847 4524 possit.
882 4456 990 4512 Adsunt
1010 4471 1118 4526 quoque
1136 4456 1264 4514 Aristidis
1284 4458 1440 4526 Quintiliani
1459 4459 1493 4514 de
1510 4461 1627 4517 Musica-

261 4541 323 4598 lihri
340 4551 406 4613 tres,
426 4561 496 4614 quos
514 4545 631 4600 fortasse
649 4561 704 4599 non
721 4549 833 4612 praeter
850 4557 907 4597 rem
926 4544 961 4598 sit
979 4543 1136 4600 Ptolemaeo
1155 4552 1184 4598 et
1201 4545 1352 4614 Porphyrio
1378 4547 1504 4618 adjicere.
1536 4553 1617 4618 (Quae

263 4633 294 4682 da
312 4635 352 4683 his
370 4637 421 4697 egit
439 4633 564 4701 ileplerus
583 4649 640 4685 cum
659 4633 789 4686 Herwarto
809 4636 883 4683 anuis
902 4637 970 4686 1599
989 4649 1033 4700 sa,
1052 4635 1170 4698 leguntur
1188 4635 1238 4690 vol.
1257 4639 1290 4691 V.
1308 4652 1334 4702 p.
1355 4641 1389 4689 30
1407 4639 1452 4704 ss.)

367 4719 411 4772 Ex
430 4720 547 4788 epistola
566 4719 716 4774 Simonis
734 4717 848 4786 Marii,
877 4734 931 4786 qua
950 4720 975 4774 d.
995 4719 1038 4775 26.
1055 4721 1173 4792 Augusti
1190 4721 1332 4791 respondit
1349 4721 1384 4777 sd
1401 4722 1476 4777 illam
1494 4722 1615 4794 Kepleri,

263 4817 345 4880 quam
362 4804 417 4861 rol.
428 4805 463 4861 11.
480 4823 507 4888 p.
520 4807 572 4863 l'ib
590 4805 791 4888 proposuimus,
809 4803 878 4872 haec
895 4805 944 4862 illa
966 4806 1125 4879 supplentes
1144 4807 1323 4886 desumsimus
1327 4848 1417 4870 .....
1453 4807 1563 4868 Literae
1581 4810 1616 4868 ad
