3588 5540
283 385 348 460 878
794 385 859 446 Vite
876 387 991 444 Jocuois
1009 385 1130 458 Kopleri.

389 569 515 630 Hiermit
537 569 571 629 Ε.
595 575 651 632 stc.
674 585 711 629 uu
735 568 801 630 dem
821 553 1113 630 'vndhsrrrindiichen
1129 565 1238 628 Schuts
1261 564 1542 644 desoeiimechtigcn
1556 566 1634 628 Her·

286 677 352 720 ress
375 658 426 717 der
448 657 649 730 heerschsren,
674 657 733 716 and
756 657 915 719 deoscihea
938 658 1048 718 ochsns
1071 655 1149 716 mich
1171 671 1226 716 eus
1248 655 1346 715 hohen
1369 653 1503 717 Gdnsten
1528 656 1635 716 ander-

283 745 427 808 dsostiich
450 743 664 807 einheiehiend.

387 833 498 893 Datum
520 831 593 894 Line
616 832 673 894 deu
696 838 749 894 3⁰.
774 831 884 910 Aprihs
909 839 1002 894 totu.

1012 920 1045 980 E.
1068 919 1105 979 V.
1127 919 1176 980 W.
1200 917 1259 978 md
1283 916 1417 977 Giinsten
1441 918 1634 980 voderdcnst·

1012 1007 1071 1067 ltch
1086 1005 1265 1085 gedissener,
1282 1005 1422 1067 aetisndt
1437 1006 1538 1066 hetder
1548 1007 1632 1068 Rom.

1010 1095 1104 1173 Keys.
1129 1095 1196 1158 Mtt.
1219 1093 1369 1170 Rudoiphi
1398 1093 1457 1153 and
1480 1093 1634 1170 Metthisc,

1012 1183 1071 1242 sod
1083 1183 1165 1260 jetro
1181 1181 1257 1242 noch
1273 1181 1343 1242 dero
1358 1180 1506 1242 iiihiichen
1523 1183 1635 1243 Lendt·

1009 1271 1114 1330 schadt
1145 1273 1173 1328 iu
1205 1267 1388 1329 Oestcrreich
1418 1271 1457 1330 oh
1483 1269 1534 1331 der
1557 1271 1635 1330 Enna

1215 1355 1446 1417 Mathematihos

1201 1445 1307 1505 Jonas
1329 1444 1453 1520 chicr.

391 1533 520 1596 Eandem
549 1532 706 1611 epistolem
734 1535 917 1592 inseruemut
944 1532 1016 1590 socii
1051 1531 1181 1591 historici
1211 1532 1397 1592 Palatinatus
1425 1535 1582 1610 superioris
1606 1541 1634 1593 ct

287 1624 470 1686 Ratishonsc
493 1620 605 1693 iiheiio,
628 1637 716 1696 quem
739 1635 816 1678 anno
835 1621 916 1680 1868
942 1617 979 1678 de
994 1617 1125 1695 Koplero
1140 1619 1303 1693 ediderunt,
1326 1621 1411 1696 quasi
1435 1619 1472 1680 ad
1495 1619 1635 1681 Senatum

288 1711 536 1772 Ratisboncnscm
558 1707 673 1782 datum,
697 1709 855 1768 omiserunt
877 1716 976 1767 satem
999 1717 1163 1782 auctorem,
1187 1711 1234 1766 cui
1258 1707 1398 1767 deberent
1420 1707 1501 1767 iliam
1525 1713 1636 1787 episto·

287 1797 355 1874 lem,
379 1815 467 1875 qaam
492 1797 531 1855 ob
552 1813 612 1855 rem
628 1797 785 1871 nescimus,
809 1813 878 1855 num
902 1811 971 1856 vera
995 1799 1034 1853 sit
1056 1796 1206 1872 inscriptio
1229 1796 1267 1855 ad
1283 1795 1513 1855 Ratiehonenses
1536 1815 1636 1857 necne.

391 1883 473 1949 titt.
497 1883 657 1944 Resoiatio
679 1885 758 1944 anni.
803 1883 881 1942 Nate
903 1882 973 1942 mihi
997 1890 1042 1942 est
1069 1881 1128 1942 filie
1153 1882 1281 1944 Cordule
1303 1889 1353 1942 22.
1376 1881 1512 1944 ianuam
1535 1884 1636 1944 Ratis-

286 1973 392 2034 tonas.
439 1972 594 2048 Baptisste
616 1969 796 2031 Ratishonee
819 1970 1019 2043 ahiinderiin,
1043 1973 1250 2030 concionatore
1272 1970 1463 2048 reipublicae.
1499 1971 1636 2032 Patrimi:

282 2060 321 2120 D.
346 2061 383 2120 D.
407 2059 527 2120 dohann
551 2057 764 2130 Oberndordor,
789 2060 859 2135 reip.
883 2066 914 2118 ct
935 2059 1074 2135 principis
1105 2058 1250 2134 medicus,
1281 2059 1318 2118 D.
1342 2057 1471 2118 Cordule
1494 2058 1636 2119 Gureidirr

281 2149 349 2225 gab.
372 2145 550 2208 Rsndolshn.
595 2146 743 2206 Dercenni
765 2145 960 2205 Retisbonam
983 2163 1009 2206 c.
1033 2145 1061 2206 d.
1087 2153 1137 2209 20.
1159 2145 1310 2219 Jcnuerii,
1335 2152 1364 2206 et
1385 2161 1486 2207 rursus
1507 2150 1536 2205 in
1561 2147 1637 2208 Sue*

283 2237 362 2294 aiem
395 2237 479 2294 initio
513 2233 596 2309 Meji.
643 2233 751 2293 Totum
785 2249 893 2292 annum
925 2237 955 2291 in
988 2249 1078 2292 causo
1111 2235 1211 2294 matris
1243 2236 1366 2292 insumsi
1401 2236 1430 2291 in
1460 2229 1637 2317 imperio.*)

284 2322 468 2382 Frencoiuni
498 2320 576 2381 edidi
607 2321 757 2398 Epitomes
791 2321 881 2380 libros
905 2321 941 2396 V,
957 2321 1019 2392 ‘Vh
1043 2319 1115 2394 Vll,
1147 2330 1176 2381 et
1200 2321 1375 2399 Mystcriam
1402 2337 1467 2381 cam
1498 2325 1577 2382 notis
1607 2330 1638 2382 st

285 2409 463 2488 Apologiem
487 2409 676 2469 Harmonice.
707 2409 866 2469 Novembri
889 2425 1026 2469 reversus
1040 2407 1184 2484 hionium,
1209 2410 1365 2470 Decembri
1387 2409 1549 2472 accesere
1565 2411 1637 2471 Fer-

184 2511 190 2532 ¹
284 2497 411 2559 dicando
435 2513 500 2556 sum
524 2496 664 2557 odscitus.

386 2587 430 2644 Ad
456 2589 661 2658 Bemeggerum
689 2585 839 2644 itatishono
865 2587 891 2642 d.
922 2589 963 2644 th.
987 2587 1069 2646 Febr.
1098 2587 1168 2643 hsec
1195 2587 1242 2643 dat
1268 2585 1419 2658 Keplems:
1443 2584 1636 2646 maimonem

200 2749 206 2756 ·
284 2689 421 2734 resersus
443 2671 481 2731 ed
504 2672 655 2746 familiam,
681 2687 757 2747 quae
780 2689 827 2731 me
849 2671 904 2730 suit
925 2687 961 2732 eo
984 2687 1077 2749 usqrre
1099 2681 1210 2746 secute,
1235 2680 1302 2733 tuas
1318 2675 1417 2732 inveni
1433 2673 1543 2734 literas.
1581 2671 1637 2732 Per

284 2759 458 2837 tequidem
488 2761 615 2837 henigne
645 2776 755 2838 perque
787 2760 952 2818 humaniter
982 2777 1028 2819 mo
1057 2760 1204 2820 invitabas
1228 2763 1257 2819 in
1279 2762 1440 2837 gratuitum
1466 2761 1635 2838 hospitium,

283 2856 315 2910 at
337 2849 454 2908 tortosa
476 2847 543 2925 pias
566 2865 654 2924 quam
678 2845 803 2908 crudelis
826 2847 960 2906 inducias
983 2863 1041 2907 aon
1066 2850 1218 2907 concessit.

390 2946 539 3001 Consilium
557 2953 654 3016 petens
673 2946 852 3017 uerseggem
876 2961 941 3000 num
959 2946 987 3000 in
1006 2946 1131 3014 hogiiam
1150 2953 1287 3016 transeat,
1305 2947 1433 3003 hortante
1451 2947 1541 3018 hogio
1560 2947 1637 3003 Wot·

284 3043 363 3104 tono,
386 3035 455 3090 haec
477 3034 511 3090 dc
530 3034 632 3089 familia
657 3051 707 3090 sne
729 3033 883 3104 subjungit:
908 3031 1028 3091 Praeter
1051 3031 1141 3090 fliium
1166 3031 1364 3105 Ludovicum,
1391 3033 1454 3110 jam
1481 3039 1518 3092 13
1544 3049 1636 3090 annos

283 3127 392 3192 netum,
416 3117 478 3176 fllia
500 3119 569 3177 mihi
594 3121 701 3179 nuhilis
725 3129 785 3193 est,
810 3121 887 3180 filius
911 3137 946 3180 ex
970 3119 1062 3180 altero
1086 3121 1224 3196 conjugio
1248 3120 1392 3192 bimulus,
1416 3119 1516 3197 puelia
1539 3120 1635 3179 iniens

284 3214 376 3266 matre
398 3223 552 3282 puerpera.
596 3207 816 3269 Heercditotem
846 3215 1006 3268 maternam
1037 3206 1194 3266 liberorum
1220 3208 1422 3284 reliquamque
1445 3225 1540 3266 meam
1563 3209 1636 3266 suh·

285 3295 422 3354 stantiam
446 3297 644 3369 pecuniariam
677 3303 776 3355 tenent
806 3303 900 3355 status
925 3295 1086 3368 Austrieci,
1117 3311 1240 3371 qnorum
1273 3295 1396 3355 concilio
1426 3295 1637 3354 ordinariorum

283 3381 443 3453 dissoluto,
468 3382 546 3458 quod
570 3385 618 3458 agi
641 3381 743 3460 video,
774 3391 864 3443 restet
893 3389 924 3441 ut
947 3386 1139 3441 communitos
1168 3382 1253 3442 honis
1279 3383 1373 3443 cedet.
1419 3381 1522 3442 Vetuit
1545 3397 1637 3458 nuper

284 3468 420 3528 Bararus
443 3469 491 3528 vsi
514 3469 632 3529 choium
656 3473 770 3547 erogari
794 3473 957 3546 cuicunque
980 3467 1144 3529 debitorum
1167 3477 1196 3531 et
1219 3471 1366 3546 stipendia
1387 3472 1568 3530 merentium.
1602 3466 1637 3529 Id

286 3555 402 3633 quidem
433 3555 551 3616 moliias
574 3575 590 3617 e
613 3575 643 3617 rc
666 3561 811 3634 praesenti
835 3561 1021 3634 interpretor,
1054 3559 1123 3634 qaia
1145 3557 1280 3618 moiliora
1304 3559 1365 3618 iata
1388 3567 1475 3635 opto,
1507 3559 1638 3634 suspicor

285 3653 381 3704 temen
413 3644 545 3718 interim,
578 3647 648 3721 quia
671 3655 769 3706 metuo
800 3655 972 3724 perpetuum
996 3661 1036 3706 sc.
1061 3645 1129 3704 iore.
1177 3645 1260 3704 Haec
1284 3663 1324 3706 sc.
1356 3646 1414 3705 elie
1439 3652 1482 3704 ast
1505 3647 1636 3718 materis,

287 3749 374 3809 qnam
398 3731 525 3791 scrihere
548 3732 583 3792 de
607 3741 677 3810 typo
700 3736 836 3810 imaginis
859 3749 950 3793 aeneo
975 3739 1004 3792 et
1026 3732 1181 3793 similibus.
1229 3731 1287 3792 Sed
1311 3741 1407 3793 temen
1431 3736 1505 3792 scire
1521 3732 1636 3802 vetlem,

284 3837 322 3880 en
345 3818 436 3880 iihetli
452 3819 588 3897 Prosperi
610 3821 745 3896 mentor,
769 3821 861 3880 attera
884 3824 960 3881 enim
984 3820 1086 3880 charta
1100 3819 1276 3894 Plenoriitii
1299 3820 1430 3881 Senecae
1451 3821 1572 3879 minoris
1595 3827 1638 3879 cst

284 3910 434 3968 momenti.
1247 3914 1251 3922 ’

390 3994 603 4072 Gringelietus,
627 3997 656 4054 ni
679 3995 773 4069 scitor,
796 3995 928 4055 iihciiunr
951 3995 1004 4054 tibi
1024 3998 1191 4068 (Epitomcn)
1215 3992 1368 4076 despoton
1395 3993 1475 4056 dedit
1497 3993 1638 4072 physicae

285 4083 428 4146 coelestis.
474 4081 610 4162 Tubinge
633 4086 723 4160 igitur
746 4095 763 4144 o
785 4084 948 4161 professore
963 4081 1102 4142 Hebraeo
1125 4090 1176 4142 aut
1195 4081 1258 4159 jam
1273 4085 1420 4143 submisse
1434 4091 1479 4143 est
1501 4093 1554 4142 aut
1568 4099 1638 4160 pro·

389 4254 415 4326 Ἴ
433 4259 462 4306 ln
481 4255 573 4306 librum
592 4259 726 4308 memorise
744 4271 840 4306 sscmm
858 4258 922 4308 heco
939 4257 1042 4321 scripsit
1059 4253 1198 4320 Koplsmsr

527 4407 529 4410 ¹
584 4340 608 4396 O
625 4357 707 4397 maras
724 4342 873 4408 hominum,
893 4357 909 4396 o
927 4345 1060 4411 quomens
1078 4346 1118 4394 cst
1135 4341 1166 4394 irs
1182 4341 1265 4395 retas
1282 4341 1381 4396 iasone!

580 4411 717 4468 Dosaiaos
733 4413 878 4481 resipiscat,
897 4413 963 4468 dam
979 4411 1115 4480 repetisset
1132 4411 1260 4466 macine

390 4502 517 4567 Stephano
537 4502 638 4562 hensio,
655 4501 853 4552 Anisa-Austris
872 4502 963 4565 scripsi
980 4501 1090 4550 Josnnss
1108 4501 1241 4564 Euphane,
1261 4500 1375 4550 osdiuum
1390 4500 1506 4550 dustriss
1517 4501 1638 4566 Suprem-

286 4587 362 4624 ssnss
381 4572 590 4633 Mathematicus,
616 4573 734 4637 publicas
758 4570 909 4622 osismitatis
931 4573 1026 4620 iutuitu
1049 4573 1175 4636 priustum
1200 4585 1336 4620 moerorem
1353 4568 1475 4622 tolrrsus.
1510 4572 1639 4633 dubium

171 4707 175 4712 Ι
286 4649 364 4706 postr.
383 4641 438 4696 Cel.
457 4642 513 4693 an.
535 4645 610 4693 1621.
697 4655 707 4666 “

391 4711 486 4762 Eodem
505 4713 546 4761 dis
563 4713 597 4761 sd
615 4714 691 4761 alium
710 4713 832 4762 suricum:

583 4795 673 4852 Haud
690 4799 774 4852 sentit
792 4795 864 4862 tene,
882 4796 931 4866 pari
948 4795 1059 4852 disserit
1076 4795 1155 4851 houd
1172 4763 1245 4853 oeae.

582 4867 606 4926 0
623 4883 705 4924 caros
722 4866 881 4925 hominum!
910 4865 1056 4936 Oproeiio
1073 4867 1191 4924 inaniat
