3612 5538
530 496 535 506 Ι
608 419 652 478 De
668 419 810 479 amidset
825 419 981 481 fautoribus
998 373 1122 494 liapleri.
1478 418 1543 491 eui

192 597 344 676 logisolsen
367 597 496 662 Stdckau
528 617 560 660 es
590 599 672 662 nicht
702 601 760 679 bey
788 599 865 662 alian
888 599 995 678 dcbtig
1016 599 1142 677 rogate,
1168 585 1298 661 ¹soodcro
1327 599 1438 662 nubens
1466 599 1544 662 auch

194 685 355 758 Geistllche
370 686 513 767 Hurerey,
536 687 590 748 das
603 691 650 770 »ist
664 689 848 767 Abglitterey
870 689 1024 766 tagmgsu
1040 687 1149 760 werde,
1172 687 1296 749 dardber
1312 686 1385 748 Gott
1406 687 1545 765 greatliclr

191 777 280 836 stirne
295 774 355 835 ond
370 776 450 835 nicht
465 775 560 836 haben
575 775 672 850 wille,
694 776 764 836 dass
774 777 908 837 Cirristcn
924 775 1082 836 Menseheo
1099 774 1204 835 darmit
1217 777 1391 852 vmtgeheo.
1414 774 1545 836 Sonder·
1637 821 1638 824 ,

190 860 250 920 licis
266 878 351 922 naon
366 864 410 922 sit
426 863 473 923 dia
488 863 662 923 Praktieken
679 881 713 924 so
726 863 795 924 sehr
809 863 1043 936 missbrauchcn,
1068 861 1136 923 dass
1151 866 1193 923 sic
1216 863 1303 923 ihnen
1318 863 1400 923 mehr
1414 863 1544 940 glauben

192 948 238 1008 sla
260 947 367 1010 (lottcs
389 951 483 1026 Wort,
508 951 564 1011 den
587 950 749 1012 Ostendam
774 952 832 1010 ond
854 951 1030 1012 Prakticken
1053 949 1213 1022 rulaotlen,
1245 968 1306 1011 aas
1330 951 1471 1028 vngaiehr
1491 969 1546 1028 gc·

191 1034 296 1097 truffen
319 1036 413 1111 wirdt,
436 1039 482 1098 lilr
503 1041 551 1099 ein
567 1038 700 1100 Stoicum
721 1039 814 1099 iatum
829 1039 937 1113 holten
962 1037 1010 1100 die
1034 1038 1136 1114 Lllgen
1158 1040 1187 1096 in
1202 1037 1307 1098 Windt
1320 1038 1461 1116 schlagen
1484 1038 1543 1098 ond

193 1141 360 1201 vergessen.
405 1126 474 1186 Vnd
503 1144 584 1186 mosa
613 1127 661 1187 ich
688 1144 757 1186 aoss
787 1144 913 1204 eygener
935 1125 1102 1201 liriahmog
1129 1125 1296 1200 bekennen,
1328 1126 1397 1186 dass
1424 1143 1492 1187 mco
1516 1129 1544 1185 iu

192 1215 309 1288 gemein
339 1213 395 1292 bey
423 1213 500 1274 boch
524 1215 582 1274 ond
613 1214 763 1288 niedriprn
785 1214 907 1274 Staodts
929 1213 1078 1274 Personcn
1109 1211 1201 1272 voller
1230 1214 1455 1290 Aberglsuberr,
1488 1213 1547 1283 ond

195 1299 243 1360 iclr
265 1302 310 1362 nit
332 1303 432 1374 uisse,
464 1303 503 1362 cb
527 1301 574 1361 dia
597 1300 889 1362 Celendersclneiber
915 1293 1077 1362 niirrisclrsr
1103 1299 1174 1360 oder
1203 1299 1250 1361 die
1278 1303 1425 1378 begierige
1447 1301 1547 1362 Lases.

194 1387 283 1447 Dauo
306 1387 355 1449 hie
376 1388 437 1448 will
462 1390 530 1449 lrein
551 1389 729 1450 hannction
753 1388 869 1463 helffen,
894 1405 978 1449 uano
1003 1388 1053 1448 der
1076 1387 1367 1450 Calendarselsreiber
1387 1389 1450 1450 slelr
1473 1390 1547 1450 antis

195 1475 279 1536 beate
303 1476 475 1552 vomuisset,
498 1494 532 1538 eo
555 1477 678 1538 masten
701 1479 744 1538 sia
767 1476 843 1537 doch
865 1479 947 1538 aeine
963 1476 1048 1558 Wcrt
1063 1494 1100 1535 ru
1116 1475 1244 1538 amanlis
1260 1475 1320 1536 rod
1333 1476 1383 1536 ilsu
1398 1495 1435 1538 ao
1451 1479 1546 1540 einero

192 1563 315 1640 Abgutt.
330 1597 374 1610 -
995 1551 1004 1572 “
1061 1575 1065 1594 l

296 1650 353 1712 llla
374 1654 404 1710 in
428 1669 488 1728 qua
510 1659 580 1712 tuoe
603 1650 752 1712 hominum
776 1653 895 1728 ingania
918 1651 1111 1712 venabantur
1133 1652 1284 1728 quaestio,
1316 1667 1392 1728 quae
1414 1654 1452 1712 sit
1476 1669 1546 1716 vera

193 1735 230 1796 de
252 1739 362 1798 mundo
384 1743 459 1799 ratio
490 1746 520 1800 et
548 1739 694 1814 doctrina,
724 1739 866 1816 Keplero,
899 1741 948 1816 qui
972 1741 1077 1805 statim
1094 1739 1177 1798 initio
1200 1755 1257 1800 suo
1273 1739 1386 1815 judicio
1409 1749 1546 1816 uteretur,
1642 1807 1647 1830 Ι
1738 1729 1746 1740 ’

192 1828 311 1900 gratim
325 1835 355 1886 et
369 1829 517 1904 antiquior
530 1829 597 1886 visa
612 1835 672 1901 est,
696 1844 784 1903 quam
800 1834 833 1886 ut
847 1829 876 1893 in
886 1845 927 1888 ‘ca
950 1826 1103 1904 disputans
1118 1835 1171 1887 aot
1189 1827 1318 1902 jocando
1335 1835 1386 1888 aut
1400 1827 1545 1890 irridendo

191 1911 290 1972 locum
312 1911 448 1974 dedisset.
488 1913 585 1991 Quum
608 1916 685 1975 enirn
708 1915 869 1986 Fabricius,
891 1913 1041 1988 litislinue,
1064 1913 1198 1974 Feseliua
1225 1914 1344 1990 aliique,
1367 1917 1418 1992 qui
1439 1919 1548 1978 veteris

194 1998 344 2062 doetrinae
366 2009 528 2062 sectatores
551 2009 649 2062 essent
676 2010 706 2062 et
728 2004 842 2062 ratione
865 2003 1066 2080 Cepernieaua
1088 2003 1206 2062 minime
1230 2000 1456 2078 delectarentur,
1480 2004 1549 2064 hnic

193 2105 291 2148 novae
313 2092 477 2150 sentcntiae
499 2089 746 2162 contradicerent,
770 2089 916 2176 Keplerus
938 2092 1054 2149 nonnisi
1076 2091 1205 2164 graviter
1231 2090 1380 2166 respondit
1407 2099 1437 2151 et
1458 2107 1549 2168 argn-
1647 2131 1652 2154 .

193 2178 300 2236 mentia
323 2176 535 2238 demonstravit
555 2177 628 2236 nihil
651 2177 733 2237 dubii
761 2178 1001 2254 relinquentibus.
1046 2176 1122 2237 Nam
1150 2179 1293 2238 radonem
1317 2177 1549 2256 Ooparoicanam

196 2279 266 2340 ,eor
289 2272 319 2324 at
340 2267 469 2325 animam
491 2267 606 2325 meam⁴⁴
631 2267 727 2341 inquit
748 2281 780 2324 se
802 2281 925 2341 semper,
949 2265 1087 2325 omnibus
1109 2264 1183 2325 locis
1204 2273 1234 2326 et
1250 2264 1345 2326 modis
1360 2273 1461 2326 contra
1484 2283 1548 2328 om-

193 2365 247 2411 nes
270 2350 456 2412 detenturum
479 2371 545 2413 esse
567 2359 598 2412 ei
619 2369 681 2425 eos,
705 2354 755 2429 qui
779 2352 973 2429 (iopernieum
996 2351 1233 2429 aggrederentur,
1257 2369 1289 2414 se
1313 2352 1468 2414 habitores
1483 2371 1548 2415 esse

194 2438 396 2500 aduersarium
425 2457 574 2517 nunquam
602 2439 832 2516 detacgandum.
882 2439 1049 2502 Modestius
1076 2446 1174 2500 antem
1206 2439 1352 2518 Keplerus
1381 2441 1483 2501 scribit
1510 2441 1548 2501 ad

194 2523 457 2602 ltcastlioum,
481 2530 531 2605 qui
554 2529 653 2588 animo
676 2526 794 2605 quidem
818 2526 856 2587 ad
878 2530 1021 2588 rationem
1045 2527 1276 2604 Ceperoicanam
1290 2527 1472 2604 inclinaret,
1494 2529 1549 2590 sed

195 2631 262 2675 uum
291 2617 366 2674 inter
395 2614 551 2692 theologos
580 2615 784 2692 Tobingeoses
814 2623 893 2676 sture
916 2615 1036 2676 'l’erram
1065 2622 1225 2688 constaret,
1256 2631 1314 2674 nou
1344 2615 1429 2677 aliter
1458 2634 1547 2693 quam

195 2701 334 2763 historica
355 2705 385 2761 to
406 2703 517 2766 scholis
539 2700 700 2763 doctrinam
732 2705 816 2779 quasi
838 2702 906 2778 lege
927 2704 1051 2763 verinus
1079 2691 1204 2763 tractare
1232 2703 1354 2764 auderet
1376 2711 1406 2763 ct
1428 2704 1457 2762 ln
1471 2703 1547 2764 libro

194 2805 250 2848 suo
274 2789 310 2850 de
332 2793 511 2851 astronomia
534 2785 696 2874 (Epitome)
717 2792 808 2852 variis
831 2789 1010 2850 editionibus
1033 2791 1142 2849 emisso
1161 2789 1321 2850 docuinam
1336 2789 1546 2852 Ptolemeicam

195 2875 300 2939 docere
331 2895 389 2940 noo
413 2878 567 2938 desineret.
612 2878 758 2955 Keplerus
780 2877 899 2954 quidem
929 2893 1078 2953 nunquam
1108 2885 1232 2938 conatus
1254 2887 1315 2952 est,
1347 2880 1455 2952 uirum,
1487 2896 1547 2954 que

195 2973 284 3025 antea
305 2969 446 3043 magistro
469 2983 540 3026 usus
561 2965 666 3040 luerat,
690 2965 794 3026 sicud
817 2982 900 3026 suam
923 2967 1098 3026 senteutiam
1121 2964 1279 3039 deducere,
1303 2973 1337 3025 ut
1359 2983 1425 3026 cunr
1448 2967 1547 3042 palam

193 3069 296 3114 secum
319 3071 439 3114 causam
454 3054 684 3131 Cepernicsnam
699 3053 854 3115 defendere
883 3052 983 3126 vallat,
1006 3052 1058 3114 sed
1081 3055 1111 3112 in
1133 3053 1191 3113 hoc
1212 3047 1369 3130 acquievit,
1386 3061 1419 3112 ut
1433 3053 1549 3114 Maest-

195 3140 274 3201 linus
297 3141 417 3219 Keplerl
442 3141 672 3224 „prodromum
697 3141 878 3220 praelatione
894 3143 1116 3219 comprobatum
1138 3133 1334 3201 indoctorum
1350 3143 1547 3218 cognitionem

196 3227 357 3304 induceret,
381 3233 451 3306 quin
474 3233 562 3290 etiam
578 3230 712 3290 Rhaetici
736 3230 773 3291 de
794 3229 900 3290 stadiis
923 3237 953 3290 et
975 3229 1114 3306 operibus
1129 3229 1280 3306 Oopcruici
1304 3228 1475 3290 relationem
1490 3229 1546 3294 ad·

197 3315 287 3390 deret,
311 3317 363 3378 sed
386 3317 513 3394 amplius
535 3319 599 3394 ipse
621 3317 695 3376 nilril
716 3317 835 3380 iaceret.
880 3315 960 3378 Satis
982 3319 1059 3377 enim
1082 3315 1139 3376 hoc
1161 3333 1226 3377 esse
1247 3316 1347 3390 duxit,
1376 3326 1410 3376 nt
1431 3316 1546 3377 Maest-

196 3401 289 3477 liaus,
320 3405 404 3481 cujus
431 3402 510 3482 apud
534 3403 718 3466 Lutlreranos
746 3408 777 3464 in
806 3405 895 3466 rebus
917 3407 1120 3466 mtrcnomlcis
1146 3421 1261 3464 somme
1290 3406 1451 3466 auctoritas
1473 3414 1544 3478 erat,

196 3492 254 3551 sliri
276 3507 335 3551 nou
360 3493 523 3565 obsisteret,
547 3495 597 3568 qni
620 3494 761 3552 rationein
785 3491 1014 3569 Ocpernicanaru
1035 3493 1209 3552 astronomia
1223 3492 1406 3569 probabilem
1427 3491 1548 3554 reddere

196 3585 228 3639 et
249 3581 379 3638 omnium
402 3578 553 3640 doctorum
570 3581 684 3640 animos
699 3579 737 3639 ad
752 3595 817 3639 seur
833 3589 1002 3642 conuertere
1023 3578 1164 3644 studeret.
1188 3579 1420 3659 ,Pythagoreos
1442 3582 1547 3658 inquit,

196 3667 351 3726 imitemur.
396 3667 538 3728 Privatim
568 3683 624 3728 nos
652 3669 702 3744 qui
730 3667 806 3740 adit,
835 3669 1081 3730 communicemus
1109 3666 1151 3726 illi
1174 3667 1299 3728 candide
1326 3676 1455 3728 nostram
1478 3685 1547 3730 seo·

197 3756 330 3827 tantiam,
352 3754 470 3831 publice
494 3761 645 3816 necamus
646 3799 750 3818 .....
795 3754 892 3814 Nolim
916 3763 944 3815 tc
966 3755 1015 3816 uel
1038 3759 1068 3814 in
1090 3773 1187 3816 meam
1217 3755 1266 3816 vel
1288 3757 1318 3814 in
1342 3757 1435 3834 ipsios
1457 3758 1545 3816 atiani

196 3843 331 3902 raritatis
358 3845 484 3918 gretiam
513 3844 645 3904 inimicos
672 3844 726 3902 tibi
755 3841 910 3902 conciliare
941 3849 994 3902 sot
1023 3843 1236 3903 incommodius
1269 3847 1387 3920 agere.“
1434 3843 1548 3903 Similia

198 3945 318 4006 quoque
340 3929 378 3989 ud
402 3929 615 3991 Galilaeuru
637 3933 769 4008 scripsit,
793 3931 843 4006 qui
866 3947 932 3990 cum
955 3939 1076 4008 accepto
1100 3931 1262 3995 Prcdromo
1284 3933 1394 4008 gratias
1417 3930 1545 4008 Kaplero

198 4025 308 4094 speret,
331 4019 461 4094 graviter
482 4025 661 4095 conquestos
683 4027 737 4094 est,
760 4019 790 4076 in
804 4017 893 4078 ltalia
914 4019 996 4078 oetas
1018 4035 1084 4080 esse
1099 4017 1254 4096 Gopcroiei
1269 4018 1430 4080 doctrinam
1444 4017 1545 4095 palam

58 4187 64 4197 ι
197 4105 336 4182 profiteri.
376 4109 441 4180 (cir.
465 4127 494 4182 p.
513 4109 583 4182 tit.)

303 4192 378 4253 Gom
408 4192 609 4254 Herwartc
640 4192 684 4255 de
713 4192 951 4270 Hohanburg
981 4194 1099 4271 utique,
1133 4210 1247 4254 sommo
1278 4191 1399 4270 Keplcri
1431 4193 1546 4254 fautore

198 4278 408 4358 doctrinaeque
430 4281 619 4356 admiratore,
653 4283 704 4358 qni
727 4280 887 4341 Prodromo
910 4284 960 4340 vix
987 4281 1067 4341 edito
1090 4281 1247 4359 Keplerum
1269 4280 1356 4354 adiit,
1387 4297 1487 4356 aquo
1510 4281 1547 4344 de

197 4365 312 4427 Lucani
334 4368 506 4429 Pharsaliae
527 4369 594 4429 loco
617 4368 728 4429 difficili
750 4369 927 4454 astrologice
950 4366 1102 4429 tractando
1132 4369 1398 4446 interpretationem
1426 4375 1546 4445 peteret,

199 4453 260 4514 alta
282 4471 358 4516 voce
380 4455 510 4532 loquitur
523 4455 678 4534 Keplerns,
701 4455 753 4518 sad
775 4473 920 4533 nosquam
943 4465 973 4517 et
996 4457 1076 4516 nullo
1099 4457 1187 4517 modo
1210 4455 1248 4516 sb
1270 4455 1424 4516 honestata
1446 4454 1499 4515 llla
1516 4465 1547 4517 at

198 4544 346 4617 gravitate
368 4542 508 4617 decessit,
538 4561 616 4620 quae
645 4545 700 4602 viri
723 4551 857 4604 cosmum
880 4544 1027 4604 literarum
1050 4544 1253 4604 commercium
1283 4542 1394 4602 decent
1439 4541 1546 4604 Statim

200 4631 278 4689 sulm
301 4638 430 4706 paratus,
454 4631 530 4693 lsmrc
551 4631 685 4706 aliusque
707 4631 852 4708 ejusmodi
875 4633 1065 4709 quaestiones
1093 4630 1221 4703 solvere,
1253 4629 1304 4689 ubi
1331 4629 1429 4690 dedeit
1455 4633 1546 4692 intar-

199 4722 336 4796 pretatio,
360 4727 462 4796 aperte
483 4721 678 4796 ignorantiam
700 4737 784 4779 snam
806 4717 967 4796 profitetur,
989 4727 1041 4778 aot
1064 4716 1177 4778 rotdres
1200 4717 1354 4794 scripturas
1376 4725 1546 4780 uuiremu-

200 4809 290 4867 ticrcs
312 4809 519 4885 grammaticos
540 4815 570 4868 et
591 4807 746 4867 historicos
768 4823 801 4868 sc
822 4823 925 4886 parum
947 4823 1034 4866 nome
1050 4807 1187 4882 queritur,
1211 4801 1394 4880 conisamas
1410 4809 1546 4886 proponit

200 4909 235 4956 ur
256 4896 369 4976 ingenii
391 4903 421 4956 at
442 4896 661 4977 imaginationis
683 4911 796 4956 summa
818 4897 904 4976 copia
925 4895 1109 4974 deprecatae,
1139 4889 1275 4952 dumibus
1301 4889 1428 4976 donique
1449 4895 1545 4958 modia
