3624 5554
292 377 358 460 686
805 386 869 446 Vita
886 383 1003 446 Joauntt
1018 383 1141 460 liepleri.

292 567 332 635 D.
353 568 489 648 Papio,
512 561 618 630 noenu
640 577 707 629 man
730 567 872 646 singulari
888 579 987 631 ooram
1001 569 1134 631 raoensnt
1149 573 1180 630 et
1194 570 1265 645 quis
1278 567 1328 630 tlle
1344 571 1444 630 omnia
1455 566 1517 648 jam
1532 569 1647 648 pridem

293 659 407 718 sciehat
427 651 474 717 ms
497 657 562 734 ipso
584 656 672 734 louge
693 660 811 729 rectius,
835 663 924 735 atque
946 657 1022 718 adeo
1045 660 1152 718 comtos
1175 657 1281 718 reterre
1304 658 1359 716 tihi
1378 668 1514 720 oretenus
1536 665 1647 736 potest,

293 763 381 824 qnam
405 762 461 824 ego
483 756 536 822 per
556 744 674 804 literas:
696 745 764 806 ideo
786 749 883 823 ipsum
907 743 1120 806 emetostsstne
1143 747 1235 818 oravi,
1257 762 1294 804 ne
1317 745 1397 820 mihi,
1421 744 1473 806 ubl
1494 745 1532 805 il
1549 747 1648 806 'l'uam

293 836 487 908 convenisset,
519 831 576 892 bac
599 847 688 910 apere
711 832 836 894 deesset.
880 828 939 910 Qut
961 847 1021 891 non
1044 831 1140 892 solum
1163 831 1193 892 id
1214 846 1246 892 se
1268 832 1413 892 iacturum
1436 835 1561 912 recepit,
1594 834 1647 894 aed

292 923 380 982 etiam
403 935 450 980 rue
472 921 620 998 praesenti
643 927 674 980 et
695 922 817 981 salutari
839 921 963 982 consilio
985 921 1135 992 instruxit,
1165 918 1241 980 adeo
1270 927 1304 980 ut
1325 920 1398 980 nihil
1421 928 1526 992 restet,
1556 936 1647 1000 quam

236 1072 241 1081 ,
292 1015 325 1070 ut
346 1005 385 1070 Η.
408 1008 505 1068 Tuam
526 1009 669 1085 majorem
692 1010 720 1067 in
742 1007 862 1068 modom
884 1015 994 1084 rogem,
1018 1023 1055 1067 ne
1078 1005 1251 1084 dedignetur
1273 1009 1302 1065 ln
1326 1010 1383 1068 moi
1398 1011 1523 1084 gratiam
1539 1011 1578 1070 ah
1593 1009 1647 1068 illo

292 1097 411 1172 discere,
435 1112 513 1173 qnae
534 1112 582 1156 me
604 1113 711 1156 causae
733 1103 882 1168 moneant,
905 1109 964 1172 qno
987 1097 1082 1154 minus
1099 1096 1262 1155 existimem
1278 1096 1346 1154 mihi
1371 1097 1479 1156 diutius
1503 1105 1593 1174 atque
1617 1101 1669 1154 inv

293 1190 465 1261 emanantem
488 1195 596 1244 anuum
621 1189 661 1244 96
685 1184 733 1244 hle
755 1183 1003 1258 commorandum,
1027 1181 1132 1242 deinde
1156 1199 1225 1243 nero
1247 1186 1397 1260 perpensis
1419 1187 1456 1242 its
1479 1189 1577 1246 causis
1600 1203 1648 1244 me

293 1275 445 1334 certiorem
472 1270 590 1348 reddat,
618 1269 690 1348 quid
719 1271 966 1356 consultissimum
994 1271 1149 1331 crtstimet.
1201 1269 1334 1347 Cumque
1364 1269 1454 1330 nolim
1487 1275 1648 1349 quicquam

293 1367 395 1422 contra
418 1359 628 1440 obligationem
658 1373 754 1419 meam
777 1359 887 1433 latere,
916 1356 989 1417 illud
1011 1359 1099 1417 etiam
1123 1358 1197 1417 setre
1220 1367 1342 1435 expeto,
1367 1357 1586 1420 consulendane
1608 1362 1648 1419 sit

293 1449 373 1509 curia
395 1449 476 1526 prius
499 1453 588 1524 atque
610 1446 679 1506 hinc
700 1463 747 1507 ms
769 1447 915 1506 conteram
938 1445 1086 1506 aliorsum.
1133 1444 1222 1504 Putat
1245 1448 1322 1505 enim
1345 1445 1382 1505 D.
1405 1446 1534 1524 Papius,
1557 1463 1647 1524 possa

291 1547 340 1597 ms
366 1536 491 1597 honesto
521 1535 629 1595 salario
660 1547 727 1595 oum
755 1533 855 1611 aliquo
885 1532 1030 1609 discipulo
1059 1534 1088 1590 ln
1113 1531 1242 1609 aliquam
1272 1531 1454 1594 academiam
1485 1535 1646 1598 discedere.

292 1625 429 1700 Denique
451 1624 477 1683 si
500 1639 573 1699 opus
596 1621 705 1683 habeat
720 1619 759 1684 Η.
776 1621 843 1682 Tua
859 1619 1031 1680 dilucidiora
1054 1619 1248 1697 explicatione
1270 1629 1361 1698 atqua
1383 1618 1414 1680 ld
1437 1622 1509 1681 mihi
1531 1623 1647 1697 signiti-

293 1714 405 1774 canerit
426 1710 566 1788 (sortasse
589 1711 678 1770 etlam
700 1711 763 1769 sins
784 1708 863 1788 hoe),
887 1723 943 1785 ego
966 1706 1078 1786 prolixa
1100 1708 1235 1768 soniam.
1280 1708 1418 1769 Nondum
1441 1723 1527 1785 saue,
1551 1709 1647 1771 Prae·

294 1806 394 1878 ceptor
416 1797 703 1872 benevolentissime,
726 1806 842 1874 tempus
865 1802 931 1871 est,¹
949 1803 982 1855 ut
1003 1811 1127 1855 messem
1151 1801 1265 1856 tuorum
1288 1796 1496 1857 beneficiorum
1520 1813 1556 1857 ex
1578 1813 1647 1858 mea

291 1885 470 1966 gratitudine
493 1885 625 1963 colligas.
657 1883 757 1961 Quare
779 1883 856 1944 hano
877 1900 963 1962 porro
986 1890 1144 1943 sementem
1167 1882 1324 1944 lacerans
1352 1887 1462 1962 pigeat,
1486 1885 1542 1945 hae
1565 1893 1646 1946 oertu

292 1992 362 2054 spe,
384 1975 447 2035 iota
468 1983 502 2034 nt
525 1972 672 2034 cumulata
695 1971 854 2049 aliquando
877 1969 1087 2048 respondeam,
1111 1987 1177 2030 eum
1200 1971 1283 2031 Deus
1306 1971 1377 2030 mihi
1400 1972 1569 2034 laenitatem
1593 1990 1645 2050 pro

203 2055 207 2062 “
291 2079 347 2124 sua
369 2059 539 2123 clementia¹
555 2060 677 2137 largitus
708 2061 805 2122 luerit.
850 2058 909 2119 Sed
937 2075 995 2116 nou
1024 2057 1110 2135 plura
1141 2057 1233 2130 addo,
1264 2067 1296 2118 ut
1320 2059 1367 2119 rel
1398 2059 1488 2120 semel
1517 2062 1647 2120 breviter

291 2149 425 2224 sartham,
447 2163 502 2209 nac
523 2153 553 2208 ta
576 2155 606 2208 st
628 2154 681 2207 tna
701 2147 822 2224 negotia
844 2148 965 2205 nimiam
981 2145 1155 2222 perturbem.
1188 2142 1253 2204 Deo
1273 2161 1327 2205 vos
1344 2161 1444 2206 omnes
1461 2147 1644 2208 commando.

293 2235 333 2300 Η.
356 2236 440 2297 'luas
462 2237 580 2313 conjugi
603 2235 828 2296 honestissimae
852 2233 1014 2293 olflolosum
1037 2230 1163 2292 salutem
1185 2232 1262 2292 dieo.
1292 2233 1355 2292 Erit
1378 2237 1429 2294 ubl
1451 2235 1488 2294 ad
1504 2235 1543 2296 D.
1558 2251 1647 2313 prae·

292 2333 438 2403 captorem
461 2321 586 2385 Gellium
606 2323 742 2396 sartham,
765 2324 790 2382 si
813 2319 883 2398 quid
906 2321 979 2380 nori
999 2319 1073 2381 hacc
1095 2325 1192 2380 aestas
1215 2320 1392 2396 produxerit.
1438 2323 1524 2382 Nunc
1547 2325 1646 2382 omnia

292 2425 390 2476 coram
413 2409 452 2473 D.
475 2409 587 2490 Papius
609 2410 781 2472 recensebit.
818 2409 963 2469 Omnibus
986 2413 1084 2469 autem
1106 2409 1180 2468 meis
1202 2410 1441 2487 praeceptoribus
1465 2409 1647 2471 officiosissi-

226 2492 228 2501 ’
293 2515 371 2562 mam
393 2493 519 2560 salutem
543 2497 618 2559 dico.
1184 2541 1188 2550 .

394 2582 470 2648 Vale
495 2589 523 2650 i.
549 2591 599 2650 ll.
622 2583 696 2664 Maji
720 2597 798 2646 anuo
823 2587 875 2646 Ob.
1095 2581 1134 2642 Η.
1157 2582 1193 2642 Τ.
1218 2581 1416 2644 deditissimus
1438 2583 1599 2660 discipulus

1231 2668 1273 2732 M.
1296 2671 1347 2731 Jo.
1372 2671 1492 2748 chlcr.

393 2812 438 2868 Ex
456 2808 542 2866 literis
561 2807 595 2864 ad
613 2806 791 2865 Maestlinum
810 2807 836 2864 d.
855 2809 881 2866 ³.
901 2807 961 2864 Oet.
980 2805 1050 2862 datis
1069 2807 1105 2875 (Ι.
1125 2805 1206 2875 tiss.)
1225 2813 1354 2878 apparet,
1379 2803 1525 2875 Keplerum
1543 2821 1567 2862 c.
1585 2821 1640 2862 me-

285 2898 363 2984 dinm
381 2898 444 2954 anni
461 2898 498 2954 ad
516 2896 632 2952 eundern
650 2894 684 2951 de
702 2895 860 2953 Prodrocsa
878 2893 1030 2964 scripsisse.
1067 2894 1099 2949 ln
1120 2893 1208 2960 ,uotis
1231 2893 1266 2949 ad
1290 2893 1485 2949 dedicationem
1500 2893 1643 2948 Proclromi

289 2996 444 3065 andanumt‘
463 2993 591 3064 laginam:
617 2987 705 3048 Auno
731 2993 823 3049 1595.
848 2987 895 3047 die
919 2981 987 3068 ⁹l„.
1001 2984 1077 3046 Julii
1099 2987 1199 3046 iuveni
1222 2986 1279 3046 hee
1299 2991 1458 3061 secretum,
1482 2988 1643 3062 statimque

289 3079 328 3141 ad
350 3078 424 3138 illud
456 3073 657 3138 excudendum
686 3089 845 3136 conversus
868 3073 989 3134 Octobri
1020 3081 1162 3150 sequente
1193 3075 1222 3132 in
1254 3071 1436 3134 dedicatione
1463 3076 1643 3152 prognostiei

290 3167 481 3228 contrectasti
502 3167 709 3240 (ostendamur
722 3165 924 3235 annuntiatio),
953 3161 1032 3236 quod
1055 3168 1118 3221 erat
1140 3179 1176 3220 en
1200 3161 1296 3220 oldaia
1317 3160 1510 3234 scribendum,
1534 3161 1644 3221 editio·

290 3272 358 3316 nem
380 3251 471 3313 libelli
493 3253 630 3330 promisi,
661 3257 695 3309 ut
716 3247 911 3324 significaram
933 3247 1066 3324 publiea,
1099 3265 1188 3324 quam
1210 3251 1310 3324 gravis
1332 3247 1402 3308 mihi
1425 3247 1644 3328 philosophiam

291 3345 402 3403 amanti
424 3347 503 3400 esset
524 3343 581 3400 ista
610 3334 796 3414 conjectandi
824 3338 994 3395 necessitas.
1039 3335 1082 3394 lin
1106 3353 1142 3396 eo
1164 3337 1312 3413 proiectus
1335 3338 1364 3396 in
1388 3336 1645 3412 wirtembergiam

291 3432 365 3492 inter
387 3429 547 3488 domestica
568 3427 688 3501 negotia
716 3421 789 3482 nihil
820 3439 914 3499 aeque
945 3422 1028 3499 pensi
1050 3422 1155 3497 habui,
1187 3439 1223 3483 ao
1245 3423 1403 3484 editionem
1427 3422 1533 3498 libelli,
1566 3441 1645 3500 quae

290 3519 363 3578 mihi
380 3513 556 3594 inrencnle,
585 3512 667 3572 sulla
696 3510 867 3572 eruditionis
896 3511 976 3570 larua
1003 3509 1137 3585 publica,
1170 3511 1360 3588 typographis
1388 3512 1445 3572 sihi
1476 3511 1512 3572 de
1536 3510 1644 3572 damno

243 3613 245 3628 '
293 3603 505 3676 metuentibus,
535 3601 693 3678 plurimum
720 3598 852 3660 exhihuit
879 3597 1098 3670 molestiarum,
1122 3605 1269 3672 sterant,
1293 3601 1342 3674 qui
1365 3597 1548 3660 absurditate
1571 3603 1645 3660 moti

293 3693 438 3770 dogmatis
461 3689 655 3767 Coparnieani
676 3686 829 3748 conatibus
852 3687 925 3745 meis
949 3683 1168 3748 intercederent.
1205 3685 1310 3762 Itaque
1326 3689 1436 3763 scripta
1458 3683 1645 3748 dedicatione

159 3797 167 3804 ·
290 3775 815 3854 istutl.ar.)=1dihnshieji(1596)
842 3771 1050 3852 Stuceerdiae,
1080 3782 1148 3851 post
1179 3771 1252 3832 daos
1282 3791 1398 3834 menses
1420 3791 1556 3834 reversus
1578 3791 1645 3834 sum

291 3871 322 3928 iu
337 3867 476 3947 styriam,
498 3863 601 3924 relicta
614 3861 784 3935 Maestlino,
800 3863 983 3939 praeceptori
999 3877 1074 3935 meo,
1093 3860 1229 3920 editionis
1244 3876 1313 3920 eura
1327 3877 1403 3938 pene
1420 3859 1583 3940 desperata.
1604 3895 1643 3908 -

394 3967 471 4036 Quas
483 3964 618 4034 liaplerns
635 3963 671 4020 ds
688 3961 843 4040 inventione
856 3978 906 4017 sua
918 3959 1079 4016 Raimaro
1097 3961 1182 4016 Urso
1202 3960 1284 4028 (Non.
1299 3961 1379 4026 toea)
1392 3960 1511 4031 scripsit,
1531 3962 1645 4016 nimium

288 4056 403 4114 haduae
421 4053 471 4110 riri
482 4053 565 4122 hujus
580 4051 735 4121 „gloriam‘t
754 4064 880 4119 quaeque
897 4049 961 4104 inde
973 4049 1092 4119 Keplero
1110 4055 1170 4104 orta
1188 4055 1253 4104 sunt
1270 4047 1450 4115 incommoda,
1466 4063 1500 4104 ea
1511 4048 1648 4126 ¹leguntur

289 4146 342 4202 nol.
360 4144 382 4201 1.
400 4161 428 4214 p.
446 4143 499 4198 21⁸1
516 4155 554 4198 ss.

393 4241 446 4296 Dte
464 4241 506 4297 30.
526 4236 652 4294 Octobris
675 4235 760 4291 reteri
778 4232 913 4304 Kepleras
931 4229 1091 4296 hiaestlino:
1116 4224 1163 4284 ltu
1180 4223 1258 4285 diem
1277 4221 1354 4309 ¹72,
1371 4224 1508 4287 Octobris
1523 4227 1574 4288 hic
1588 4229 1645 4288 tuit

292 4327 412 4404 quidam
434 4325 512 4384 Baro
535 4341 553 4382 a
575 4321 727 4395 Tuomem,
749 4321 800 4395 qui
823 4319 1012 4396 asuperioris
1035 4315 1172 4375 Austriae
1193 4317 1362 4389 proceribus
1383 4314 1443 4373 huo
1464 4317 1573 4376 missus
1590 4325 1645 4390 est,

292 4415 404 4475 asrllta
423 4410 613 4473 sollicitatam
636 4407 777 4467 sdrsrsus
799 4407 924 4465 rrrstieas
942 4409 977 4478 (Ι.
999 4407 1068 4470 titt.
1108 4400 1139 4460 Is
1160 4415 1208 4459 ma
1231 4407 1333 4477 voest,
1361 4403 1476 4461 initiam
1498 4407 1643 4464 sermonis

291 4501 362 4561 iacit
384 4519 403 4562 a
421 4495 596 4562 certitudine
618 4496 676 4554 nst
698 4491 865 4554 Oalendarii
887 4494 917 4551 in
940 4489 1063 4552 articulo
1085 4487 1122 4548 ds
1144 4487 1345 4564 seditionibus,
1368 4487 1437 4550 inde
1459 4491 1643 4567 postulabam

291 4588 433 4649 interioris
464 4586 601 4646 hunum
631 4579 764 4641 ordinum
791 4581 851 4655 (sio
872 4577 923 4639 ilis
944 4577 1077 4652 dicebat)
1106 4577 1251 4654 exposuit,
1281 4579 1332 4654 qui
1359 4578 1481 4654 cupient
1508 4581 1644 4638 Tabulam

292 4677 442 4747 Isrctisrs'a
462 4677 596 4734 Acamas
621 4671 838 4743 &mophim
869 4681 957 4726 amc
987 4665 1163 4725 oouoiuaari.
1208 4663 1356 4732 Assousus
1389 4679 1455 4724 sum
1489 4667 1642 4739 audacter,

290 4761 434 4839 mquidem
454 4763 485 4822 id
507 4761 560 4820 ist
580 4759 723 4837 permissu
745 4756 802 4814 moi
824 4755 1020 4830 magistrmus.
1065 4751 1150 4811 Nune
1172 4751 1270 4826 igitar,
1293 4755 1348 4811 etsi
1370 4751 1432 4812 fleri
1455 4769 1542 4831 possa
1559 4754 1643 4814 dies-

292 4849 354 4929 bat,
376 4856 412 4909 ut
429 4866 477 4914 res
498 4847 675 4929 impediatur
694 4841 738 4930 (st
759 4849 857 4904 tmen
878 4839 950 4902 mihi
971 4839 1057 4918 quasi
1080 4837 1117 4900 da
1138 4853 1169 4900 ra
1190 4847 1273 4900 certa
1291 4839 1458 4918 gratuistus
1479 4841 1556 4921 est),
1584 4857 1643 4922 ego
