3612 5538
317 427 382 505 986
821 439 1172 517 [vrorounsuepree.

318 614 452 674 omnihus
474 613 560 678 Remi
584 617 815 683 dubitationibus
837 631 866 684 et
888 622 1156 703 percontationibus
1179 631 1271 686 totum
1293 645 1325 687 sa
1349 626 1479 702 dederet,
1509 625 1557 688 bic
1577 627 1654 706 Kep-

317 699 370 760 lcri
386 701 532 765 oidciosac
547 707 692 768 voluntati
707 713 849 772 maximas
871 716 982 790 gratias
1005 715 1079 790 agit,
1103 731 1215 775 summo
1231 715 1361 791 ejusdcm
1382 717 1499 792 iugenio
1521 718 1655 776 maximas

316 787 419 848 laudea
434 791 550 852 tribuit:
576 795 706 876 „ludica
729 815 780 875 per
803 818 877 877 quas
901 803 964 861 vias
987 803 1040 862 tibi
1060 801 1197 862 inservire
1213 819 1326 879 queam,
1350 819 1395 864 me
1411 802 1533 864 habebis
1549 821 1656 881 semper

316 883 460 951 promtum
485 889 514 940 et
532 891 676 958 paratum.
707 885 822 964 Dignus
845 905 916 949 sane
939 907 979 964 cs,
1003 896 1036 950 ut
1056 906 1110 968 pro
1133 888 1304 970 Coryphaeo
1327 897 1356 951 et
1378 900 1460 968 patre
1482 900 1581 951 nostro
1598 893 1655 969 jam

316 964 355 1023 ab
379 967 514 1028 omnibns
537 971 749 1034 mathematicis
772 971 939 1037 habearis.‘¹

424 1053 459 1112 In
482 1073 516 1115 eo
550 1057 675 1136 denique
697 1062 886 1139 epistolarum
914 1065 1102 1136 commercio,
1135 1062 1213 1141 quod
1241 1065 1315 1123 inter
1337 1063 1495 1143 Keplernm
1526 1072 1555 1125 et
1577 1063 1657 1124 Vin-

318 1140 481 1201 centium
505 1143 685 1206 Blencam
709 1149 857 1230 (ssiauchi)
880 1154 1023 1226 intererat,
1041 1153 1099 1229 -qni
1121 1153 1237 1212 nomine
1253 1151 1373 1211 Comitis
1390 1151 1508 1212 Aleraui
1530 1153 1585 1212 sihi
1607 1154 1658 1210 iur-

316 1229 414 1302 posito
436 1245 496 1289 nou
519 1237 614 1293 minus
637 1239 751 1312 generis
776 1241 950 1317 antiquitate
979 1257 1066 1317 qnam
1094 1241 1156 1299 suis
1184 1237 1293 1299 m'erltis
1322 1247 1352 1299 et
1372 1238 1533 1300 honoribus
1561 1257 1660 1318 super·

187 1319 195 1334 ·
318 1315 403 1387 hirst,
426 1318 557 1394 inprimis
581 1323 698 1398 quidem
722 1325 758 1385 de
782 1327 868 1387 rebus
891 1330 1030 1406 scripturn
1053 1334 1097 1386 est
1112 1325 1303 1405 astrologicis,
1327 1325 1470 1387 aBlanco
1493 1329 1522 1387 in
1537 1327 1658 1388 medium

317 1405 484 1478 propositis.
529 1408 587 1469 Sed
612 1411 756 1488 Keplerus
779 1413 892 1474 Blauco
921 1433 958 1475 ex
986 1413 1090 1474 altiore
1121 1413 1248 1490 quodam
1277 1414 1343 1474 loco
1367 1421 1395 1474 et
1422 1414 1543 1476 elatiore
1571 1433 1659 1474 rarum
1685 1427 1687 1432 ’

318 1490 564 1569 contemplatione
586 1500 744 1576 respondet
766 1497 948 1580 eundemque
971 1505 1149 1562 somniorum
1180 1501 1419 1578 astrologicoram
1443 1503 1528 1561 nimis
1551 1503 1660 1561 studio-

313 1593 381 1664 sum
404 1579 582 1643 admodum
605 1595 635 1645 et
657 1589 808 1649 veritatem
832 1589 969 1650 reducere
992 1589 1099 1650 studet.
1144 1589 1226 1650 ldem
1250 1606 1313 1649 curn
1336 1589 1465 1649 Blancus
1495 1592 1612 1666 saepius
1634 1596 1661 1649 et

317 1667 519 1730 immodestius
541 1677 655 1747 generis
677 1676 860 1737 nobilitatem
882 1679 1013 1752 aderrat,
1035 1677 1179 1755 Keplerus
1198 1678 1299 1753 jocose
1322 1678 1349 1737 ei
1372 1679 1511 1750 rasmibit,
1535 1695 1567 1738 sc
1591 1695 1661 1754 quc-

317 1765 374 1829 que
397 1756 523 1833 majores
546 1760 636 1821 haber
668 1763 782 1826 nobiles
805 1768 866 1833 (cir.
885 1769 937 1824 vol.
957 1769 1018 1826 VH.
1036 1787 1063 1840 p.
1081 1769 1147 1838 tta)
1170 1773 1199 1825 et
1213 1765 1287 1824 haec
1301 1765 1468 1843 subjungit:
1494 1765 1583 1848 „lpse
1598 1764 1661 1842 phi-

316 1840 461 1919 losophia,
486 1863 562 1921 quae
585 1848 640 1909 hac
654 1867 726 1911 enus
749 1855 897 1913 rusticano
920 1853 1022 1913 habitu
1045 1870 1157 1914 mecum
1181 1853 1416 1924 conversabatur,
1439 1862 1596 1930 postquam
1618 1855 1661 1909 in-

316 1929 474 2007 tellexerit,
506 1934 543 1994 ad
571 1945 698 2012 quantae
728 1940 890 2001 nobilitatis
918 1943 1011 2000 virum
1042 1941 1114 2001 mibi
1142 1940 1266 2018 posthac
1295 1939 1393 1999 lutura
1414 1941 1452 2000 sit
1475 1941 1660 2011 internuncia,

316 2016 512 2080 honestiorem
535 2023 623 2086 hodic
647 2033 746 2103 togam
770 2025 895 2089 induit.“
941 2027 1026 2088 Prius
1050 2045 1113 2089 cnm
1138 2027 1264 2087 Blancns
1296 2025 1331 2087 de
1353 2026 1471 2104 Kepleti
1496 2027 1660 2088 conditione

317 2104 436 2164 edusius
458 2111 637 2194 scripsisset,'
659 2115 848 2192 responderat
868 2114 1024 2194 Keplerus,
1049 2118 1192 2177 erravisse
1216 2128 1282 2174 eum
1305 2115 1330 2174 si
1352 2111 1516 2192 singulares
1538 2116 1660 2175 honores

316 2199 345 2252 et
368 2192 525 2270 dignitates
557 2199 614 2258 sibi
643 2198 823 2276 attribueret,
855 2203 955 2264 literas
984 2206 1068 2265 unice
1096 2221 1129 2265 se
1152 2210 1285 2282 tractare,
1310 2200 1540 2284 „humanitatem
1563 2205 1593 2261 in
1616 2219 1662 2262 ca-

316 2281 384 2340 teris
406 2282 486 2357 colu,
516 2288 545 2344 in
567 2305 613 2346 me
637 2289 716 2366 quod
738 2291 786 2350 bic
811 2293 920 2368 jactem
950 2307 1009 2352 uon
1037 2293 1165 2352 invenio.
1210 2289 1355 2350 Voluntas
1388 2289 1458 2350 mihi
1484 2297 1601 2367 promta
1622 2297 1662 2348 est

315 2369 498 2443 gratificandi
526 2377 676 2450 omnibns,
706 2395 761 2438 uec
785 2385 817 2438 ut
838 2379 939 2439 flectar
968 2379 1016 2439 vel
1045 2379 1161 2459 hymnis
1193 2395 1267 2454 opas
1296 2385 1341 2438 ast
1369 2377 1418 2437 vel
1440 2377 1662 2454 supplicationi-

316 2453 401 2515 bus“.
447 2461 493 2520 De
515 2461 594 2521 illius
622 2467 844 2541 quaestiouibus
873 2465 1058 2542 astrologicis
1085 2466 1174 2527 haece
1210 2464 1325 2548 „Video
1357 2465 1452 2541 iuquit
1474 2465 1543 2528 Ero.
1570 2465 1661 2525 Tuam

315 2545 453 2606 articulos
483 2551 599 2626 exigere
628 2559 791 2629 temporum
821 2554 1029 2615 adtrectione.
1076 2555 1212 2613 Animum
1244 2551 1362 2628 quidem
1392 2552 1512 2630 implere
1543 2560 1663 2631 possunt

315 2639 404 2705 astra,
427 2645 551 2696 eventus
573 2639 653 2715 ipsos
676 2640 741 2700 sola
764 2649 913 2719 praestare
936 2659 995 2701 nou
1019 2647 1157 2720 possunt,
1181 2639 1232 2700 sed
1257 2641 1385 2700 erebant
1406 2639 1555 2701 hominem
1579 2644 1664 2718 inque

315 2719 418 2794 vigilia
440 2740 492 2782 sea
518 2726 648 2786 excubiis
671 2731 860 2801 constituunt,
884 2737 916 2789 ut
939 2731 1107 2790 occasiones
1123 2735 1340 2807 praetereuntes
1363 2729 1491 2805 arripiat.
1529 2729 1598 2789 Nou
1619 2729 1664 2786 in·

313 2807 403 2879 hcior,
428 2810 604 2886 praeclaram
628 2832 692 2876 esse
715 2818 967 2878 constellationem
991 2817 1033 2894 (iu
1057 2817 1185 2877 themate
1201 2811 1323 2894 Blsnci),
1346 2815 1442 2875 solent
1464 2823 1564 2875 tamen
1587 2816 1665 2892 ejus·

298 2893 394 2981 'modi
422 2898 659 2962 constellationes
689 2905 834 2965 interdum
863 2903 920 2964 hoo
950 2904 1078 2980 efficere,
1109 2911 1142 2964 ut
1170 2904 1258 2962 homo
1287 2903 1407 2962 nimiam
1439 2903 1606 2981 appetendo
1635 2919 1664 2961 se

314 2984 409 3059 ipsum
441 2985 592 3048 voluntate
620 2991 716 3067 privet
739 3009 837 3052 earnm
859 3009 968 3066 rerum,
999 3010 1073 3070 quas
1094 2990 1203 3053 hahere
1225 2987 1352 3069 potest.“
1401 2989 1542 3052 Similiter
1564 2991 1665 3050 nimiae

313 3069 417 3131 Blsnci
433 3071 469 3133 de
485 3083 655 3154 aspectuum
672 3081 817 3156 gravitate
833 3088 900 3153 etc,
925 3081 1077 3158 opiniones
1093 3078 1130 3138 ad
1146 3082 1257 3156 justum
1272 3077 1390 3138 modurn
1405 3077 1544 3139 reducere
1561 3078 1665 3151 studet,
1707 3079 1710 3087 '

314 3175 428 3237 semper
442 3179 508 3220 earn
526 3163 665 3241 delegans
681 3167 717 3226 ad
731 3169 924 3242 cogitationes
934 3170 969 3226 in
982 3167 1118 3246 operibus
1134 3169 1194 3227 suis
1208 3167 1355 3245 expositus
1364 3186 1372 3242 3
1382 3165 1470 3226 simul
1485 3175 1585 3227 antem
1599 3167 1665 3225 date

314 3246 370 3306 hac
393 3249 547 3310 occasione
570 3261 736 3330 opportuna
751 3255 787 3315 ad
804 3255 943 3332 majorem
967 3272 1086 3332 opernm
1102 3270 1219 3314 suorum
1243 3257 1272 3312 in
1295 3251 1383 3314 Italia
1404 3253 1666 3332 promulgationem

313 3331 418 3394 Blanci
442 3337 581 3398 auxilium
603 3350 697 3418 rogat,
720 3361 816 3418 nuque
839 3341 1002 3420 singulares
1024 3359 1094 3402 suas
1116 3341 1192 3403 celat
1220 3339 1256 3402 de
1279 3339 1479 3420 Copcrnicana
1508 3341 1664 3421 hypothesi

313 3423 489 3498 sententias,
520 3443 594 3502 quas
617 3429 804 3505 divulgaudis
835 3449 887 3508 per
908 3429 1027 3489 Italiam
1049 3429 1188 3490 librorum
1219 3431 1338 3489 suoium
1368 3427 1517 3488 nonnullis
1541 3431 1665 3490 marimo

313 3509 464 3568 oblaturae
488 3529 551 3573 essa
576 3518 684 3593 optime
708 3517 790 3578 vidit.
828 3519 862 3577 In
884 3517 988 3577 ultima
1010 3535 1087 3595 quae
1110 3522 1228 3578 servata
1250 3515 1376 3594 epistole
1398 3520 1665 3588 csttdata13.an.

314 3601 404 3670 tcto),
423 3597 568 3676 Keplerus
590 3605 677 3664 nimis
699 3604 825 3666 hamane
848 3609 957 3681 gratias
980 3608 1043 3682 agit
1059 3605 1097 3664 ob
1111 3606 1231 3664 missurn
1246 3603 1388 3676 libellum,
1412 3602 1560 3664 aBlanco
1577 3603 1668 3680 scrip·

313 3691 374 3743 tum
408 3683 443 3743 de
474 3689 570 3747 verbis
595 3691 725 3752 obscuris
749 3693 827 3753 Petri
857 3693 940 3754 cultri
972 3693 1126 3752 manubrio
1154 3692 1308 3770 inscriptis.
1362 3689 1455 3766 Quem
1485 3689 1666 3752 levissimum

313 3771 446 3833 libellam
469 3771 614 3851 Keplerus
640 3781 821 3861 „stupendae
845 3779 994 3840 doctrinae
1017 3776 1243 3854 documentum“
1269 3779 1347 3839 dicit.
1372 3811 1413 3823 -

418 3859 461 3919 lix
484 3863 663 3942 amplissimo
687 3868 807 3947 Kepleri
831 3867 1018 3946 epistolarum
1040 3869 1212 3927 commercio
1234 3883 1288 3928 nos
1311 3883 1347 3926 ea
1369 3863 1538 3941 attulimus,
1562 3866 1667 3944 quibus

313 3949 367 4006 viri
400 3949 565 4026 ingenium,
596 3962 702 4017 natura
732 3967 761 4016 ct
789 3972 883 4016 mures
914 3957 1022 4031 optime
1053 3955 1191 4014 illustrari
1215 3955 1456 4015 existimavimus.
1501 3953 1668 4015 Permultae

313 4035 430 4111 quidem
454 4045 570 4100 exstant
597 4041 672 4102 aliae
695 4043 815 4124 Kepleri
841 4041 997 4120 epistolae,
1027 4035 1182 4120 qaae'non
1205 4045 1301 4102 minus
1324 4041 1458 4120 ampliori
1480 4059 1595 4102 morum
1618 4059 1668 4102 er·

312 4121 463 4202 plicatioui
495 4129 605 4189 servire
636 4134 758 4206 possint.
803 4130 862 4192 Sed
892 4127 1018 4207 exempli
1047 4131 1141 4206 gratia
1169 4147 1245 4205 quae
1275 4127 1372 4190 adhuc
1402 4128 1471 4188 data
1494 4139 1564 4189 sunt
1587 4129 1668 4189 sulii·

313 4212 404 4284 ciant,
436 4214 545 4290 quique
573 4223 602 4276 et
624 4219 745 4298 Kepleri
772 4221 838 4298 ipsa
867 4234 956 4296 opera
988 4217 1186 4278 voluminibus
1217 4216 1456 4277 antecedentibus
1486 4217 1612 4279 collecta
1641 4221 1669 4275 ct

313 4299 509 4376 praelationes
531 4303 569 4362 iis
592 4304 709 4367 additas
733 4307 900 4383 diligentins
924 4303 1156 4384 perlustrabant,
1187 4305 1244 4384 ipsi
1272 4302 1375 4364 multa*
1393 4305 1562 4381 invenient,
1593 4319 1667 4381 quaa

312 4387 389 4448 hauc
410 4387 663 4454 adumbrationem
686 4395 822 4474 supplere
844 4395 966 4474 possint.
1011 4465 1013 4468 Ι
1515 4415 1519 4427 =
1608 4457 1611 4464 ,

416 4473 522 4535 Restat
545 4478 671 4557 denique
693 4483 833 4544 brevibus
857 4496 1017 4558 exponere,
1042 4477 1130 4556 quale
1152 4479 1239 4540 tuerit
1260 4477 1381 4557 Keplerl
1405 4495 1471 4538 cum
1494 4477 1668 4556 aequalibus

314 4565 526 4628 commercium.
572 4565 638 4642 Qua
668 4569 703 4630 de
727 4589 757 4630 re
780 4587 815 4630 ex
846 4568 978 4645 epistolis
1010 4567 1187 4645 paucissima
1216 4573 1349 4640 manant,
1380 4583 1445 4626 curn
1474 4565 1562 4639 lllae,
1596 4583 1667 4643 ques

313 4652 436 4726 scriptas
460 4669 525 4710 esre
548 4657 740 4716 certissimum
764 4664 818 4728 est,
842 4663 872 4715 et
894 4653 1056 4731 aKeplpro
1079 4661 1108 4713 et
1130 4655 1168 4714 ab
1191 4653 1293 4714 amicis
1316 4655 1539 4715 conservatione
1562 4653 1666 4730 dignae

313 4751 372 4795 uon
395 4739 454 4796 sint
475 4737 603 4803 habitae.
649 4744 692 4802 Ex
716 4762 774 4803 una
796 4747 893 4804 autem
918 4741 1044 4819 epistola
1066 4759 1143 4818 qnae
1165 4750 1283 4802 servata
1305 4749 1335 4801 et
1357 4741 1416 4802 vol.
1432 4741 1457 4804 I.
1481 4760 1509 4820 p.
1527 4747 1589 4802 296
1613 4739 1667 4800 ad-

314 4821 376 4884 dita
399 4821 457 4898 e'st,
480 4825 554 4888 nihil
576 4833 696 4904 gravius
720 4831 820 4909 colligi
842 4838 949 4908 potest.
995 4829 1074 4888 Data
1096 4829 1148 4889 illa
1171 4835 1215 4889 est
1238 4827 1274 4888 ad
1297 4827 1458 4906 Keplerum
1480 4831 1518 4890 ab
1540 4827 1665 4906 aequali,

313 4909 355 4972 Μ.
380 4911 590 4990 tlrmstophcrc
614 4915 815 4997 Orthollu,
838 4917 973 5018 quitum
995 4915 1108 4995 (1595)
1134 4915 1292 4978 Hirsaviae
1313 4923 1486 4997 praeceptor
1508 4923 1586 4993 erat,
1614 4931 1666 4978 eo-
