3624 5554
804 411 884 476 seer.
1449 421 1516 498 m

152 591 276 669 blesus,
307 595 355 656 uti
376 609 412 658 ee
433 593 616 672 subsuipsit.
661 593 715 654 list
743 593 822 656 subu
842 598 873 654 et
901 593 965 670 ipae
987 593 1018 654 ln
1040 592 1244 674 Ceperuiearra
1268 596 1384 662 haered
1404 601 1517 668 indes

153 681 252 742 multis
283 685 383 744 annis.
430 679 528 746 Unum
559 680 710 759 exempler
738 683 820 742 misit
850 679 978 742 Romam
1007 688 1039 742 et
1065 681 1152 762 plura
1184 684 1295 748 babere
1326 685 1517 756 desiderarit.

116 765 120 776 '
155 769 302 846 liquidem
332 773 409 832 seire
439 787 530 842 ereo,
562 767 829 848 (druppenbeobius
851 773 1060 843 (inamplius)
1090 788 1149 849 qna
1174 772 1293 834 iortune
1319 776 1358 834 sit
1387 782 1515 848 neusin

157 857 348 922 distractione
364 856 575 935 exemplarium
590 865 622 918 et
634 858 660 916 si
675 858 742 934 quis
755 857 869 918 interea
891 855 1015 918 celebris
1029 859 1075 918 vir
1088 860 1118 918 iu
1133 865 1215 920 tuam
1229 863 1380 925 uodonem
1392 869 1516 944 venem,

158 947 207 1023 qui
228 948 349 1008 veritati
377 945 453 1008 leret
474 945 654 1020 suflraginm.
678 975 719 1006 -,-
743 939 836 1006 Ursus
859 943 957 1020 Praga
979 944 1018 1005 ad
1040 963 1087 1008 me
1115 948 1248 1025 scripsit,
1277 958 1383 1027 petens
1415 969 1516 1014 exem·
1636 935 1641 944 ¹

158 1033 267 1112 piaris,
299 1034 347 1094 eui
370 1034 507 1110 quamvis
529 1033 648 1094 minime
669 1033 756 1108 graui
778 1033 891 1094 auetori
912 1030 1022 1092 indulsi
1044 1041 1157 1108 umen,
1189 1037 1260 1114 qnia
1289 1053 1444 1100 maerens
1471 1049 1518 1103 est

158 1121 385 1182 mathematicus
407 1120 537 1197 mihique
553 1135 613 1198 qua
627 1116 777 1196 prodesse,
801 1136 861 1196 qus
875 1119 982 1181 obesse
996 1127 1103 1198 potest.
1139 1121 1226 1184 Patet
1241 1125 1320 1186 euim
1342 1127 1372 1185 in
1385 1125 1517 1206 styriam

160 1225 254 1287 nsque
275 1209 342 1285 ejste
364 1208 557 1270 familiaritas.
594 1206 730 1285 'l'yebnni
752 1205 866 1268 nullum
886 1207 985 1270 adhue
1006 1211 1123 1271 mittere
1144 1213 1239 1286 potui.
1268 1212 1353 1274 Illius
1372 1213 1540 1291 judloinm‘

159 1295 248 1358 eride
271 1303 421 1374 exspecto.
466 1296 534 1358 Wie
557 1293 604 1356 iob
627 1295 681 1358 nrlt
702 1293 770 1355 dem
792 1293 924 1356 Bileelrel
948 1295 1124 1358 ankborrnne
1147 1298 1204 1376 bey
1227 1301 1307 1361 einer
1329 1301 1379 1362 llr.
1402 1301 1517 1364 Landt-

158 1384 274 1458 sebailt,
297 1387 385 1446 weiss
407 1381 455 1446 inlr
477 1383 554 1446 noeb
577 1381 666 1444 niebt
698 1380 852 1442 number
873 1383 921 1444 ieb
943 1383 1021 1444 noeb
1037 1401 1096 1444 ron
1111 1385 1211 1446 kbeim
1226 1386 1372 1467 bandtag.
1406 1389 1517 1452 Videor

159 1475 231 1536 mibi
247 1470 401 1550 voluptate
414 1470 625 1549 speculationis
641 1475 796 1532 eontentus
811 1485 877 1532 esse
891 1469 998 1532 debere
1013 1488 1068 1533 nee
1081 1474 1239 1550 quiequam
1255 1475 1515 1555 alterinssperars.

160 1559 219 1624 Sed
241 1560 309 1622 Deo
331 1576 419 1620 narse
441 1567 527 1620 erunt
546 1560 654 1621 omnia.

264 1647 312 1710 De
340 1649 414 1710 mels
441 1644 546 1708 studiis
576 1645 648 1723 quid
675 1643 819 1718 eeribam,
849 1659 908 1706 uon
931 1644 1043 1719 babae,
1072 1663 1141 1708 uam
1169 1665 1216 1710 res
1238 1652 1447 1714 ononnmieas
1468 1671 1517 1721 rne

159 1735 341 1814 perturbant
387 1732 485 1796 Unum
507 1740 604 1796 tamen
626 1738 682 1807 est,
705 1733 735 1792 in
758 1748 818 1808 qno
840 1733 944 1793 merito
966 1732 1006 1794 H.
1027 1732 1061 1796 Τ.
1085 1735 1244 1813 appellum,
1266 1748 1300 1799 ut
1321 1739 1394 1800 milri
1416 1742 1517 1819 opitu·

159 1825 215 1886 lari
237 1823 376 1900 digneris.
413 1821 509 1882 Incidi
530 1823 560 1882 in
582 1819 815 1898 speculationem
829 1819 986 1897 qondam,
1010 1839 1099 1899 qnam
1121 1840 1177 1884 use
1199 1825 1327 1890 brarlter
1347 1843 1403 1889 nee
1423 1829 1518 1890 eond-

161 1911 262 1974 tlentsr
280 1911 523 1988 pronunuiavero,
546 1923 584 1970 ne
598 1926 639 1970 se.
654 1906 759 1970 ridear.
799 1907 909 1970 Verum
932 1915 965 1970 ut
978 1909 1017 1969 ab
1037 1927 1073 1970 ee
1095 1928 1143 1972 me
1166 1911 1330 1990 expediam,
1353 1931 1429 1993 opus
1445 1917 1517 1982 milei

160 2005 205 2061 est
235 2000 295 2060 tuis
324 1996 419 2058 oeulis
450 2004 480 2058 et
506 2011 614 2073 magno
644 1995 697 2056 illo
727 1993 901 2072 quadrante.
946 1995 1043 2057 Velim
1072 2014 1113 2058 so.
1137 2005 1171 2058 nt
1198 1999 1286 2062 stella
1306 2001 1419 2080 polaris
1439 2006 1518 2067 drea

164 2081 243 2170 ’δίῃ
257 2085 443 2162 Septembris
465 2084 529 2162 (sed
552 2084 611 2145 heu
632 2083 705 2144 mibi
724 2083 788 2159 jam
810 2081 939 2160 transiit)
961 2083 1135 2162 eulminans,
1157 2087 1235 2148 eirea
1253 2084 1329 2172 ¹⁶4⁶.
1344 2091 1518 2154 Denambris

160 2191 230 2236 rere
245 2171 351 2236 eadem
366 2171 529 2233 eulminaus
545 2178 575 2234 et
589 2169 754 2232 humillima
769 2171 941 2232 observetur
955 2178 985 2232 et
1002 2171 1144 2248 videaurr,
1160 2183 1258 2236 nuum
1273 2178 1517 2258 inmunitamque

160 2261 345 2324 miminautis
360 2258 545 2321 altitudinem
567 2275 626 2318 non
650 2259 688 2318 sit
710 2257 875 2319 differentia
890 2259 977 2319 nnius
993 2266 1083 2337 atque
1104 2261 1227 2323 altanus
1240 2265 1371 2342 sorepull
1393 2267 1424 2326 ia
1439 2285 1517 2346 qa*

160 2350 273 2412 drante.
319 2347 386 2408 Hos
417 2349 494 2409 enim
524 2349 649 2424 optarim
678 2344 821 2407 renidere.
873 2346 958 2423 Elegl
993 2347 1100 2422 eliam,
1133 2353 1270 2426 quamvis
1300 2352 1371 2416 bule
1396 2357 1517 2432 negotio

159 2441 254 2500 minus
269 2434 417 2511 idoneam,
432 2433 527 2498 selem
542 2442 641 2496 tantm
661 2439 730 2511 post
742 2433 885 2512 peiorem,
902 2449 981 2511 quae
994 2436 1066 2498 mibi
1078 2437 1214 2522 =nonnihil
1229 2440 1402 2514 satielaeist,
1425 2440 1518 2506 edne·

161 2529 269 2586 bouem
292 2523 407 2586 caudae
435 2523 465 2581 ln
487 2519 563 2584 Ursa
584 2521 705 2598 maiore.
750 2519 836 2584 Haeo
856 2523 883 2581 si
913 2521 991 2584 eim
1015 2517 1077 2604 Ἀ.
1102 2523 1176 2586 Dee.
1205 2525 1352 2589 altissima
1377 2529 1466 2590 simul
1488 2537 1519 2594 ά

160 2612 325 2674 humillima
346 2612 565 2685 observaretur,
593 2626 693 2670 mense
721 2625 792 2672 rere
815 2609 939 2684 Manio,
971 2607 1041 2670 dnm
1063 2609 1116 2672 Sul
1146 2619 1191 2672 est
1217 2614 1249 2672 in
1271 2613 1417 2692 quadrato
1439 2617 1516 2694 loeo,

159 2717 272 2762 rursum
296 2705 451 2777 oeperetnr
472 2697 613 2760 werona
640 2697 705 2774 ejns
734 2695 878 2770 altitudo,
909 2712 956 2756 res
978 2696 1051 2758 mibi
1080 2705 1110 2758 et
1131 2704 1165 2760 ut
1186 2702 1291 2777 opinor
1319 2707 1518 2770 aeuenomlae

160 2787 315 2854 utilissime
338 2792 426 2859 emet,
450 2786 622 2863 praesertim
637 2787 663 2844 si
678 2785 753 2846 inter
768 2785 854 2846 binas
868 2781 1049 2859 altitudines,
1072 2801 1148 2862 quas
1169 2788 1310 2865 aequales
1325 2790 1389 2852 iore
1405 2807 1516 2870 aperta
1639 2881 1642 2888 Ι

160 2875 260 2955 aliqua
282 2881 441 2954 appareret
462 2872 635 2936 differentia
659 2905 699 2918 -
1184 2917 1196 2953 3

262 2976 309 3032 Ex
328 2973 509 3045 responeione
525 2971 710 3030 Maestlini
728 2972 765 3042 (d.
784 2973 811 3028 d.
830 2973 873 3032 30,
891 2971 952 3030 Oet
971 2987 996 3028 v.
1014 2971 1059 3039 st)
1081 2971 1154 3028 base
1168 2973 1370 3042 excerpsimusr
1397 2976 1439 3034 Te
1454 2993 1518 3036 eura

160 3065 277 3135 msjnge
294 3068 345 3120 tna
359 3061 483 3118 aneniter
499 3067 529 3118 et
545 3058 616 3117 bene
634 3065 717 3130 atque
735 3057 925 3130 mnineialiter
942 3057 1040 3130 subn,
1058 3074 1095 3115 ex
1112 3059 1203 3116 animo
1219 3059 1270 3118 tibi
1281 3063 1416 3131 nemer.
1444 3065 1517 3137 opta

159 3161 189 3212 nt
205 3154 229 3210 n
248 3151 298 3209 sni
315 3143 523 3221 nne'postsius
540 3146 702 3218 pantecem
719 3148 822 3214 ntea.
840 3148 888 3218 qui
905 3151 934 3204 n
952 3149 1069 3220 peren,
1088 3149 1204 3218 mure,
1221 3151 1343 3210 nonnus
1361 3157 1390 3208 ee
1405 3153 1517 3223 ugare

159 3243 276 3300 ieliuiter
291 3237 441 3310 fluendo
453 3251 558 3296 summa
568 3251 631 3294 oum
644 3241 871 3305 latinorumque
888 3243 1068 3306 munsterum
1079 3242 1108 3291 et
1121 3237 1270 3294 amiensem
1282 3239 1518 3310 neupratalatlene

158 3331 269 3388 retsrat.
305 3329 382 3386 Deus
405 3341 487 3397 porro
508 3325 585 3384 rubis
608 3322 734 3380 omuibus
757 3338 809 3380 sna
833 3323 1022 3380 benedictione
1048 3323 1154 3380 ullutim
1177 3331 1233 3378 tan
1256 3323 1286 3380 in
1302 3338 1334 3380 re
1356 3324 1516 3402 denentiae,

157 3432 238 3488 um
256 3416 400 3472 sabadona
418 3413 510 3484 operis
527 3409 706 3482 expediendis
724 3409 873 3468 elementer
891 3410 993 3468 adsit.
1087 3410 1273 3480 Spargebatur
1290 3413 1366 3484 apud
1380 3428 1431 3473 uos
1442 3416 1518 3476 tm

158 3505 190 3562 da
209 3502 321 3563 duobus
338 3501 449 3571 seriptis
467 3507 515 3558 tuo
532 3499 644 3556 iureutn
662 3497 809 3554 mouentis
825 3496 915 3566 editis,
933 3511 1027 3556 rerum
1044 3495 1112 3554 nibil
1130 3513 1224 3554 eorum
1241 3500 1277 3557 ad
1295 3517 1347 3558 ans
1365 3501 1517 3574 debiam

157 3591 236 3650 seuit
274 3589 352 3646 ldem
375 3588 458 3646 etlam
482 3593 592 3646 nestros
617 3583 763 3655 thenlnm
781 3581 905 3642 nonnihil
931 3581 1059 3654 offendit,
1085 3585 1249 3642 austeritate
1272 3593 1364 3646 temen
1381 3589 1517 3662 Priaelpie

157 3680 258 3749 semri,
284 3677 330 3734 eui
352 3675 504 3747 principale
528 3675 640 3734 selsam
656 3671 813 3732 dedieatnm
831 3677 874 3730 est
891 3675 946 3741 (etr.
964 3675 1015 3728 sot.
1033 3676 1053 3728 l.
1070 3691 1098 3741 p.
1113 3675 1184 3744 itti,
1202 3675 1270 3730 moti
1286 3675 1316 3730 ia
1333 3675 1517 3735 medleselin·

159 3773 257 3838 quant.
286 3767 322 3822 D.
333 3765 371 3824 D.
382 3763 589 3822 Haieurelierue
608 3761 693 3820 semel
710 3767 795 3832 atone
811 3759 910 3818 iterum
928 3759 1038 3830 (joanas
1055 3759 1174 3829 quidem,
1193 3761 1259 3819 lieet
1267 3763 1341 3833 iouis
1351 3765 1426 3824 sarh
1435 3767 1518 3822 suan

157 3853 316 3912 intermina
332 3851 486 3922 rideantur)
503 3867 548 3910 me
564 3849 678 3910 edemus
696 3856 726 3907 et
744 3863 851 3911 meeum
869 3847 1073 3917 disputaturum
1091 3863 1121 3904 se
1141 3861 1202 3906 esse
1220 3857 1337 3908 ms
1354 3859 1412 3919 est,
1435 3867 1517 3924 unu

158 3941 204 3998 diu
220 3940 375 4000 auctoritas
394 3939 553 4010 Scriptores
571 3939 671 3996 Ssurae
687 3943 765 3996 esset
788 3935 964 4006 perstitere·
983 3935 1060 3992 idem
1082 3937 1158 3994 baud
1175 3937 1214 3994 ita
1237 3939 1343 4010 pridem
1360 3941 1390 3996 ἰ
1406 3940 1518 4012 publiea

158 4029 316 4102 vespertina
333 4027 474 4098 munna,
490 4027 518 4081 iu
531 4024 789 4097 eapb'eationeoap.
807 4027 829 4082 t.
848 4021 988 4082 Geneeens
1004 4023 1077 4080 iuter
1088 4024 1144 4082 elia
1157 4025 1238 4083 dixit:
1259 4029 1364 4094 ,iteum
1383 4039 1517 4086 sumant
1593 4053 1596 4060 ¹

158 4123 310 4174 malm
326 4131 382 4172 nou
395 4113 572 4186 suspendisse
583 4113 675 4170 entem
690 4113 720 4170 in
732 4111 821 4168 medio
833 4107 929 4174 amul
946 4116 980 4168 ut
994 4109 1128 4168 laterna·
1145 4112 1174 4170 in
1192 4113 1282 4170 medio
1299 4115 1386 4170 atrii“
1416 4114 1517 4170 varan

155 4206 224 4277 ineis
240 4203 298 4262 illis
312 4205 413 4276 jocosa
430 4217 571 4275 opponere
587 4201 679 4271 soleo,
704 4199 769 4258 dum
782 4199 841 4268 joui
859 4204 935 4267 tuut;
959 4198 984 4254 si
1001 4197 1073 4256 serio
1090 4215 1136 4258 res
1153 4201 1262 4272 agenda
1278 4207 1361 4271 esset,
1378 4200 1460 4258 aliter
1475 4215 1519 4258 re·

158 4307 310 4365 meumst
327 4297 358 4348 et
372 4307 425 4360 ego
445 4305 542 4348 masur.
566 4289 621 4350 Pru
639 4289 749 4358 evenis
760 4285 908 4358 mnemia
926 4291 955 4344 et
971 4285 1079 4344 erudite
1097 4287 1208 4368 iureato
1226 4287 1299 4344 idere
1316 4289 1349 4343 Ι).
1363 4289 1396 4343 D.
1414 4287 1517 4345 llam·-

156 4382 270 4442 τοίω
287 4377 429 4452 mosot,
452 4377 501 4436 aad
520 4378 548 4436 S.
568 4378 725 4447 Scripturas
743 4381 773 4432 et
789 4374 842 4444 ipsi
860 4372 967 4430 ueritati
990 4376 1153 4432 eontrariarl
1170 4376 1280 4432 omniuo
1303 4382 1332 4431 et
1356 4373 1518 4445 susplleiter

157 4476 242 4540 putat
274 4469 381 4526 Vernus
393 4463 538 4535 caruistis,
555 4464 604 4534 nni
614 4463 749 4535 prinolpiu
759 4463 855 4522 barum
867 4475 959 4518 rernm
976 4477 1032 4520 neu
1049 4462 1221 4522 nrlieieuter
1237 4468 1332 4518 teneat
1349 4462 1518 4534 (emensus

155 4559 216 4619 rir'rs
234 4557 346 4628 magnis
363 4561 394 4612 et
410 4553 623 4623 milesennis),
641 4553 729 4614 satius
748 4559 792 4610 eet
808 4549 932 4611 similiter
946 4550 1044 4621 jnoose
1061 4563 1152 4619 reare,
1171 4549 1236 4606 dnm
1250 4549 1330 4619 meus
1348 4549 1497 4620 aompieat.

255 4649 302 4706 De
319 4643 517 4703 observatione
537 4640 634 4698 stellae
657 4639 760 4710 polaris
777 4638 843 4709 quid
860 4637 943 4704 selis,
964 4635 1100 4706 intellige,
1124 4637 1173 4694 sed
1190 4638 1317 4718 iaque-
1340 4651 1436 4703 amm,
1460 4649 1519 4694 neu

150 4739 288 4812 μηρία,
313 4733 371 4792 nisi
394 4731 473 4802 quod
488 4728 629 4798 selaune,
651 4734 683 4788 te
698 4727 792 4786 torsus
808 4725 980 4788 altitudinem
1006 4723 1109 4782 stellati
1130 4723 1205 4780 erbis
1227 4721 1292 4778 lade
1314 4722 1471 4792 mamare
1488 4731 1517 4782 et

149 4809 1520 4890 nuirisalle.Eeoeuidembuousqueeamdirossiuaunipautlbuaueaadsosolllrdta
1648 4804 1650 4810 ’

147 4915 289 4996 meane,
309 4910 378 4978 aiei,
395 4904 471 4982 quod
482 4905 578 4974 latenn
588 4903 786 4980 superinr'deue
794 4901 874 4970 anub
886 4900 953 4962 ru'ltl
963 4897 1125 4964 medullam
1138 4893 1320 4970 didm
1330 4896 1517 4972 iatum
