3612 5538
275 395 364 468 1024
606 349 609 362 ’
668 449 675 462 ,
783 395 978 455 oraremus
996 396 1118 468 66661.
1207 449 1216 458 ,

271 574 338 636 6616
367 591 500 636 marera
527 576 558 636 16
585 593 645 636 naa
672 583 752 639 certa
778 579 940 640 remotione
966 594 986 637 a
1014 593 1089 640 cara
1119 574 1273 654 distinguit
1297 575 1429 638 risibilia
1457 584 1487 638 et
1508 573 1617 655 augst“

271 663 373 742 (tubos
395 661 545 744 Galilaei).
570 697 609 710 -

374 750 487 813 Eodem
509 769 597 828 anuo,
620 769 679 829 quo
695 749 802 831 061166
816 752 937 832 Kepleri
953 755 1133 828 6611666661,
1156 750 1292 816 elucebat
1313 753 1433 814 stalla
1454 751 1506 812 illa
1528 768 1622 812 nora

271 843 305 899 in
329 838 592 917 Serpentario,
616 857 693 918 qnae
716 840 818 900 oculos
841 851 874 900 61
895 849 1128 902 astronomorum
1155 844 1198 903 ita
1221 843 1351 902 omnium
1377 840 1623 930 1661666166-

273 938 367 990 torum
391 926 612 990 indoctorumre
640 927 680 988 ad
701 945 732 988 66
756 931 852 992 traxit.
897 927 1062 1009 Conspecta
1088 935 1134 988 661
1155 947 1174 988 6
1196 929 1244 990 116
1268 935 1365 1010 6116.
1388 928 1525 990 Octobris
1554 927 1624 988 6661

223 1063 229 1074 .
275 1022 368 1078 1601.
392 1031 486 1102 usqua
517 1015 693 1076 611611166
714 1019 784 1076 aunt
811 1022 909 1091 1606,
934 1033 1111 1094 quamquam
1134 1033 1230 1094 neque
1253 1021 1362 1095 primus
1387 1025 1505 1078 exortus
1526 1031 1624 1093 66666

273 1104 376 1178 ultima
391 1105 537 1182 apparitio
553 1111 632 1164 66116
647 1103 733 1164 inerit
747 1107 915 1164 constituta.
946 1102 1055 1164 Omnes
1077 1103 1269 1166 admiratione
1292 1107 1368 1184 66611
1391 1107 1462 1164 6661
1483 1103 1572 1179 hujus
1594 1111 1626 1166 et

272 1191 396 1252 mirandi
420 1191 580 1268 spectaculi
602 1191 828 1268 explicationem
850 1193 1033 1268 quaerebant
1060 1195 1100 1251 rai
1125 1195 1317 1270 improvisae,
1350 1209 1470 1253 canaam
1493 1191 1624 1251 cilicien-

272 1289 384 1342 temet
415 1280 622 1357 astrologicam
651 1281 710 1338 vim
733 1287 763 1338 et
785 1278 1037 1356 significationem.
1083 1279 1242 1358 Keplernm
1264 1297 1397 1358 quoque,
1425 1287 1624 1340 astronomum

273 1368 473 1448 imperatoris,
496 1367 630 1428 adierunt
652 1369 757 1426 summi
781 1376 811 1426 et
832 1367 1000 1438 interiores,
1024 1373 1057 1426 nt
1079 1368 1188 1428 diceret
1204 1371 1383 1429 6661661166
1405 1385 1506 1441 6666,
1535 1383 1624 1443 6666

273 1457 375 1536 666616
405 1453 528 1532 pagellis
552 1457 580 1512 in
608 1453 757 1531 poblicum
787 1455 883 1514 amisit
912 1455 994 1514 11661
1021 1463 1088 1532 6661
1116 1457 1239 1533 primam
1267 1457 1480 1534 apparitionem
1510 1453 1623 1514 stellae.

273 1543 436 1622 1166666111
465 1541 503 1602 61
533 1543 721 1618 quaestiones
750 1541 786 1601 de
809 1531 1074 1618 significationibus
1101 1541 1286 1620 astrologicis
1314 1559 1395 1604 6616
1424 1559 1494 1616 666,
1527 1542 1624 1601 rethia

272 1649 348 1694 usus
371 1632 498 1710 priorum
521 1629 733 1705 astrologorum
759 1637 789 1689 et
810 1647 869 1688 rem
893 1629 930 1690 ad
950 1630 1021 1706 joca
1041 1637 1173 1690 vertens:
1199 1631 1257 1704 ,Er
1280 1629 1419 1692 16166161
1441 1629 1497 1690 166
1520 1628 1623 1688 Buch-

275 1718 436 1780 drnckheru
464 1733 565 1794 grosse
589 1715 691 1776 Vnrnh
714 1716 772 1775 661
799 1717 954 1777 6161116166
977 1715 1115 1791 Genium,
1147 1717 1224 1779 daun
1253 1717 1312 1778 isat
1336 1717 1419 1794 jeder
1441 1716 1623 1793 Theologns,

273 1805 486 1882 Philosophus,
518 1803 652 1864 Medicus
683 1804 743 1865 661
772 1802 998 1866 Mathematicus
1027 1805 1097 1866 6111
1127 1807 1179 1864 mit
1209 1808 1309 1867 seiuen
1340 1803 1540 1866 (1616661166
1568 1821 1624 1864 ans

274 1895 364 1958 lieoht
385 1893 541 1952 khommsu
564 1887 700 1952 wolleu.“

377 1979 506 2042 Gravius
528 1986 557 2040 at
579 1981 744 2040 accuratius
767 1978 935 2056 aggreditur
957 1995 1019 2039 ram
1041 1981 1070 2038 iu
1092 1978 1167 2045 libro
1189 1978 1291 2052 latino,
1315 1995 1403 2056 quem
1425 1995 1502 2040 anuo
1528 1984 1623 2040 1606.

274 2073 303 2130 16
326 2069 475 2148 66111666
498 2070 595 2128 emisit
616 2069 800 2145 inscriptum:
833 2067 885 2128 De
907 2065 1032 2128 Stella
1054 2066 1159 2126 Nova
1189 2069 1223 2126 in
1253 2067 1354 2128 Pede
1377 2067 1625 2146 Serpentarii.

273 2155 412 2234 Undique
435 2155 566 2216 collectis
590 2157 702 2214 nunciis
726 2154 762 2214 16
785 2155 990 2235 obseruatione
1013 2153 1117 2214 stellae
1140 2157 1234 2231 116666
1257 2172 1295 2226 er,
1316 2163 1378 2214 6116
1401 2158 1574 2216 examinatis
1597 2161 1627 2214 61

237 2283 242 2298 ·
273 2244 450 2326 ponderatis,
473 2261 544 2304 snas
561 2244 652 2320 ipsius
667 2243 890 2302 observationes
904 2243 1139 2302 accuratissimus
1161 2242 1315 2319 subjungit
1329 2251 1537 2321 comparatque
1560 2257 1626 2300 oum
1654 2285 1660 2296 ,

274 2333 334 2394 11116
357 2332 483 2408 indeque
506 2329 619 2406 colligit
640 2329 745 2390 stellae
766 2347 863 2390 novae
878 2329 1090 2406 longitudinem
1109 2327 1164 2388 110
1179 2332 1232 2389 40‘
1255 2329 1299 2402 l,
1323 2329 1507 2390 latitudinem
1526 2327 1559 2390 10
1574 2331 1626 2389 oe¹

274 2429 359 2500 6661,
386 2420 494 2502 „panio
518 2421 667 2492 minorem,
691 2417 729 2476 ob
752 2416 954 2478 retractionem
978 2419 1007 2474 in
1030 2416 1186 2476 altitudine
1211 2414 1303 2477 1900.
1335 2418 1382 2478 Ad
1404 2418 1626 2478 ohservationes

274 2509 403 2570 Fabricii
426 2507 500 2566 haec
523 2515 655 2584 6666161,
679 2505 786 2581 quibus
809 2523 844 2564 66
867 2522 944 2580 6666
966 2521 1056 2581 66616
1077 2504 1219 2565 retulinus
1247 2505 1284 2565 de
1305 2521 1362 2564 usu
1384 2505 1520 2565 familiari
1543 2504 1626 2582 Kep-

273 2595 326 2658 leri
349 2597 526 2674 6166616116
548 2595 633 2653 Frisii
656 2591 842 2670 supplemus:
880 2592 953 2673 „Vir
977 2591 1111 2668 equidem
1142 2592 1209 2652 talis
1232 2593 1262 2650 iu
1285 2595 1504 2672 muonomicis,
1535 2607 1625 2669 66666

275 2701 362 2762 quem
391 2689 457 2760 post
479 2684 654 2752 exstinctam
683 2697 748 2740 curu
779 2687 898 2745 auctore
920 2678 1036 2740 Brahoo
1068 2679 1251 2756 diligentiam
1278 2681 1456 2741 observandi
1486 2680 1627 2740 coelestia

275 2773 368 2836 omnis
391 2774 421 2830 16
444 2767 630 2830 6166166616
652 2775 714 2828 6161
735 2771 909 2840 6661611166,
939 2783 1028 2844 quam
1050 2767 1177 2846 palmam
1201 2767 1243 2826 illi
1265 2776 1406 2844 quantum
1429 2769 1550 2840 6166,
1575 2771 1626 2843 661

195 2885 199 2892 ’
275 2859 396 2922 contuso
421 2855 806 2934 6166661166161661161,
831 2854 902 2916 cedo
926 2854 1059 2916 libenter.
1088 2853 1284 2916 1111661166
1308 2859 1339 2914 in
1361 2855 1500 2916 rimandis
1522 2855 1626 2933 plane·

276 2957 371 3010 tarum
393 2945 520 3006 motibus
547 2945 770 3021 sagacissimum
797 2945 946 3019 ingenium
974 2945 1062 3019 inque
1092 2941 1317 3021 contemplando
1346 2943 1475 3004 studium
1497 2943 1628 3003 iudaice·

273 3052 349 3097 sum.
394 3031 482 3110 Quod
503 3031 680 3108 astrologica
703 3031 807 3090 attinet
831 3029 966 3106 equidem
988 3029 1097 3104 iateor,
1122 3033 1216 3090 virum
1242 3029 1324 3090 illum
1349 3033 1517 3092 auctoritati
1542 3041 1626 3090 rete·

275 3141 339 3184 rum
364 3129 392 3182 et
416 3117 568 3199 cupiditati
592 3117 832 3198 praedictionum,
856 3117 1084 3178 6111666166
1109 3120 1284 3195 conspirant,
1307 3117 1417 3179 alicubi
1438 3119 1627 3178 succumbere

275 3220 306 3274 61
327 3207 455 3288 quodam
478 3209 563 3284 quasi
586 3206 785 3266 enthusiaemo
808 3215 923 3283 6166161
944 3207 1086 3266 rationem
1100 3205 1211 3282 abripi,
1236 3223 1338 3267 661616
1359 3207 1418 3266 1616
1432 3223 1499 3266 cum
1514 3206 1627 3283 ingenti

276 3299 426 3360 doctorum
449 3297 578 3355 virorum
597 3293 683 3355 turba
705 3295 872 3354 communia
893 3287 1012 3354 habet.“

385 3384 450 3444 litis
473 3399 547 3458 quas
570 3381 657 3442 modo
681 3379 807 3440 diximus
837 3380 1093 3441 observationibus
1123 3388 1153 3440 et
1175 3382 1392 3458 comparatione
1420 3397 1628 3442 6661616666

276 3473 343 3538 aliis
372 3481 572 3533 astronomum
599 3487 631 3530 se
660 3466 948 3546 6166161Κ6616166
976 3485 1035 3528 non
1063 3465 1152 3527 modo
1181 3469 1325 3528 imbutum
1347 3469 1510 3546 praeceptis
1531 3475 1628 3528 astro·

276 3562 392 3622 nomiae
420 3561 581 3638 practicae,
614 3555 667 3617 sed
698 3557 786 3616 etiam
822 3563 958 3629 6661661,
991 3553 1135 3615 sincerum
1163 3554 1345 3633 liberumque
1377 3559 1456 3616 omui
1490 3558 1628 3635 opinione

274 3646 485 3728 praejudicata.
532 3643 663 3706 Eundem
685 3661 717 3704 66
739 3643 859 3721 praebet
880 3644 910 3701 in
933 3645 969 3702 iis
985 3659 1061 3719 6666
1083 3651 1258 3719 666666161,
1283 3642 1504 3720 diligentissime
1527 3645 1627 3721 inqui·

276 3751 341 3796 rens
371 3735 437 3796 ioca
459 3733 640 3812 planetarum
669 3733 746 3792 circa
776 3739 890 3808 166666
921 3747 983 3807 666,
1010 3733 1135 3808 primum
1163 3730 1258 3790 illuxit
1287 3747 1367 3792 6666
1393 3731 1480 3791 stella
1510 3737 1541 3790 61
1562 3731 1629 3790 loca

277 3823 427 3886 stellarum
458 3821 581 3880 lixarum
615 3821 644 3878 in
678 3817 950 3888 constellationibus
982 3817 1176 3895 Serpentarii,
1210 3817 1359 3897 Serpentis
1391 3827 1421 3878 61
1449 3819 1628 3896 Scorpionis,

277 3911 377 3989 qualia
399 3929 418 3970 6
438 3908 609 3969 Ptolemaeo
640 3915 670 3968 61
691 3905 833 3983 Tycbone
860 3905 975 3984 prodita
1004 3913 1086 3979 snut,
1118 3922 1297 3984 quamquam
1326 3908 1380 3983 ipsi
1410 3922 1528 3983 quoqne
1551 3907 1630 3966 siout

277 3999 413 4078 'Pyohoui
441 3998 632 4056 iustrumenta
661 3995 770 4070 quibus
799 3994 954 4054 utebantur
985 3993 1153 4072 1666116616
1179 3992 1247 4054 loca
1277 3993 1427 4054 stellarum
1457 3993 1495 4054 61
1517 3993 1629 4070 gradus

275 4095 389 4148 166166
412 4087 542 4161 integros
565 4090 595 4143 et
616 4079 760 4158 graduum
778 4084 896 4142 rniuuta
919 4081 1122 4142 exhibuerunt.

388 4174 431 4232 Ex
454 4173 491 4231 iis
505 4187 583 4248 quaa
606 4169 654 4230 hic
670 4177 699 4229 61
712 4177 818 4248 666166
841 4169 923 4229 611611
946 4187 982 4228 ex
1004 4168 1087 4228 libris
1110 4168 1321 4240 aamouomicis,
1346 4168 1491 4228 uberrima
1507 4166 1630 4246 Kepleri

281 4262 375 4324 elucet
396 4260 530 4322 lectionis
554 4259 649 4338 copia.
694 4257 761 4316 Non
784 4264 897 4318 tautum
920 4255 1122 4316 Ptolemaeum
1145 4264 1174 4317 et
1198 4254 1390 4333 Cupernicum
1414 4265 1443 4315 et
1458 4254 1629 4332 Tycbonem

278 4350 457 4429 penitissime
481 4347 573 4418 66611,
597 4345 649 4406 661
672 4347 759 4404 etiam
774 4359 944 4422 graecorum
959 4343 1173 4420 latinorumque
1195 4343 1423 4420 (6666616166
1446 4351 1629 4402 166116666-

276 4435 394 4516 tiorum)
409 4437 517 4514 scripta
532 4433 684 4510 diligenter
699 4439 897 4510 perscrutatus
913 4441 966 4504 661,
983 4438 1015 4490 61
1027 4431 1159 4504 Aratum,
1177 4430 1331 4504 Artenam,
1349 4431 1515 4504 Firmioum,
1530 4429 1629 4490 ilani·

278 4526 349 4589 lium
364 4523 499 4598 61166666
514 4521 630 4584 661166.
660 4518 800 4580 Similiter
816 4521 843 4577 in
859 4520 1051 4595 sequentibus
1073 4521 1219 4597 capitibus
1242 4517 1442 4578 doctissimum
1458 4535 1490 4577 66
1505 4518 1628 4596 praehet

277 4620 306 4672 61
335 4611 564 4674 versatissimum
591 4615 782 4668 scrutatorem
810 4606 949 4666 librorum
978 4607 1246 4684 philosophicorum
1277 4612 1307 4667 et
1334 4607 1530 4684 politicorum,
1562 4620 1627 4664 cum

279 4699 394 4760 disserit
416 4697 453 4757 ds
475 4698 622 4768 distantia,
647 4695 721 4768 lnce,
745 4693 946 4770 magnitudine
968 4693 1072 4754 stellae
1094 4711 1190 4754 66666
1213 4699 1304 4769 61666
1327 4693 1374 4755 661
1397 4701 1487 4754 testes
1509 4691 1628 4753 adducit

281 4787 329 4846 vei
352 4783 520 4847 1616166166
546 4790 644 4845 666661
668 4779 871 4855 Aristotelem,
897 4780 1102 4856 Plutarchum,
1125 4781 1268 4853 Plinium,
1300 4779 1363 4842 dul.
1387 4779 1627 4856 0666861166-

276 4891 350 4956 1661,
373 4872 538 4952 Virgilium,
563 4871 737 4946 Poetneum,
761 4867 968 4946 Weidnernm,
992 4885 1115 4948 qnorum
1139 4868 1218 4930 dicta
1241 4869 1330 4930 etiam
1352 4866 1523 4930 1166611116
1547 4868 1627 4954 oapi·
