3588 5540
254 427 320 503 922
732 436 818 496 Amici
835 437 949 512 Kspleri
967 438 1001 497 da
1018 436 1078 510 ιιιίιιι
1095 436 1181 499 obitu.

254 610 342 668 tersis.
374 609 428 670 Sed
441 593 519 670 habe
536 613 620 685 paule
638 613 735 685 aldus,
760 618 830 685 quae
849 617 884 672 de
901 619 988 672 morta
1006 613 1092 686 ipsine
1109 614 1207 671 habeo.
1237 614 1358 685 lipparis
1374 615 1494 672 Comitiis
1512 619 1605 672 novur

254 699 410 770 Kepplerus
427 716 527 758 manno
546 704 663 772 strigoso
682 703 803 773 (duobus
822 701 934 759 florenis
952 709 1050 773 postea
1067 701 1143 757 illum
1156 701 1299 772 vendidit),
1317 703 1347 758 in
1363 709 1484 760 neuram
1494 703 1605 759 devenit

256 787 356 842 urbam.
393 787 446 842 Vix
465 789 585 845 triduum
603 791 649 848 hic
667 797 849 847 commoratus
867 789 955 846 calido
973 789 1067 861 coepit
1085 787 1208 846 infestari
1231 788 1333 845 morbo.
1368 790 1455 846 Retus
1472 789 1532 860 ipse
1548 791 1605 861 pri·

246 874 336 953 ¹mites
355 874 451 942 inerat,
469 891 499 932 ae
511 887 595 954 sacro,
608 883 714 936 tautum
733 879 796 949 igne
809 876 938 947 ustulari,
956 875 1071 950 proinde
1088 891 1192 946 susque
1209 865 1298 946 deque
1316 891 1395 933 sunm
1412 876 1517 934 ferebat
1534 894 1605 933 mor·

254 962 326 1018 bum.
363 963 416 1020 Ubi
434 965 538 1034 majore
555 967 662 1024 fervore
680 969 819 1036 urebatur,
837 966 986 1027 adhibuere
1004 971 1177 1035 φλιβοτομιαν
1194 963 1241 1036 qui
1258 965 1330 1021 circa
1347 965 1436 1034 ipsum
1453 971 1538 1036 erant,
1557 966 1607 1021 aed

254 1049 323 1106 nihil
341 1053 498 1108 effecerunt.
535 1057 616 1112 Brevi
635 1056 705 1113 enim
725 1071 757 1112 eo
775 1055 965 1127 redigebatur,
989 1061 1020 1112 ut
1038 1055 1135 1113 ardore
1153 1055 1239 1125 magis
1262 1055 1404 1125 magisque
1419 1062 1560 1111 mercante
1576 1069 1608 1109 se

254 1140 344 1209 ipsnrn
368 1142 521 1198 nesciverit.
557 1144 682 1201 Duranta
708 1146 802 1202 morbo
826 1161 882 1202 non
905 1145 1070 1215 loquebatur
1094 1146 1139 1214 (nt
1155 1143 1215 1200 deri
1232 1143 1348 1205 assolet)
1373 1151 1500 1213 tanquam
1524 1140 1608 1198 animi

254 1244 375 1300 compos.
411 1232 637 1290 concionatorum
660 1234 765 1314 aliquot
785 1236 875 1305 ipsum
900 1235 1006 1306 adiere,
1031 1241 1059 1291 et
1076 1232 1165 1289 vivida
1190 1231 1347 1288 solatiorum
1369 1247 1440 1302 aqua
1457 1233 1547 1302 ipsum
1564 1247 1607 1288 re·

254 1317 352 1375 fecere.
383 1319 505 1376 Tandem
523 1337 599 1380 meus
612 1323 710 1379 Affinis
723 1323 912 1392 sigismundus
932 1322 1145 1393 christophorus
1163 1321 1322 1376 Donaverns
1339 1319 1465 1374 Minister
1482 1319 1608 1388 Evange-

254 1403 324 1461 llcns
343 1407 550 1466 Ratisbouensis
576 1416 605 1465 et
629 1412 719 1482 ipsum
743 1413 928 1482 agonizantem
951 1415 1132 1486 spiritumque
1156 1414 1214 1468 Deo
1237 1411 1394 1467 reddentem
1417 1409 1550 1479 mascula,
1575 1416 1608 1464 nt

256 1493 365 1563 quidem
383 1511 492 1552 semum
509 1499 562 1555 Dei
580 1500 703 1570 addecet,
721 1501 879 1558 consolatus
897 1508 949 1558 ast.
984 1503 1099 1558 Factum
1117 1501 1170 1558 boc
1187 1507 1230 1558 est
1248 1503 1272 1556 5.
1290 1500 1333 1555 die
1346 1500 1506 1557 Novembris
1519 1501 1610 1570 (11630

242 1581 342 1638 'Auno
379 1583 459 1641 Nouo
477 1585 605 1644 humatus
624 1595 666 1643 est
684 1589 712 1645 in
730 1589 893 1646 coemeterio
910 1588 973 1644 Divi
991 1588 1066 1644 Petri
1084 1595 1163 1644 extra
1180 1587 1324 1644 civitatem.
1360 1587 1446 1643 hieria
1465 1587 1536 1642 enlm
1553 1604 1609 1642 non

256 1677 313 1740 ast,
325 1676 357 1726 nt
374 1671 446 1728 intra
463 1675 568 1730 moenia
587 1675 737 1734 Lutherani
756 1677 931 1750 sepeliantur.
967 1678 1131 1734 Gouriancm
1148 1675 1289 1732 funebrem
1310 1673 1406 1731 habuit
1423 1681 1504 1740 antea
1522 1675 1609 1730 nomi·

257 1763 337 1813 name
354 1773 432 1815 meus
450 1759 551 1820 affinis.
588 1763 730 1834 Exequiaa
748 1765 860 1822 fuerunt
878 1767 946 1822 satis
965 1765 1132 1836 splendidae.
1162 1767 1267 1822 'lentus
1285 1761 1407 1820 funebris
1425 1769 1485 1818 erat
1503 1762 1610 1818 desum·

256 1851 302 1901 tus
321 1859 355 1902 er
367 1847 440 1905 ‚Luc
460 1863 521 1919 cap.
541 1851 584 1907 11.
602 1869 624 1907 v.
644 1853 688 1912 28.
707 1854 798 1926 Seelig
816 1853 877 1910 sind
896 1855 939 1912 die
957 1855 1053 1912 Gottea
1072 1859 1151 1910 vert,
1163 1854 1249 1910 hdreu
1267 1860 1319 1910 etc.
1350 1851 1446 1920 ,sedes
1463 1851 1491 1907 in
1511 1851 1610 1921 quibus

256 1935 339 1990 vitam
356 1934 427 1992 finiit
445 1945 510 1994 sunt
526 1939 561 1998 N.
581 1939 812 2000 Hillebrandi.
845 1943 980 2000 Rescnlae
997 1944 1093 2014 ipsius,
1113 1958 1181 2013 quas
1200 1959 1292 1998 secum
1310 1941 1488 1997 Ratisbonam
1506 1939 1609 2009 attulit,

257 2023 344 2091 sindo
363 2031 427 2081 snut
444 2027 623 2086 communitae
640 2047 727 2101 usque
745 2031 780 2088 ad
798 2031 944 2089 adveutum
962 2033 1048 2102 ipsius
1065 2031 1178 2101 Uxoris,
1199 2031 1257 2101 jam
1279 2029 1383 2086 viduae.
1420 2030 1463 2084 lta
1481 2034 1548 2099 puto
1566 2045 1611 2084 me

257 2126 351 2166 omues
378 2113 596 2172 circumstantias
623 2105 875 2179 commemorasse.t
912 2123 988 2177 Haec
1004 2121 1166 2189 l'ischerus,
1195 2121 1294 2191 quibus
1317 2117 1403 2188 addo,
1427 2117 1499 2189 quod
1523 2133 1613 2188 nuper

257 2198 425 2256 Ratisbonsa
447 2205 526 2257 tauta
548 2203 624 2260 illurn
641 2206 794 2277 Imperator
815 2215 909 2266 noster
929 2209 1119 2266 Ferdinandns
1142 2211 1230 2282 gratia
1252 2215 1280 2264 at
1297 2207 1440 2263 clementia
1464 2221 1612 2278 prosaque

256 2287 338 2342 batur
352 2287 426 2344 lecto
444 2289 658 2364 decumbentem,
677 2302 707 2350 nt
720 2311 781 2352 curn
793 2299 883 2353 navim
898 2297 1101 2356 conscendisset
1114 2306 1142 2353 ct
1156 2298 1267 2367 jamjam
1281 2296 1354 2353 abire
1367 2295 1505 2365 voluisset,
1518 2294 1613 2350 audita

258 2373 389 2446 Keppieri
407 2376 522 2434 adversa
543 2380 699 2438 valetudine
716 2398 766 2454 per
784 2400 848 2441 auos
866 2385 956 2454 ipsum
973 2384 1102 2452 invisere,
1128 2386 1208 2454 sique
1225 2383 1262 2444 30
1279 2383 1320 2438 vel
1344 2388 1376 2439 ut
1400 2383 1446 2438 alii
1463 2380 1560 2438 volunt
1577 2381 1612 2437 25

258 2477 402 2520 aureorum
420 2468 610 2536 ungaricorum
628 2470 815 2530 valedictionis
828 2473 936 2530 nomine
954 2471 1046 2528 offerri
1063 2473 1134 2530 serio
1148 2473 1271 2544 jusserit.
1301 2473 1333 2527 In
1351 2469 1446 2527 ultimo
1463 2468 1521 2524 fara
1539 2469 1612 2525 ritas

258 2551 374 2607 articulo
392 2553 588 2628 interrogatus,
611 2573 666 2628 quo
688 2561 778 2617 medio
797 2575 826 2616 sc
844 2559 956 2616 tandem
974 2561 1079 2617 surum
1096 2561 1156 2618 fleri
1174 2559 1281 2630 eredat,
1306 2557 1475 2616 confidenter
1498 2571 1611 2627 respon·

256 2639 354 2696 debat:
378 2643 465 2699 Unico
483 2643 640 2703 Saloutaria
656 2649 747 2706 nostri
763 2648 834 2705 Jasu
853 2649 959 2708 Obsius·
975 2650 1087 2720 marito,
1111 2651 1139 2704 in
1158 2648 1231 2718 qnod
1249 2647 1352 2704 scilicet
1371 2661 1449 2702 omne
1466 2645 1610 2713 refugium,

258 2725 385 2782 solatium
404 2734 432 2783 et
449 2731 564 2786 salutem
582 2749 660 2790 suom
678 2734 819 2793 fundatam
838 2751 899 2793 csse
918 2737 1137 2793 consmntfssime
1161 2735 1314 2792 retestari.
1351 2733 1396 2789 Sic
1414 2732 1523 2788 omnino
1541 2731 1610 2801 peti·

256 2813 324 2871 tioni
348 2822 412 2874 tuae
437 2819 606 2877 satisfactum
630 2829 706 2893 puto.
751 2823 830 2894 Quod
855 2831 942 2882 restat
965 2831 992 2880 et
1015 2841 1065 2896 pro
1091 2823 1184 2880 oblato
1208 2824 1351 2879 illusarum
1375 2826 1425 2876 etc.
1457 2819 1611 2888 sucusque

258 2901 365 2972 favore,
385 2919 440 2974 quo
458 2922 501 2962 me
517 2911 648 2980 prosequi
665 2911 751 2967 literis
769 2913 825 2968 tuis
844 2911 966 2980 voluisti,
989 2927 1033 2967 me
1052 2925 1159 2981 semper
1176 2910 1290 2967 habebis
1312 2908 1387 2964 mdia
1404 2905 1490 2963 modis
1509 2905 1611 2976 obliga·

257 2987 391 3046 tissimum
409 2993 497 3049 Tuum
516 2996 547 3052 8.
565 2997 711 3058 Mum.
741 2997 879 3072 Scriptum
897 2997 1062 3055 Ratisbouae
1080 2999 1123 3055 at.
1142 2997 1206 3056 lan.
1226 2997 1302 3056 1631.
1427 2985 1431 2996 ’

347 3080 562 3140 ·Gulialmns
582 3084 819 3144 Schickardua
837 3089 906 3146 baec
924 3087 1000 3144 dedit
1018 3087 1204 3156 Berneggero:

366 3168 549 3227 Sobiclrsrdns
561 3172 733 3244 Bernegqero
747 3175 775 3232 S.
795 3182 823 3232 et
840 3175 1060 3231 incolumitatem.
1098 3173 1178 3242 Quod
1196 3171 1275 3228 siccis
1293 3169 1379 3228 oeulis
1397 3169 1442 3224 vir
1460 3169 1510 3226 tibi
1527 3171 1612 3240 signi-

259 3253 342 3310 flcara
364 3271 490 3328 possum,
516 3261 730 3329 praeclarissime
748 3267 780 3320 D.
799 3263 984 3333 Berneggers,
1008 3263 1155 3320 amicorum
1172 3259 1314 3329 fidissima,
1334 3257 1505 3314 dissimulare
1521 3265 1612 3314 umen

261 3342 335 3400 baud
354 3345 449 3417 debeo,
468 3363 645 3420 communem,
665 3351 719 3408 ben
738 3353 886 3422 quondam!
906 3357 1029 3408 nothum
1048 3349 1229 3419 Kepplerum,
1252 3347 1321 3402 iliud
1339 3345 1522 3402 mathematici
1541 3346 1612 3402 coeli
1684 3405 1689 3418 ,

259 3429 336 3486 sidus
353 3433 457 3502 primae
474 3436 677 3506 magnitudinis,
697 3438 857 3494 occubuisse
876 3455 909 3494 ac
926 3436 1099 3494 monalitstis
1112 3437 1279 3492 borinoutem
1297 3425 1413 3492 subiisse
1429 3435 1612 3504 proximadie

259 3519 339 3587 outa
359 3520 427 3576 ch.
447 3521 612 3578 Ratisbonae
635 3523 790 3595 ibidemque
812 3523 949 3594 sepultum
971 3523 1059 3594 pridie
1078 3524 1182 3580 lunens
1204 3521 1326 3593 eclipsis,
1350 3529 1381 3577 ut
1404 3537 1501 3593 nempe
1520 3537 1612 3578 coram

202 3645 214 3664 s
260 3623 345 3676 supra
362 3608 506 3678 lustraret,
534 3613 608 3679 quod
626 3611 705 3668 nobis
723 3613 799 3667 humi
817 3611 898 3666 toties
916 3611 1076 3668 monstravit
1100 3617 1183 3681 atqua
1207 3609 1343 3682 praedixit
1361 3607 1451 3668 etiam
1487 3610 1612 3680 Oquam
1641 3615 1645 3621 “

259 3694 458 3754 inaestimabile
476 3696 604 3756 domuum
622 3716 721 3770 passae
739 3706 804 3756 sunt
820 3699 874 3756 hae
891 3698 988 3755 literas
1000 3698 1220 3770 incomparabilis
1233 3697 1283 3753 viri
1300 3697 1390 3754 obitui
1409 3697 1451 3753 Ac
1468 3697 1520 3753 nisi
1533 3699 1612 3756 Bart-

260 3782 353 3838 sohiua
371 3782 484 3855 uliquis,
510 3793 656 3843 conatuum
675 3787 800 3846 conscius
819 3794 847 3844 et
863 3787 968 3860 peritus
987 3786 1149 3842 schedarum
1172 3787 1272 3843 haeres
1294 3785 1498 3856 semiperfectas
1519 3786 1613 3842 iuven·

259 3870 347 3927 tiones
366 3871 499 3940 absolvat,
517 3873 688 3932 fraudabitur
705 3875 853 3945 posteritas
871 3875 988 3932 maximo
1001 3875 1133 3930 nobilium
1147 3873 1363 3944 speculationum
1375 3879 1516 3943 proventu.
1546 3873 1613 3943 Quis

258 3975 324 4016 vero
349 3961 534 4032 Hipparchum
559 3961 640 4019 edat?
676 3963 743 4032 Quis
767 3962 987 4019 observationum
1010 3961 1184 4032 protocolla'l
1215 3957 1413 4030 Ephemcridas
1437 3958 1508 4014 enim
1533 3961 1612 4016 doleo

258 4048 356 4118 minus,
375 4049 440 4119 quia
458 4065 474 4104 e
492 4049 592 4106 tabulis
606 4051 665 4118 jam
683 4051 857 4106 exstantibus
875 4051 1004 4121 aquosis
1023 4049 1173 4120 computari
1191 4055 1321 4119 possunt,
1346 4045 1386 4101 illi
1404 4062 1467 4103 vero
1489 4054 1532 4103 tot
1548 4047 1614 4116 vigi·

211 4177 213 4182 .
259 4135 357 4192 liarum
375 4137 482 4193 fructus
499 4151 555 4192 nou
573 4152 660 4207 aequa
678 4137 815 4207 parabiles
817 4177 915 4195 .....
952 4137 1039 4194 Velim
1065 4137 1147 4192 etiam
1165 4137 1199 4193 D.
1218 4136 1251 4190 D.
1270 4133 1444 4191 Habrecbtus
1462 4133 1614 4193 Aristarchi

259 4224 347 4280 nostri
365 4223 468 4280 obitum
487 4225 625 4283 resciscat.
661 4225 766 4280 valete.
794 4227 936 4295 Tubinqaa
955 4225 981 4281 d.
1004 4227 1044 4282 15.
1062 4224 1133 4280 Nov.
1152 4225 1185 4292 (ιι.
1205 4225 1251 4294 st.)
1270 4223 1348 4280 1630.

365 4312 442 4368 Idem
461 4311 643 4367 adeundam:
663 4313 794 4384 Obsecro,
813 4314 880 4383 quid
897 4313 983 4370 habes
1002 4311 1037 4368 de
1054 4317 1129 4367 statu
1146 4310 1243 4367 viduae
1262 4310 1421 4381 (Kepieri)i
1452 4311 1495 4367 Au
1513 4311 1613 4381 dagani

261 4401 398 4470 persistet,
417 4407 465 4457 ant
477 4399 642 4456 Frldlandus
655 4401 769 4471 medam
782 4401 894 4472 pupillis
912 4402 994 4456 etiam
1006 4405 1145 4471 prorogat,
1164 4398 1239 4470 quod
1256 4399 1382 4469 equidem
1394 4398 1515 4456 defuncti
1528 4399 1614 4457 virtus

260 4495 288 4544 et
305 4487 421 4544 eruditio
439 4494 598 4545 mereretur.
634 4489 702 4544 Item
721 4489 767 4546 nbi
785 4497 841 4547 mm
859 4489 906 4548 diu
922 4491 956 4546 D.
973 4488 1148 4555 Bartschius‚
1168 4488 1308 4559 ecquando
1326 4495 1481 4546 revertetur
1497 4489 1533 4544 acl
1551 4505 1613 4560 pro·

261 4573 406 4630 fossionem
424 4575 476 4632 sibi
493 4576 632 4634 vobiscum
650 4575 834 4634 destinatam?
864 4578 910 4634 Ex
928 4577 1029 4635 reduce
1046 4592 1113 4634 avec
1132 4577 1215 4646 scire,
1240 4575 1305 4646 quid
1324 4577 1358 4633 de
1375 4575 1529 4646 posthumis
1546 4577 1614 4633 Ura·

262 4661 329 4716 uicis
348 4662 511 4734 sperandum
531 4665 566 4722 sit
585 4665 620 4734 (d.
639 4665 681 4722 23.
701 4665 769 4735 Mej,
789 4665 877 4736 tuat).

363 4749 556 4820 Berueggerus
579 4752 736 4823 respondit:
763 4753 806 4809 Da
824 4752 1017 4824 Keppleriania
1041 4754 1124 4810 rebus
1148 4753 1194 4808 vix
1216 4751 1362 4822 quicquam
1379 4751 1449 4822 scio,
1470 4751 1524 4808 uisi
1541 4752 1613 4823 quod

264 4837 382 4906 memini,
400 4837 434 4894 Ι).
453 4839 625 4896 Bartscbinm
643 4841 749 4912 pridem
768 4841 919 4911 scripsisse,
938 4841 974 4897 ad
992 4841 1167 4900 excudendas
1186 4839 1391 4898 observationes
1404 4839 1575 4912 habenisue
1587 4846 1615 4896 et

263 4932 354 4982 cetera
370 4923 557 4984 Fddlandinm
580 4926 677 4986 ducam
704 4929 740 4988 ob
763 4935 896 4992 mutatum
918 4945 1008 4991 rerum
1031 4943 1142 4990 enarum
1166 4933 1268 4990 suum
1289 4933 1395 4988 sumtus
1416 4941 1474 4988 nou
1496 4929 1613 5001 amplius
