3588 5540
292 355 356 424 942
804 354 1001 428 VitaTJoaanip
1019 355 1140 428 Kepleri.

293 534 454 610 tombergia
484 535 620 596 inimices
649 533 760 596 nullam
797 534 888 596 ,aliam
926 536 965 595 ob
996 553 1056 598 rem
1085 553 1179 612 usqne
1208 533 1246 596 ad
1264 555 1382 600 ¹sonum
1409 543 1490 599 teto
1524 555 1636 600 causam

292 623 454 694 distulisse,
478 639 566 698 quam
589 621 669 699 quod
692 625 870 699 imperatorii
886 625 1046 684 astronomi
1062 625 1236 684 auctoritate
1259 643 1318 686 rem
1341 643 1424 686 suam
1439 628 1534 686 minus
1556 643 1636 702 proe-

289 727 358 786 pere
381 725 582 770 successuram
606 728 670 770 esse
698 717 862 788 sperarent,
894 711 1072 788 eosdemque
1095 720 1157 771 tum
1181 709 1297 772 demum
1320 715 1455 774 omnibns
1479 715 1588 774 viribus
1609 716 1635 772 in

289 798 439 856 mulierem
468 799 566 857 subito
597 814 633 858 ex
664 809 821 858 accusante
853 816 931 858 ream
962 800 1070 858 lectam
1100 816 1255 876 aggressos
1285 819 1364 876 esse,
1396 819 1462 861 cum
1485 804 1636 861 acerrimus

288 884 418 944 mulieris
448 883 581 946 defensor
611 884 650 946 ad
680 886 886 964 simpliciorem
918 887 1138 948 Austriacornm
1168 887 1300 960 ordinum
1330 889 1487 950 astronomi
1518 887 1636 966 gradum

290 971 495 1036 descendisset.

223 1128 228 1142 1
393 1061 481 1120 Brevi
511 1067 667 1138 postquam
699 1062 832 1122 [sincium
853 1060 950 1138 Praga
980 1061 1171 1140 demigravit,
1203 1062 1262 1124 alla
1289 1065 1315 1124 ei
1343 1063 1450 1124 accidit
1479 1061 1636 1124 calamitas.
1704 1077 1705 1080 ’

288 1145 458 1208 Jam'anno
485 1154 578 1209 1608.
610 1149 680 1208 dum
702 1149 895 1226 Stuttgartiee
926 1157 1005 1211 esset
1028 1167 1046 1208 a
1070 1151 1151 1209 Doce
1174 1153 1311 1227 petierat,
1344 1163 1375 1210 ut
1396 1153 1468 1225 sibi,
1493 1149 1636 1228 quondam

289 1239 415 1312 pecunie
443 1236 563 1312 publica
590 1238 619 1296 io
643 1236 893 1313 Wiirttembergia
914 1239 1065 1310 instituto,
1097 1242 1141 1296 cui
1166 1239 1204 1296 ob
1227 1239 1257 1298 id
1286 1239 1456 1299 beneficium
1485 1242 1515 1297 in
1547 1241 1638 1314 patria

288 1341 393 1384 munus
416 1323 536 1400 aliquod
559 1326 623 1384 sibi·
640 1324 770 1386 oblatum
794 1335 872 1385 esset
895 1324 1078 1398 obeundum,
1110 1327 1210 1385 liceret
1236 1325 1306 1386 alibi
1330 1345 1434 1386 munus
1458 1328 1544 1398 inire,
1575 1343 1636 1384 cum

288 1413 317 1468 in
342 1413 393 1470 tali
417 1429 511 1472 rorum
534 1411 727 1489 Pregeosium
749 1421 828 1472 statu
851 1413 1005 1489 probabile
1029 1420 1121 1487 esset,
1145 1416 1328 1490 imperatoris
1351 1415 1477 1474 osticium
1499 1431 1564 1473 sese
1587 1413 1637 1471 de-

287 1501 461 1575 positurum.
506 1499 680 1576 Siquidem
703 1503 760 1577 ipsi
783 1503 812 1558 in
836 1503 931 1577 petria
954 1501 1092 1561 idoneum
1115 1518 1219 1560 munus
1243 1501 1396 1576 traderent,
1421 1502 1545 1562 libenter
1569 1499 1638 1558 illud

287 1603 319 1646 se
342 1605 406 1647 esse
429 1595 648 1664 suscepturum,
679 1588 763 1647 aliter
785 1587 844 1648 elio
876 1588 940 1648 loco
969 1587 1164 1649 conditionem
1195 1589 1250 1648 sibi
1278 1598 1387 1666 petere.
1433 1587 1529 1664 Quum
1553 1591 1638 1665 igitur

289 1674 357 1734 Dux
378 1677 441 1751 ipse
465 1675 587 1751 ejusque
611 1675 770 1736 consiliarii
793 1680 856 1736 riro
880 1695 915 1736 eo
940 1685 1068 1753 tempore
1088 1677 1151 1752 jam
1173 1676 1334 1736 clarissimo
1357 1677 1511 1753 Tubiogae
1534 1693 1638 1734 munus

287 1765 484 1838 promtissime
507 1766 606 1822 animo
622 1766 832 1842 promisissent,
857 1764 1002 1840 Keplerns
1017 1763 1096 1822 baud
1112 1766 1257 1840 ignorans,
1281 1767 1376 1824 minus
1392 1763 1482 1825 libere
1497 1763 1534 1823 de
1549 1764 1638 1823 sacris

288 1850 375 1910 rebus
399 1852 528 1926 cogitare
551 1851 744 1929 Stuttgartiae
776 1854 980 1912 consistorium
1010 1859 1040 1912 et
1061 1851 1215 1928 Tubingae
1245 1853 1400 1928 collegium
1430 1851 1638 1928 theologicum,

288 1937 444 1998 honestum
467 1941 593 2015 putavit,
617 1940 815 2000 dissensiones
838 1957 908 2000 suas
924 1955 982 2026 nco
998 1940 1093 2000 celare
1108 1956 1217 2014 easque
1232 1938 1332 2000 libello
1348 1939 1385 1999 ed
1401 1939 1514 1999 Ducem
1530 1941 1638 2015 scripto

287 2025 420 2100 pluribus
443 2029 587 2103 exposuit.
620 2027 677 2102 Qui
701 2045 766 2087 cum
789 2047 809 2087 a
831 2028 1004 2090 consistorio
1024 2029 1198 2086 senientiam
1213 2026 1400 2106 postulasset,
1425 2029 1639 2103 iniquissimum

288 2113 324 2172 de
346 2131 376 2173 re
400 2113 579 2190 Koplcriane
606 2114 750 2190 judicium
772 2115 882 2176 iactum
906 2124 951 2174 est
973 2124 1002 2174 et
1024 2112 1187 2191 Keplerus,
1218 2132 1270 2193 spe
1293 2132 1347 2174 sue
1370 2115 1638 2192 depositapatriae

287 2203 440 2276 inservire,
463 2201 590 2277 Pragam
613 2202 706 2263 rediit
731 2205 796 2272 (cir.
810 2223 836 2276 p.
851 2205 904 2262 784
917 2221 955 2262 ss.

392 2289 555 2367 Praecipue
569 2289 689 2366 Kepleri
713 2291 855 2350 dissensio
879 2298 941 2350 erat
964 2289 999 2350 tle
1023 2306 1106 2350 sacra
1130 2306 1230 2364 coena,
1254 2291 1400 2349 maximae
1422 2296 1521 2348 autem
1545 2289 1639 2348 olien-

274 2377 363 2434 -sioni
385 2377 489 2451 luerat,
514 2377 592 2453 quod
615 2385 645 2436 et
668 2377 823 2454 theologos
846 2378 1031 2438 Lutberenae
1053 2377 1122 2437 fidei
1145 2377 1325 2438 consessores
1349 2395 1413 2437 com
1437 2394 1544 2436 causae
1568 2375 1638 2435 Cal·

286 2465 424 2524 vinianae
446 2467 639 2526 sectatoribus
663 2467 818 2543 benignius
841 2465 948 2524 babere
972 2469 1175 2528 commercium
1198 2464 1373 2541 postularet,
1404 2473 1433 2523 et
1455 2463 1638 2538 Concordiae

286 2551 442 2612 Formulae
472 2571 537 2614 sese
565 2555 652 2634 „sine
682 2555 872 2630 exceptione“
899 2555 1128 2630 subscripturum
1153 2560 1281 2630 negaret.
1328 2551 1386 2629 Qui
1412 2567 1477 2611 cum
1503 2551 1638 2610 Lincinm

272 2641 428 2712 venisset,
460 2640 554 2700 Lincii
578 2639 896 2714 sacerdosHitaler,
927 2649 957 2700 et
983 2643 1046 2718 ipse
1074 2641 1320 2716 Wiirttembergia
1350 2647 1436 2699 natus
1463 2649 1554 2716 atque
1577 2641 1639 2698 sine

285 2726 374 2786 dubio
397 2743 416 2786 a
439 2727 561 2804 collegis
584 2729 855 2804 Wiirttembergicis
884 2728 919 2788 de
942 2727 1061 2804 Kepleri
1083 2728 1166 2788 ialsis
1189 2728 1376 2804 opinionibus
1405 2728 1509 2786 certior
1531 2726 1637 2798 taetus,

285 2814 322 2872 ab
351 2831 387 2874 eo
416 2815 632 2891 postulaverat,
664 2825 695 2876 nt
726 2815 906 2876 Concordiae
929 2816 1084 2876 Formulae
1113 2816 1283 2892 simpliciter
1310 2815 1504 2875 subscriberet
1533 2826 1564 2874 er
1592 2829 1639 2872 re·

235 2908 240 2924 ¹
285 2909 417 2975 vocaret,
449 2921 525 2979 quae
553 2902 589 2962 de
619 2903 710 2963 Sacra
738 2904 838 2964 Coena
870 2903 1078 2978 dubitavisset,
1110 2904 1195 2962 aliter
1224 2902 1304 2961 illam
1336 2904 1363 2962 ei
1385 2900 1571 2961 interdictum
1594 2901 1638 2961 iri.

212 3027 215 3036 ·
286 2987 351 3062 Qus
375 2989 411 3048 de
433 3007 463 3050 re
488 3009 553 3051 curn
577 2999 762 3052 astronomus
785 2989 823 3050 ad
847 2993 1052 3052 consistorium
1075 2991 1370 3066 Wiirttembcrgicum
1392 2987 1527 3065 querelas
1551 2989 1639 3048 dctu-

283 3074 380 3151 lisset,
405 3077 482 3151 inde,
506 3077 586 3156 quod
608 3081 727 3138 minime
750 3079 921 3153 mirandum,
945 3079 1091 3156 repulsam
1113 3078 1221 3138 retulit.
1265 3077 1359 3138 Lincii
1382 3080 1481 3152 itaque
1505 3093 1523 3136 o
1547 3076 1639 3136 Sacra

284 3162 385 3223 Coena
406 3165 571 3242 prohibitus
595 3174 624 3226 et
647 3169 732 3243 quasi
754 3175 825 3227 noio
847 3167 985 3226 baeretici
1009 3167 1129 3226 affectus
1151 3172 1229 3238 erat,
1261 3164 1341 3240 quod
1364 3164 1480 3240 quidem
1504 3164 1638 3240 inprimis

283 3249 413 3312 familiae
437 3270 527 3312 cause
549 3257 709 3330 aegerrime
733 3255 814 3328 tulit,
839 3272 927 3331 qnam
950 3255 988 3314 ob
1012 3272 1071 3314 rem
1087 3261 1190 3330 postea
1206 3270 1323 3328 quoquc
1346 3253 1450 3312 iterum
1472 3253 1639 3325 iterumque

283 3339 441 3414 nitebatur,
465 3348 496 3399 ut
518 3341 595 3400 banc
618 3342 851 3402 interdictionem
873 3361 892 3400 a
914 3359 946 3400 se
969 3341 1126 3402 decuteret.
1172 3339 1238 3416 Qua
1270 3339 1306 3400 de
1337 3357 1366 3400 re
1394 3355 1467 3416 quas
1495 3338 1639 3416 epistolas

283 3425 428 3502 Keplerus
457 3427 494 3486 ad
518 3427 761 3488 Halenreiierum·
779 3438 808 3489 et
831 3431 979 3506 scripserit
1008 3437 1036 3489 et
1064 3430 1102 3489 ab
1129 3427 1233 3488 eodem
1263 3431 1425 3503 acceperit,
1451 3427 1513 3502 jam
1548 3441 1639 3504 supra

284 3519 324 3586 (p.
344 3517 396 3572 eoi
414 3519 464 3586 ss.)
492 3515 630 3576 traditum
652 3524 711 3592 est;
743 3519 909 3593 exquibus
938 3522 1074 3593 apparet,
1106 3515 1230 3576 eundem
1258 3533 1345 3591 quam
1368 3517 1494 3574 maxime
1521 3519 1640 3592 poterat

286 3603 400 3675 veriori,
425 3619 512 3678 quern
528 3603 634 3663 bebere
650 3621 682 3664 se
697 3605 841 3682 putebant
855 3603 1112 3680 Wiirttembergiei
1129 3603 1266 3678 theologi,
1290 3602 1475 3662 Lutbereuae
1491 3601 1550 3677 legi
1567 3616 1639 3678 pro·

285 3692 351 3766 pius
375 3689 512 3750 accedere
534 3691 692 3764 studuisse,
716 3710 786 3752 suae
810 3693 902 3769 ipsius
926 3701 1024 3752 entem
1045 3693 1209 3750 sententiae
1232 3691 1349 3750 minime
1373 3690 1495 3748 oblitum
1519 3688 1638 3748 dissen-

285 3780 397 3836 sionem
427 3793 510 3836 suam
542 3778 641 3855 palam
670 3782 919 3857 pronunciavisse.
965 3778 1153 3838 Calvisianoe
1180 3779 1257 3837 enim
1280 3793 1457 3854 causamque
1481 3775 1639 3835 Calvinia-

284 3882 352 3924 nam
380 3865 614 3925 Lutlreranorum
643 3867 672 3924 in
702 3885 811 3927 morem
842 3866 1012 3944 simpliciter
1049 3865 1241 3926 condemnare
1270 3864 1371 3946 procul
1401 3863 1505 3924 aberat
1533 3881 1553 3922 a
1582 3863 1638 3922 viri

284 3953 455 4028 honestate,
486 3951 667 4013 Concordiae
695 3963 793 4014 autem
815 3954 957 4014 formulae
978 3972 1011 4014 sc
1033 3955 1262 4031 subscripturum
1286 3969 1349 4013 esse
1372 3951 1580 4030 profitebatur,
1612 3951 1640 4008 si

284 4041 341 4100 sibi
362 4040 471 4116 liceret,
494 4041 658 4118 subscripto
680 4046 791 4101 nomini
814 4061 849 4102 ea
872 4041 992 4116 addere,
1015 4042 1175 4118 inquibus
1202 4043 1264 4119 ipse
1287 4041 1461 4100 dissentiret.
1508 4037 1578 4112 Qua
1602 4035 1638 4096 de

285 4145 314 4188 re
337 4128 408 4204 quid
430 4127 623 4204 Stuttgartiae
646 4133 848 4191 consistorium
869 4129 1056 4206 judicaverit,
1078 4129 1155 4189 clare
1177 4135 1300 4207 apparet
1321 4145 1357 4188 ex
1379 4125 1575 4186 insolentibus
1592 4124 1638 4182 bie

285 4217 392 4290 verbis,
416 4234 492 4293 quae
515 4215 550 4275 de
573 4233 663 4276 causa
677 4217 856 4295 Kepleriano
879 4236 894 4276 e
915 4219 1088 4277 consistorio
1105 4233 1179 4276 nnus
1196 4217 1232 4276 ad
1250 4216 1442 4294 professorem
1458 4213 1638 4290 Tubingen·

284 4321 345 4364 sem
368 4306 498 4381 scripslts
520 4303 695 4380 Beireffcrtd
718 4305 907 4382 Kepplerum
929 4305 982 4364 leci
996 4321 1072 4364 mart
1086 4305 1239 4363 nuomebr
1261 4306 1317 4362 mit
1337 4303 1475 4378 selbiperrt
1493 4301 1637 4360 Scbwe're·

283 4391 449 4450 delbirrrlr're
479 4393 554 4469 lnnp
575 4393 751 4474 percantet,
782 4395 855 4454 eber
876 4392 1093 4468 serpebant-ich,
1122 4393 1190 4452 und
1218 4391 1290 4450 lassi
1316 4409 1348 4450 er
1374 4391 1437 4450 ilem
1459 4391 1507 4447 nit
1527 4405 1635 4464 supere.

284 4477 364 4540 Mart
376 4479 461 4538 bono
475 4479 549 4540 decb
563 4480 665 4540 kdncr
679 4482 815 4542 anderen
830 4485 978 4562 meinung
998 4479 1067 4540 cmo
1081 4482 1173 4538 scices
1188 4479 1371 4556 lctzlriiptlias
1385 4477 1487 4536 willer
1500 4475 1635 4536 werdere.

209 4559 212 4572 ’
388 4566 466 4624 Dum
490 4567 584 4627 Lincii
607 4577 678 4641 erat,
702 4569 822 4648 Kepleri
844 4572 1002 4647 praecipua
1025 4585 1114 4644 opera
1136 4566 1215 4626 edita
1237 4576 1318 4626 eunt:
1343 4565 1548 4624 astronomiae
1573 4561 1635 4622 Oo-

284 4654 456 4732 pornicanae
479 4655 628 4732 Epitome,
652 4655 822 4731 Harmonia,
850 4657 916 4714 libri
940 4655 1151 4732 chronologici,
1175 4651 1395 4731 Ephemerides,
1424 4652 1636 4712 siereometria

284 4738 441 4815 doliorum,
462 4741 663 4820 ,Logaritbmi
713 4743 847 4804 Tabulae
880 4741 1087 4820 Rudolpbioee
1116 4741 1224 4802 ibidem
1254 4741 1390 4801 editionis
1426 4757 1515 4799 cause
1543 4755 1635 4816 prae-

281 4833 404 4911 paratae
426 4835 503 4896 sunt.
534 4829 647 4910 Quibus
662 4831 770 4894 tabulis
786 4833 922 4913 (quarum
945 4837 1031 4909 typos
1053 4831 1218 4892 numerales
1241 4845 1296 4890 sua
1317 4829 1441 4910 pecunia
1456 4829 1517 4910 ipse
1532 4825 1634 4891 Linoii
