3624 5554
240 395 307 467 720
670 400 672 409 “
751 395 817 455 Vita
832 394 948 456 ioannis
965 396 1087 470 licpleri.

191 593 197 614 =
240 578 349 656 optimc
372 573 517 636 collocare
539 591 591 654 per
613 575 669 638 boc
691 539 886 655 interregnum
899 576 1119 640 scholasticum.
1156 543 1276 638 Utinam
1290 575 1321 636 id
1338 574 1519 655 perpendant
1536 579 1589 636 ant
1611 555 1617 558 ”

206 687 213 699 „
239 682 258 724 a
279 664 419 742 quopiam
441 662 633 740 edoceantur,
662 681 694 725 sc
715 681 852 741 magnam
880 677 992 746 partem
1019 665 1144 744 gloriae,
1172 681 1261 742 quam
1284 665 1318 729 G.
1339 662 1405 722 uo·
1426 670 1590 742 aucupatur

239 753 331 811 tribus
354 757 407 810 ant
427 759 553 828 quatuor
575 750 715 812 florenum
739 754 868 815 millibus
892 758 921 813 in
943 770 1036 815 annos
1059 752 1199 830 singulos,
1223 753 1338 812 nonnisi
1363 754 1472 813 usitato
1488 759 1518 812 et
1532 751 1589 811 boc

239 839 346 916 exiguo
369 838 559 899 ducentorum
580 839 726 918 stipendio
749 839 788 900 ad
809 859 842 902 se
865 841 998 902 derivare
1020 857 1116 920 posse.
1161 839 1219 901 Sed
1241 846 1271 901 et
1292 839 1359 920 plus
1382 847 1480 920 petere
1503 837 1589 898 vids-

238 927 299 999 bor‚
324 943 412 1004 quam
434 944 531 988 meam
553 925 655 988 deceat
677 927 860 990 modestiam.
890 929 962 990 Jam
976 931 1092 988 noviter
1114 929 1191 989 enim
1212 927 1303 990 literis
1327 929 1414 989 amici
1436 924 1589 1003 cujusdam

239 1016 309 1074 mibi
331 1014 456 1076 relatum
478 1023 533 1088 est,
555 1013 687 1076 decretos
709 1016 780 1075 mihi
803 1015 945 1078 ducentos
967 1015 1096 1077 thaleros
1123 1032 1176 1094 pro
1200 1014 1327 1076 editione
1350 1021 1381 1076 et
1403 1014 1588 1075 dedicatione

237 1096 330 1163 libelli
352 1104 419 1162 mei.
463 1101 568 1179 ltaque
598 1109 711 1162 tanturn
741 1103 826 1164 abest
849 1113 881 1164 ut
911 1107 973 1184 ipse
1002 1121 1057 1181 ego
1085 1119 1258 1164 consensum
1288 1103 1423 1164 ordinum
1453 1104 1482 1160 in
1512 1101 1589 1162 banc

238 1207 349 1250 moram
372 1206 467 1262 uncam
495 1196 593 1268 patere
614 1194 739 1269 possim,
772 1199 805 1251 ut
825 1194 876 1253 vix
897 1194 983 1253 aliter
1006 1192 1125 1252 infantia
1147 1207 1245 1252 carcre
1273 1193 1383 1271 possim
1410 1191 1481 1264 nisi,
1512 1187 1588 1250 ultro

236 1280 339 1357 jussus
362 1278 401 1337 ab
423 1279 494 1356 ipsis
516 1278 564 1338 bic
586 1295 711 1353 mouera,
734 1278 834 1362 molid
855 1296 942 1357 aegre
964 1280 1059 1340 iecere
1081 1278 1224 1340 simulem.
1385 1329 1387 1334 ,
1594 1321 1599 1332 .

343 1363 455 1442 Quodsi
478 1363 559 1425 solua
581 1364 684 1444 'lycho
714 1366 822 1426 scribat
842 1366 882 1427 ad
905 1367 1060 1441 Proceres,
1092 1365 1172 1443 qnod
1199 1383 1230 1426 sc
1257 1363 1402 1426 iacturum
1424 1363 1587 1444 pollicetur,

239 1451 341 1514 videor
363 1469 422 1512 non
444 1454 517 1513 satia
539 1453 663 1512 multum
689 1456 873 1531 magistratui
896 1473 961 1516 mco
985 1456 1161 1529 tributurus,
1193 1453 1295 1513 videor
1315 1454 1403 1513 nimis
1425 1451 1588 1527 neglectam

238 1543 424 1602 instituturus
446 1541 627 1618 petitionem,
652 1548 684 1600 ut
706 1541 819 1603 scilicet
840 1544 953 1619 integra
974 1544 1151 1604 universitas
1173 1543 1288 1620 privato
1311 1539 1429 1600 domino
1445 1538 1589 1600 concedet

238 1631 402 1690 ministrum
424 1645 519 1690 suum.
564 1626 631 1703 Quo
659 1636 746 1708 pacto
776 1635 890 1703 metuo,
920 1638 954 1690 ut
981 1631 1129 1707 repulsam
1157 1629 1250 1690 ieram
1276 1636 1329 1688 aut
1357 1628 1428 1688 mihi
1457 1626 1588 1705 plenaria

238 1717 346 1778 missio
370 1722 564 1795 proponatur,
595 1716 896 1794 comminigrans
924 1716 1067 1779 accideret
1097 1725 1215 1797 propter
1242 1733 1378 1791 uxorem,
1400 1731 1533 1777 socerum
1554 1721 1586 1774 at

239 1803 341 1866 affines
363 1806 393 1862 iu
416 1804 524 1882 Styria.
1445 1867 1450 1882 Ι

192 1889 195 1900 ’
341 1889 412 1950 Jam
434 1909 514 1965 nero,
537 1898 570 1950 ut
591 1890 699 1969 fingam
722 1892 842 1954 concedi
864 1892 944 1966 mibi,
968 1891 1048 1969 quod
1070 1893 1214 1972 petiturus
1236 1909 1309 1967 sum,
1333 1908 1392 1951 non
1414 1889 1496 1951 leves
1518 1893 1587 1948 scot

238 1978 425 2040 difficultates
452 1981 666 2040 oeconomicao.
712 1980 815 2041 Deseri
846 1997 919 2040 uxor
948 1981 1061 2056 integro
1091 1980 1208 2040 biennio
1239 1979 1285 2041 val
1315 1978 1442 2058 amplius
1463 1978 1586 2038 honeste
1620 2018 1626 2024 -

238 2084 298 2129 non
321 2073 427 2146 potest.
472 2068 510 2126 At
532 2069 557 2126 si
580 2067 638 2130 huc
660 2066 830 2143 adducatur,
854 2085 912 2128 non
934 2069 989 2128 erit
1010 2068 1041 2126 id
1063 2070 1126 2130 sice
1153 2072 1259 2130 sumtu.
1306 2067 1368 2128 Nec
1390 2066 1475 2126 aliter
1497 2081 1587 2142 quam

237 2156 361 2217 honeste
383 2162 413 2214 ct
434 2155 524 2214 misso
555 2171 639 2214 curru
668 2155 811 2216 deducere
839 2155 920 2214 illem
951 2171 1079 2233 possum.
1125 2153 1198 2230 Quis
1229 2171 1299 2232 ergo
1328 2161 1442 2214 sumtus
1472 2151 1510 2212 ad
1533 2153 1588 2212 iter

238 2242 453 2322 suppeditabit,
485 2241 521 2301 de
548 2245 720 2303 necessariis
751 2243 788 2303 ad
817 2242 942 2303 reditum
966 2244 1032 2319 quia
1059 2243 1199 2303 cavebit?
1236 2241 1326 2318 Quis,
1356 2259 1432 2319 quac
1456 2239 1586 2300 domiin

237 2329 364 2412 praediis
386 2331 484 2388 uxoris
505 2329 707 2407 negliguntur,
731 2333 878 2405 restituet,
902 2333 967 2406 quis
989 2331 1139 2406 neglectae
1163 2329 1384 2390 commoditates
1406 2335 1435 2388 et
1458 2339 1587 2403 aruncum

238 2416 372 2492 reditum,
396 2424 511 2477 centum
534 2418 660 2496 amplius
682 2417 799 2478 florenis
814 2417 1037 2491 aestimandum,
1060 2435 1096 2478 ex
1112 2417 1240 2478 donariis
1255 2419 1417 2478 lavantium
1431 2414 1501 2474 mihi
1516 2431 1587 2493 pro·

239 2523 336 2568 cerum
367 2504 590 2584 compensabit?
625 2507 672 2565 An
702 2505 783 2565 scius
805 2505 908 2584 Tyclro
939 2505 1060 2566 omnia'?
1101 2505 1158 2564 Via
1188 2506 1285 2566 saciet.
1331 2505 1377 2564 An
1407 2519 1462 2580 ego
1490 2503 1589 2562 omnia

239 2595 437 2655 astronomiae
467 2609 557 2653 cauea
586 2591 755 2670 negligam?
792 2591 924 2666 Vellem,
955 2595 981 2653 si
1010 2594 1082 2653 mibi
1108 2599 1296 2672 suppeterent
1326 2590 1444 2652 aliunde
1474 2598 1587 2649 sumtus

238 2682 396 2744 necessarii
418 2679 457 2740 ad
479 2679 614 2740 alendam
636 2680 703 2740 loco
726 2684 878 2759 peregrino
901 2680 1058 2756 familiam,
1088 2683 1113 2740 si
1136 2698 1194 2742 non
1217 2681 1253 2741 de
1276 2681 1374 2741 uxoris
1395 2695 1480 2738 meae
1501 2677 1587 2737 bonit
1666 2695 1670 2708 ¹

239 2775 388 2847 ageretur,
420 2786 543 2844 quorum
573 2777 651 2829 tutor
673 2771 834 2848 cumsim,
866 2768 1035 2846 diligentem
1065 2786 1111 2828 me
1133 2768 1284 2830 custodem
1312 2785 1376 2830 esse
1403 2767 1481 2826 lama
1502 2771 1588 2844 post·

238 2857 328 2919 huma
346 2856 442 2934 jubet.

343 2942 458 3018 Quodsi
479 2941 550 3003 mibi
573 2951 687 3004 constet
708 2943 911 3006 adducendam
934 2961 1067 3019 uxorem,
1086 2943 1149 3020 jam
1172 2943 1245 3003 illud
1267 2938 1489 3020 dispiciendum,
1511 2945 1589 2998 tem·

239 3032 340 3111 porine
362 3049 480 3109 parcam
508 3033 571 3109 ipse
603 3047 658 3107 ego
681 3039 711 3091 ct
733 3031 825 3092 alium
848 3035 898 3110 qui
922 3048 1040 3092 uxorem
1063 3031 1191 3092 adducat
1218 3030 1379 3091 conducam
1402 3047 1438 3088 aa
1461 3043 1587 3088 consan-

239 3120 353 3194 guineis
376 3119 449 3195 ejus,
473 3119 552 3195 quod
575 3118 711 3195 equidem
725 3119 835 3194 malim,
858 3137 895 3179 en
917 3136 988 3179 nero
1012 3119 1075 3197 lpse
1090 3118 1274 3190 descendam,
1297 3119 1395 3178 omnia
1410 3133 1508 3176 coram
1524 3114 1588 3173 dis·

240 3222 356 3285 ponam,
380 3221 499 3266 uxorem
522 3207 643 3266 honeste
666 3210 831 3284 praesentia
851 3223 917 3268 mea
939 3209 1068 3280 comiter,
1092 3208 1177 3266 etsie
1193 3210 1281 3266 etiam
1296 3223 1343 3266 me
1366 3208 1470 3264 iterum
1486 3203 1587 3262 elatam

239 3292 439 3355 Proceribusi
469 3293 616 3354 Fortassis
638 3293 669 3352 id
691 3297 734 3353 ita
756 3293 817 3354 lieri
840 3292 1004 3354 consultum
1027 3296 1116 3354 etiam
1138 3303 1255 3374 propter
1275 3310 1372 3354 meam
1393 3291 1588 3352 existimatio·

239 3397 316 3456 nem,
338 3399 376 3441 ne
398 3388 501 3459 putent
515 3379 670 3455 Ordinarii,
694 3399 758 3442 mcc
781 3381 918 3441 instinctu
942 3381 1003 3441 lieri
1025 3385 1091 3456 ista,
1114 3381 1166 3442 sed
1188 3383 1317 3442 babeant
1336 3398 1383 3441 mc
1407 3386 1586 3452 excusatum,

239 3471 266 3530 si
288 3469 441 3547 quiescens
465 3486 520 3546 ego
543 3467 623 3528 domi
643 3469 736 3528 litoris
758 3485 878 3530 revocer
899 3471 929 3527 in
951 3466 1133 3534 Bohemiam.
1226 3492 1228 3501 ¹

345 3554 422 3617 lllud
445 3559 534 3632 etiam
556 3555 815 3631 considerandum,
846 3574 934 3634 quem
962 3555 1059 3617 locum
1081 3557 1118 3617 ad
1141 3555 1333 3618 habitandum
1357 3553 1446 3614 velim
1468 3551 1586 3628 eligere.

239 3639 338 3720 Prepa
361 3646 433 3704 meis
455 3644 561 3704 studiis
583 3653 654 3724 apta
675 3651 733 3718 est,
765 3644 851 3706 isthic
874 3652 919 3706 est
940 3644 1104 3722 frequentia
1126 3647 1293 3718 nationum,
1317 3642 1403 3702 iatbie
1425 3643 1585 3702 rectissime

240 3733 328 3792 rebus
357 3735 429 3792 meis
456 3733 620 3810 prospicere
643 3749 781 3810 possem,
812 3732 897 3792 iatbic
927 3740 971 3793 eat
1001 3732 1103 3810 aliqua
1132 3735 1206 3792 inter
1234 3730 1368 3791 homines
1390 3730 1586 3806 germanicam

241 3821 372 3895 linguam
395 3818 535 3880 callentes
558 3823 733 3893 amoenitas,
762 3837 821 3896 qua
843 3820 953 3880 soletur
975 3836 1048 3879 uxor
1073 3837 1141 3882 mea
1162 3822 1320 3880 amicorum
1343 3825 1373 3878 st
1395 3824 1586 3892 cognatorum

240 3907 412 3972 absentiam.
449 3906 560 3966 Contra
582 3924 640 3967 non
663 3915 759 3985 potest
780 3907 868 3970 isthic
890 3909 951 3967 vivi
973 3908 1030 3966 nisi
1052 3924 1159 3984 magno
1182 3916 1288 3981 sumtu,
1312 3907 1362 3984 qui
1377 3904 1449 3964 mibi
1465 3903 1514 3963 nel
1527 3919 1585 3961 uon

224 3996 370 4074 ⁸suppetit
393 3993 440 4054 rel
462 4013 481 4054 a
501 3993 642 4071 Tycbone
665 4011 723 4054 uon
745 3995 987 4073 suppeditabitur.
1033 3993 1091 4054 Hic
1113 3997 1143 4053 ln
1165 3995 1300 4054 Benctlra
1321 3994 1407 4073 pauci
1428 3999 1497 4052 stult
1518 4005 1586 4066 ger·

241 4084 329 4155 mani,
352 4080 481 4142 solitudo
503 4079 667 4154 hominnm,
690 4081 841 4160 Tycbonis
857 4099 927 4143 vero
949 4091 1092 4159 angustae
1105 4080 1202 4156 aedes,
1226 4099 1333 4159 magua
1348 4081 1434 4141 turba
1448 4077 1584 4150 familiae,

241 4172 288 4230 cui
315 4168 406 4229 nolim
435 4170 597 4230 immiscere
626 4185 723 4244 meos,
754 4171 805 4246 qui
834 4170 1039 4246 uanqnillitati
1062 4179 1091 4229 et
1113 4170 1274 4230 modestiae
1302 4173 1504 4228 assuererunt.
1549 4164 1586 4223 Et

240 4266 338 4319 tameo
361 4264 394 4317 nt
416 4255 549 4335 Tycboni
583 4258 683 4324 crebro
711 4274 850 4334 praescus
877 4260 948 4333 sim,
981 4257 1143 4356 studiorum
1174 4258 1248 4318 ratio
1272 4266 1302 4317 et
1322 4258 1414 4336 ipsius
1437 4253 1587 4332 Tycbonis

103 4419 108 4426 Ι
239 4347 422 4426 propositum
445 4342 583 4424 postulat.

344 4432 403 4494 Sed
426 4432 484 4493 iere
507 4433 601 4506 omisi,
625 4432 705 4508 quod
726 4433 819 4511 primo
841 4431 908 4493 loco
932 4441 995 4493 erat
1016 4431 1262 4511 perpendendum,
1275 4430 1460 4508 'praestctna
1482 4429 1509 4488 si
1522 4427 1585 4486 lieri

241 4521 335 4600 poasit
357 4519 516 4594 commode,
539 4521 681 4598 tantisper
701 4521 731 4579 in
747 4519 882 4580 Caesaris
903 4523 1022 4580 servitio
1038 4522 1139 4581 virere
1161 4527 1190 4580 et
1210 4519 1343 4596 'l'ychoui
1366 4535 1402 4579 cx
1424 4513 1585 4579 abundanti
1690 4550 1696 4558 -

243 4620 361 4686 operam
384 4608 462 4682 dare,
485 4624 522 4668 an
546 4625 565 4668 a
587 4607 650 4667 solo
665 4605 805 4686 'lycbcnc
827 4607 979 4685 pendere?
1016 4605 1093 4667 illud
1114 4607 1220 4667 suadet
1241 4608 1374 4668 Caesaris
1397 4605 1542 4682 Maiestas
1556 4607 1586 4660 et

243 4694 329 4756 aulae
351 4695 495 4776 splendor,
519 4694 690 4756 dissuadent
712 4694 793 4755 haec.
824 4695 954 4756 Primum
968 4699 1017 4754 vix
1039 4712 1085 4755 me
1107 4697 1248 4772 recipient
1270 4697 1325 4754 nisi
1349 4700 1453 4767 totum,
1476 4706 1585 4750 renun-

243 4782 321 4862 ciata
341 4781 473 4860 Scyronai
501 4783 666 4856 iunctione,
694 4790 746 4844 aut
774 4789 922 4861 receptum
950 4791 1054 4862 postea
1080 4799 1138 4841 non
1169 4783 1295 4860 amplius
1325 4781 1478 4842 dimittent.
1524 4776 1586 4856 Nec

243 4870 320 4936 euim
346 4872 453 4932 rustice
487 4871 718 4936 clementissimis
748 4870 881 4934 Caesaris
910 4872 1039 4950 imperiis
1069 4869 1290 4952 repugnandum
1322 4875 1410 4932 esset
1469 4863 1584 4928 Deinde
