3588 5540
248 495 253 500 .
274 403 340 478 940
432 385 433 390 ¹
784 406 848 464 Vita
864 407 979 465 Joasuis
997 405 1117 480 Kepleri.

275 587 377 648 ultima
398 587 550 663 malornm,
574 587 711 660 contagio
734 587 822 650 febris
845 587 1008 666 Ungarfcae
1031 587 1199 650 maculosae
1213 587 1368 666 (pietatem
1390 587 1453 649 ulta
1466 605 1525 648 nou
1548 593 1625 649 tem·

241 741 249 762 Α
275 678 403 754 perantia
426 676 483 736 sibi
507 695 525 737 a
548 675 702 736 visitandis
725 677 853 753 infectis)
878 679 1016 754 corripuit
1039 679 1257 755 importuneque
1272 677 1468 736 tristissimum
1483 677 1539 736 sub
1554 676 1624 738 Sole

273 762 502 824 melancholicas
525 761 654 838 ἀθυμιας
675 773 841 842 symptoma
863 766 901 840 ad
923 774 1084 826 extremum
1104 767 1251 840 exstinxit,
1274 772 1357 824 tauta
1372 767 1624 826 commiseratione

274 849 474 928 popularium,
505 859 538 910 ut
561 860 657 912 essent
680 870 755 928 quae
779 852 977 914 exclamarent
1006 855 1036 912 iu
1058 855 1122 930 ejus
1145 853 1260 926 funere,
1290 861 1359 929 post
1380 852 1457 913 hauc
1478 851 1627 929 sepultam

274 940 408 999 interris
431 956 489 998 uon
512 957 664 1017 superasse
687 940 803 1004 bonam.
848 938 932 1016 Quae
955 940 1112 1001 tristissimi
1136 958 1227 1000 casus
1244 943 1358 1018 imago,
1385 957 1554 1017 quanquam
1577 938 1626 1000 vel

274 1027 387 1086 bostem
410 1027 579 1102 barbarum,
611 1030 635 1086 si
659 1035 806 1104 spectator
828 1027 944 1102 fuisset,
976 1027 1083 1088 nedum
1105 1031 1256 1102 maritum,
1287 1029 1484 1088 communium
1511 1035 1625 1103 patrem

273 1113 432 1174 liberorum
455 1115 624 1191 perturbare
648 1117 801 1192 potuisset,
825 1121 932 1191 tamen
957 1117 1042 1192 quasi
1063 1116 1120 1190 hoc
1141 1133 1244 1194 parum
1259 1123 1345 1189 esset,
1370 1117 1494 1178 accessit
1516 1115 1554 1174 ad
1570 1133 1625 1175 cu·

274 1201 386 1262 mulum
415 1204 596 1262 miseriarum
625 1202 699 1263 hacc
726 1219 845 1280 quoque
876 1203 1044 1264 insultantis
1073 1204 1208 1265 fortunae
1237 1203 1418 1280 malignitas,
1451 1201 1531 1281 quod
1559 1220 1626 1262 cum

278 1297 355 1350 totos
377 1289 512 1350 undecim
536 1307 629 1350 annos
652 1291 765 1368 Pragae
788 1291 989 1351 difficultatem
1012 1293 1154 1368 assignati
1182 1290 1321 1368 stipendii
1344 1290 1432 1351 aulici
1455 1291 1626 1351 tolerassem

275 1394 340 1438 cum
357 1379 491 1454 conjuge,
513 1377 641 1438 sollicita
655 1378 690 1438 de
705 1395 759 1438 suo
776 1381 969 1450 matrimonio,
994 1379 1163 1440 melioribus
1179 1378 1276 1456 digna,
1300 1395 1399 1454 cums
1419 1385 1482 1438 toto
1495 1381 1627 1438 triennio

276 1464 436 1526 discessum
469 1483 505 1524 ex
528 1465 597 1526 aula
620 1469 647 1525 in
675 1466 773 1526 locum
803 1467 1032 1544 tranquilliorem
1060 1466 1180 1526 molitus
1209 1483 1303 1528 essem
1333 1463 1510 1543 tandemque
1541 1464 1627 1525 malis

275 1551 510 1614 intolerabilibus
532 1553 768 1630 impendentibus
791 1553 923 1630 adactus,
948 1561 980 1614 ut
994 1555 1067 1616 meis
1082 1555 1288 1633 prospicerem,
1311 1553 1471 1614 violentam
1494 1555 1627 1630 eruptio·

274 1658 341 1702 uem
363 1648 536 1714 tentassem,
561 1659 627 1702 cum
646 1643 709 1719 jam
733 1641 857 1703 deloco
881 1649 977 1704 certus
999 1659 1106 1716 essem,
1138 1645 1167 1701 in
1191 1659 1249 1719 qno
1272 1643 1344 1703 meis
1367 1643 1475 1702 rectius
1497 1641 1627 1700 futurum

275 1747 377 1805 spero,
408 1731 525 1805 inipso
553 1732 693 1806 temporis
725 1729 849 1791 articulo
875 1731 1021 1807 jacturam
1050 1730 1126 1790 hanc
1151 1729 1208 1790 feci
1238 1734 1268 1790 et
1294 1729 1428 1804 conjugis
1457 1736 1487 1790 et
1509 1745 1626 1806 operae,

276 1833 365 1895 quarn
388 1811 467 1876 illius
488 1819 645 1894 praecipue
668 1817 843 1880 recreandae
867 1835 957 1880 causa
978 1835 1148 1879 sumseram.

380 1903 457 1963 'lum
480 1921 525 1964 ros
548 1904 712 1982 Pragenses
734 1907 763 1964 in
788 1905 849 1966 dies
871 1906 1002 1984 Keplero
1026 1907 1185 1983 iniquiores
1207 1912 1277 1966 sunt
1298 1904 1405 1965 factae.
1449 1903 1626 1982 Rodolphus

279 1993 355 2052 enirn
378 1993 544 2070 imperator,
567 2011 586 2052 a
607 1991 744 2054 fratribus
766 1991 951 2070 Hungariae,
977 1994 1151 2066 Bohcmiae,
1176 1992 1313 2053 Austriae
1336 1994 1458 2070 imperia
1479 1991 1627 2068 deponere

276 2086 395 2141 coactus
419 2080 468 2140 vix
491 2080 592 2156 procul
616 2083 653 2140 ab
676 2099 712 2141 co
735 2088 812 2154 erat,
837 2087 869 2141 ut
892 2083 1005 2158 Pragae
1029 2083 1164 2158 captivus
1186 2080 1355 2156 haberetur,
1379 2082 1489 2157 quique
1511 2079 1628 2140 aulico-

276 2185 339 2229 rum
362 2185 457 2245 usqua
481 2167 577 2228 adbuc
592 2167 721 2246 Keplero
745 2169 887 2244 fererant,
910 2170 1057 2230 fortunam
1071 2166 1390 2230 aliunderelucsutem
1405 2173 1553 2228 sectantes
1565 2167 1628 2244 jam
1721 2223 1723 2234 ,

275 2254 461 2316 uon-eadem
483 2274 544 2332 qna
565 2259 644 2334 priua
667 2259 832 2318 reverentia
853 2265 883 2319 et
905 2257 1036 2318 officiosa
1051 2268 1055 2272 ·
1068 2258 1222 2317 voluntate
1252 2256 1418 2318 habueruut
1439 2255 1628 2333 Imperatoris

274 2351 484 2405 astronomum.
530 2342 673 2419 Quamvis
696 2347 772 2405 enim
800 2344 879 2422 apud
901 2345 1091 2423 Rudolphum
1122 2347 1325 2421 imperatorem
1348 2341 1470 2420 Kepleri
1499 2345 1628 2404 auctori-

276 2439 322 2492 tas
347 2439 377 2492 et
398 2433 565 2493 aestimatio
594 2435 721 2493 maxima
744 2449 808 2492 esse
840 2449 898 2492 non
928 2432 1073 2494 desineret
1102 2432 1238 2509 idemque
1267 2432 1306 2494 ab
1336 2449 1372 2492 eo
1401 2433 1569 2492 etiamnunc
1598 2433 1629 2489 in

276 2520 365 2580 rebus
387 2518 425 2579 ad
449 2519 640 2596 astrologiam
662 2520 874 2598 pertinentibus
898 2521 1061 2596 consilinm,
1085 2519 1316 2582 consolationem
1340 2521 1370 2578 in
1385 2519 1473 2580 rebus
1494 2517 1628 2580 adversis

276 2613 306 2668 et
329 2623 427 2668 coram
451 2616 604 2684 quaereret
626 2615 656 2669 et
678 2625 731 2686 per
752 2607 910 2684 epistolas,
934 2615 1048 2683 tamen,
1081 2625 1146 2668 curn
1170 2611 1200 2666 in
1223 2607 1286 2669 dies
1307 2608 1628 2684 angustiaepeconiae
1664 2665 1669 2679 ‚

277 2695 404 2772 majores
427 2695 536 2770 fierent,
561 2695 705 2772 Keplerus
728 2697 778 2754 vix
801 2697 937 2756 omnibus
951 2697 1064 2757 uiribus
1085 2695 1227 2758 mercedis
1250 2695 1306 2756 sihi
1322 2697 1483 2772 promissae
1498 2693 1629 2771 aliquam

277 2791 389 2860 partem
413 2785 508 2859 potuit
536 2789 718 2860 extorquere.
765 2782 862 2860 litque
891 2801 957 2844 cnm
987 2783 1125 2844 defuncta
1152 2801 1243 2844 uxore
1272 2785 1303 2842 in
1334 2782 1396 2843 dias
1419 2783 1579 2859 iniquiores
1600 2787 1629 2842 et

277 2870 459 2931 molestiores
490 2870 592 2932 fierent
628 2888 674 2932 res
704 2870 884 2948 Pragenscs,
925 2875 1109 2934 occasionem
1146 2873 1226 2948 capit
1253 2871 1310 2930 sibi
1340 2869 1471 2930 oblatam
1501 2869 1629 2930 officium

198 2969 201 2979 ¹
279 2956 455 3035 deponendi.
504 2959 578 3019 Cum
609 2961 685 3020 euim
716 2966 847 3036 tempore
878 2962 1004 3020 maxime
1034 2967 1199 3036 opportuno
1230 2959 1267 3018 ab
1300 2956 1459 3018 Ordinibus
1489 2955 1628 3017 hastulae

279 3045 442 3123 Superioris
458 3045 601 3107 Lincium.
616 3052 777 3122 vocaretur,
802 3049 885 3108 initio
901 3047 1020 3125 quidam
1042 3050 1200 3124 imperator
1222 3045 1260 3106 ab
1283 3047 1461 3106 amicissimo
1475 3062 1530 3104 suo
1545 3043 1630 3122 Kep-

279 3131 340 3212 leqo
364 3131 457 3193 deseri
481 3133 591 3208 noluit,
624 3142 771 3212 postremo
794 3143 894 3195 summ
916 3142 1030 3197 mutata
1053 3137 1199 3196 sententia
1220 3132 1340 3210 Kepleri
1372 3135 1461 3193 cessit
1482 3133 1628 3209 precibus,

280 3219 427 3298 adjunctis
450 3223 563 3297 gratiae
587 3239 677 3282 causa
699 3221 815 3283 duobus
842 3223 1008 3297 beneficiis,
1040 3222 1133 3284 altero
1162 3230 1195 3282 nt
1217 3219 1312 3282 Lincii
1342 3237 1461 3298 qnoque
1483 3219 1629 3296 Keplerua

169 3361 173 3368 .
280 3311 462 3386 imperatoris
486 3317 671 3370 aeconomus
695 3327 841 3371 essenon
866 3310 1023 3385 desineret,
1055 3309 1155 3376 altero,
1178 3315 1211 3370 ut
1233 3311 1386 3386 pecuniam
1410 3309 1438 3369 ei
1461 3307 1632 3368 attribueret

279 3416 299 3458 a
325 3396 396 3456 fisco
427 3395 610 3458 solvendam.
656 3396 752 3473 Quum
784 3405 883 3459 autem
914 3416 990 3459 auno
1019 3398 1135 3458 demum
1165 3403 1249 3460 1612
1281 3395 1415 3456 [sincium
1445 3393 1628 3472 demigraret,

280 3485 390 3544 factum
413 3492 459 3546 est
480 3492 513 3545 ut
535 3502 601 3545 cum
625 3484 779 3546 decederet
801 3485 975 3564 liudolphus
998 3485 1111 3563 Pragae
1135 3493 1213 3547 esset
1230 3483 1386 3561 Keplerns.

385 3571 467 3632 idem
490 3572 583 3632 donec
597 3573 693 3634 Lineii
714 3591 760 3634 res
783 3573 941 3635 familiares
956 3575 1179 3652 composuisset,
1201 3573 1302 3634 liberis
1323 3571 1461 3632 Susanna
1482 3575 1513 3632 et
1528 3569 1630 3630 Ludo·

280 3662 347 3720 vico
370 3661 399 3718 iu
423 3659 575 3720 Morsviae
599 3663 771 3738 prouinciae¹
789 3662 860 3721 urbe
882 3661 1033 3722 Knnstadt
1055 3660 1134 3738 apud
1157 3662 1267 3722 amieos
1289 3659 1449 3739 hospitium
1472 3661 1629 3736 prospexit,

280 3749 331 3808 ubi
355 3746 456 3808 ludum
479 3747 629 3825 publicum
651 3750 884 3826 frequentabant.
930 3749 1024 3811 ltincii
1048 3758 1147 3810 autem
1170 3765 1283 3808 morum
1303 3745 1488 3824 jucunditate
1510 3753 1541 3806 et
1563 3761 1628 3806 mo·

281 3836 376 3897 deatia
398 3845 427 3897 et
449 3837 589 3896 acerrimo
612 3839 642 3895 iu
666 3834 860 3914 exsequendis
883 3844 912 3898 et
934 3831 1060 3916 publicis
1084 3843 1113 3898 at
1136 3837 1257 3914 privatis
1286 3836 1414 3911 negotiis
1441 3832 1539 3894 studio
1562 3851 1631 3894 mox

279 3922 388 3984 multos
411 3931 441 3984 ct
471 3925 582 3984 amicos
610 3933 640 3985 et
661 3926 790 3985 fautores
819 3925 875 3984 sibi
904 3927 1099 4002 comparavit,
1131 3925 1180 4001 qui
1209 3925 1265 3984 viri
1295 3922 1425 3983 derelicti
1449 3929 1479 3982 ct
1499 3921 1630 3981 animum

281 4011 458 4073 discuterent
480 4019 510 4072 ct
532 4013 653 4088 exiguas
668 4031 715 4074 ros
729 4011 887 4073 familiares
910 4015 999 4074 variis
1022 4013 1117 4074 modis
1132 4018 1281 4089 augerent
1311 4008 1442 4086 Quorum
1465 4011 1495 4067 in
1510 4025 1630 4070 numero

279 4103 389 4178 primos
420 4099 502 4160 locos
532 4105 632 4160 tenent
663 4103 801 4162 Erasmus
835 4099 872 4160 de
904 4101 1153 4178 Starembcrg
1183 4107 1214 4162 ot
1245 4097 1391 4176 Georgius
1424 4097 1564 4158 Erasmus
1596 4095 1631 4158 da

281 4187 593 4260 Tachernembel,
617 4191 646 4246 in
672 4187 824 4248 discordiis
839 4205 907 4248 mox
926 4187 962 4248 de
984 4188 1125 4266 religione
1148 4188 1219 4248 ortis
1242 4186 1422 4248 clarissimus
1444 4184 1631 4250 Lutherauae

281 4292 388 4335 causam
412 4282 442 4336 et
464 4274 598 4335 defensor
621 4283 650 4336 et
668 4282 881 4353 propugnator.
926 4275 1069 4338 Matthias
1099 4279 1271 4352 imperator,
1301 4277 1353 4351 qui
1374 4271 1533 4351 liudolpho
1560 4289 1631 4333 snc-

281 4369 417 4435 ceseerat,
441 4367 470 4422 et
493 4364 556 4439 ipso
574 4363 734 4443 Keplerum
758 4369 956 4425 astronomum
980 4381 1149 4427 caesareum
1173 4380 1238 4424 esse
1260 4361 1355 4423 voluit
1378 4359 1531 4436 eidemque
1553 4377 1631 4422 mar-

282 4449 384 4510 ecdem
406 4448 555 4528 publicam
578 4450 705 4527 emplius
729 4450 902 4510 solvendam
926 4469 990 4512 esse
1015 4453 1114 4529 jussit.
1160 4449 1258 4526 Quum
1286 4455 1384 4510 autem
1408 4447 1551 4508 Matthias
1573 4464 1631 4507 non

281 4539 377 4597 minus
400 4555 488 4613 quam
510 4535 685 4616 Rudotphus
709 4537 744 4599 de
767 4539 891 4617 pecunia
913 4538 1076 4613 laboraret,
1106 4538 1251 4618 Keplerus
1276 4539 1327 4598 vix
1355 4538 1580 4598 accuratissimis
1602 4541 1631 4596 et

282 4625 342 4682 suis
365 4629 395 4685 et
417 4626 574 4684 anticorum
597 4626 733 4703 precibus
756 4626 860 4699 effecit,
884 4633 917 4684 ut
940 4625 1057 4688 debitae
1080 4627 1222 4704 pecuniae
1245 4624 1356 4702 aliquid
1379 4625 1561 4702 exprimeret.

385 4708 454 4770 Jam
478 4728 543 4770 cum
565 4712 680 4790 Prsgac
704 4719 790 4786 esset,
814 4718 844 4772 et
864 4713 950 4773 amici
974 4721 1004 4774 et
1026 4716 1156 4793 inprimis
1173 4715 1293 4788 amicae,
1317 4729 1393 4786 quae
1416 4714 1458 4772 rei
1478 4711 1630 4772 familiaris

281 4795 441 4874 Keplerum
464 4801 713 4876 imperitissimum
736 4816 799 4861 esse
815 4800 890 4862 bene
906 4801 1111 4880 intelligerent,
1135 4799 1290 4876 mouendo,
1314 4797 1464 4860 suadendo
1486 4797 1630 4859 adducere

282 4901 350 4948 eum
372 4887 469 4948 conati
491 4895 569 4963 sunt,
593 4897 626 4950 ut
648 4891 677 4950 iu
700 4887 844 4954 secundas
867 4891 986 4969 nuptias
1008 4892 1154 4966 transiret,
1177 4905 1299 4970 qnorum
1321 4887 1457 4975 precibus
1479 4889 1542 4968 ipse
1564 4903 1628 4948 oes-
