3612 5538
267 399 334 474 stt
694 433 701 444 ·
745 407 941 466 661666
959 407 1080 482 66661

264 586 344 648 16166
365 603 398 646 se
420 585 542 662 prsehst
572 585 748 666 discipulum
775 590 960 668 pergratum,
992 588 1156 650 studiorum
1186 595 1216 650 et
1243 587 1386 650 auxilium
1408 593 1439 649 et
1460 585 1615 648 consiliam

267 683 471 752 quaerentem,
499 673 552 734 sed
581 684 687 752 postes
716 693 836 754 prorsus
866 697 913 740 res
944 685 1013 738 sunt
1042 684 1247 740 commutasse.
1292 677 1390 737 Etiam
1413 684 1474 735 tum
1495 674 1615 752 quidem

266 777 381 839 semper
404 777 503 821 eorum
525 778 638 822 memor
660 773 719 838 est,
743 782 820 840 quae
842 765 998 843 'l'nbingas
1020 765 1219 826 6116661666
1241 767 1402 844 perceperit
1422 771 1453 824 et
1475 761 1615 838 didicerit,

266 865 362 926 neque
384 865 513 926 unquam
542 853 571 908 in
600 850 733 928 epistolis
757 852 938 933 „discipulus
965 849 1167 931 gratissimns“
1198 853 1379 913 subscribere
1407 851 1530 926 desiuit3
1561 849 1615 910 sed

267 947 423 1016 postquam
446 939 481 995 in'
499 941 678 999 astronomia
700 943 829 1000 murima
853 941 905 1001 illa
926 944 1047 1000 inventa
1069 943 1197 1020 apernit,
1220 940 1313 1000 multo
1335 941 1456 1006 liberius
1477 957 1509 998 se
1530 939 1615 1014 gerit,

266 1029 329 1103 ipse
352 1027 449 1103 potius
472 1027 642 1102 magistrum
665 1029 735 1104 agit,
760 1035 790 1088 61
811 1031 902 1090 reteri
927 1037 955 1088 et
973 1029 1156 1108 praeceptori
1179 1036 1209 1087 et
1231 1030 1325 1088 amico
1346 1028 1492 1106 explicare
1507 1023 1614 1098 studet,

266 1129 344 1188 quae
368 1130 403 1172 es
426 1115 488 1172 suis
510 1115 637 1174 lnreutis
659 1116 689 1173 in
706 1120 884 1176 6666661616
900 1125 998 1177 essem
1024 1115 1174 1178 mutanda.
1206 1113 1290 1190 Quae
1315 1116 1520 1176 conversiones
1535 1113 1615 1172 hand

267 1219 332 1259 raro
357 1199 484 1275 majores
507 1209 536 1260 ct
559 1201 735 1264 difficiliores
759 1213 849 1276 erant,
873 1222 961 1281 quum
985 1221 1061 1280 quse
1086 1207 1158 1276 ciro,
1181 1207 1228 1262 cni
1251 1206 1430 1262 asbonomis
1450 1203 1507 1259 huc
1521 1215 1616 1276 usquc

266 1287 345 1348 culta
368 1297 447 1346 esset
469 1289 632 1349 inveterata
655 1297 685 1350 61
708 1293 824 1368 penitus
847 1293 949 1364 insita,
980 1293 1052 1350 satis
1084 1297 1223 1370 paterent
1269 1289 1342 1349 Post
1362 1290 1524 1366 longiorem
1547 1291 1615 1363 qui-

266 1376 332 1437 dem
359 1376 503 1434 scribendi
530 1379 772 1437 intermissionem
795 1379 972 1439 Maestlinus
1005 1381 1035 1436 in
1067 1379 1193 1456 epistola
1222 1393 1298 1436 anun
1329 1382 1410 1438 1606
1441 1376 1511 1435 dats
1539 1376 1616 1434 banc

267 1480 351 1522 susm
374 1463 583 1538 negligentiam
607 1483 751 1525 excusans
773 1468 897 1544 scripsit,
920 1464 1079 1544 Keplerum
1106 1466 1304 1546 „sublimiora
1328 1483 1416 1542 quem
1439 1465 1546 1540 quihus
1568 1467 1615 1522 16-

266 1554 384 1630 genium
413 1559 443 1610 61
464 1551 590 1610 eruditio
617 1570 683 1612 men
706 1554 875 1614 satisfacere
899 1549 1017 1613 661666ι
1049 1556 1241 1631 quaesivisse.
1287 1553 1324 1612 lit
1346 1557 1376 1610 in
1398 1551 1459 1612 alis
1479 1551 1614 1629 epistola,

267 1655 333 1699 cnm
349 1636 494 1715 Keplerus
516 1655 549 1697 se
572 1639 608 1698 de
631 1644 811 1701 astronomia
832 1641 1035 1718 Copemicana
1055 1642 1161 1700 libmm
1184 1657 1249 1700 csse
1271 1639 1417 1699 editurum
1438 1641 1615 1714 nunciasset,

267 1727 340 1786 baec
362 1724 513 1804 respondit
533 1725 723 1787 Maesulinus:
750 1737 856 1804 ,caute
878 1727 1023 1806 agendum
1046 1736 1134 1806 puto;
1167 1729 1203 1788 de
1226 1727 1310 1788 Luna
1333 1744 1410 1806 quae
1431 1729 1534 1786 scribis
1556 1743 1615 1786 666

267 1813 353 1892 plane
376 1811 523 1890 intelligo,
554 1817 690 1875 existimo
717 1824 833 1890 sutem,
866 1817 913 1875 166
935 1835 953 1876 6
976 1819 1073 1876 musis
1099 1816 1230 1896 physicis
1258 1815 1462 1875 abstinendum
1493 1831 1558 1874 esse
1586 1821 1616 1874 et

267 1903 464 1961 astronomica
486 1905 691 1978 astronomiae,
714 1921 765 1981 per
787 1920 892 1964 canem
915 1911 945 1963 et
959 1903 1137 1981 hypotheses
1153 1907 1372 1977 astronomicus,
1395 1920 1453 1963 non
1468 1901 1615 1981 physicas,

267 2005 333 2048 esse
356 1987 518 2047 tractanda.
548 1989 688 2051 Calculus
712 1993 788 2050 euim
811 1990 1001 2051 fundamenta
1023 1993 1218 2052 astronomica
1240 2009 1277 2052 ex
1298 1993 1460 2069 geometria
1475 1999 1505 2050 et
1521 1989 1616 2049 arith·

267 2078 374 2135 metica
396 2075 542 2153 postulat,
575 2093 633 2136 666
656 2079 840 2154 conjecturas
866 2079 1022 2157 physicas,
1051 2096 1129 2154 quse
1157 2079 1295 2140 lectorem
1323 2081 1417 2156 magis
1446 2077 1616 2154 perturbant

267 2179 356 2240 qnam
379 2159 563 2226 1616616661.ιι
610 2165 691 2224 Idem
720 2165 912 2243 logarithmos
935 2165 972 2225 ad
996 2183 1081 2226 usum
1103 2167 1257 2226 translerre
1287 2174 1454 2226 constanter
1483 2173 1616 2224 recusat:

268 2249 440 2332 „indiguum
464 2253 541 2310 enirn
564 2252 772 2313 mathematico
794 2253 904 2330 judico,
927 2255 979 2312 niti
1004 2253 1311 2328 demonstrationibus,
1334 2271 1407 2331 quas
1430 2257 1492 2331 ipse
1514 2255 1614 2312 nescit.

266 2339 341 2398 Nam
364 2337 483 2398 dubium
507 2355 620 2418 semper
643 2357 707 2400 esse
730 2359 852 2402 necessa
866 2350 919 2415 est,
942 2359 1012 2400 num
1027 2341 1166 2415 calculus,
1190 2344 1241 2418 qui
1257 2340 1353 2401 decies
1369 2340 1415 2400 rel
1431 2342 1542 2400 centies
1557 2356 1615 2399 666

266 2425 376 2498 16161111,
400 2428 488 2485 etiam
511 2442 569 2487 666
592 2427 752 2504 aliquando
768 2428 942 2507 decepturus
964 2425 1033 2490 sit“.
1061 2427 1616 2508 6661661666616661661666116666

267 2513 325 2574 rol.
349 2512 405 2572 lll.
428 2531 457 2592 p.
478 2519 540 2574 ete
564 2519 726 2592 praemissa
749 2524 810 2591 est,
834 2517 958 2593 ejusque
980 2517 1054 2577 baec
1081 2526 1149 2576 sunt
1172 2517 1262 2578 verba
1284 2523 1430 2576 extrema:
1465 2515 1540 2590 ,hac
1563 2514 1616 2574 66-

267 2604 478 2661 monstratione
501 2610 638 2681 percepts
660 2621 718 2662 non
743 2614 788 2663 est
809 2603 984 2682 etamplius
1000 2605 1116 2664 dubites
1136 2603 1427 2681 circalngarithmos,
1450 2619 1518 2661 nam
1534 2603 1615 2680 optio

264 2690 319 2748 616
342 2689 428 2749 datur
452 2689 559 2749 veihis
582 2693 625 2749 66
642 2689 787 2766 addendo,
812 2691 859 2752 vel
882 2709 934 2769 pro
957 2693 993 2751 iis
1016 2691 1211 2771 multiplicare
1226 2693 1306 2751 sinus
1322 2694 1479 2766 arcuum“;
1501 2689 1615 2752 Mnest-

264 2775 392 2836 ltntsnas
415 2785 513 2836 autem
536 2777 573 2836 de
595 2780 656 2837 suis
680 2779 856 2855 conjecturis
879 2781 1082 2841 astronomicis
1106 2779 1305 2840 dubitationes
1327 2782 1355 2839 in
1380 2779 1506 2860 epistola
1528 2777 1616 2837 relcl·

264 2864 324 2924 lere
347 2863 455 2939 studet,
479 2881 555 2942 quae
577 2865 685 2940 legitur
708 2865 764 2928 vol.
788 2865 842 2926 Vl.
866 2885 893 2945 p.
920 2873 970 2927 16.
1509 2870 1516 2886 “

373 2951 417 3010 ils
446 2951 565 3030 Kepleri
596 2953 729 3031 epistolis
751 2954 790 3014 ab
812 2971 890 3014 anno
917 2959 1128 3016 1696-1597
1159 2952 1197 3014 66
1226 2953 1414 3014 Maestlinum
1445 2953 1556 3026 missis,
1585 2952 1615 3010 16

265 3039 372 3116 quihus
394 3040 526 3117 inprimis
549 3038 585 3100 de
602 3039 762 3100 Prodromc
784 3043 890 3119 agitur,
914 3041 988 3102 baec
1010 3036 1174 3102 dicta‘viro
1197 3045 1314 3121 propria
1327 3042 1412 3101 nobis
1435 3038 1616 3118 excerpenda

266 3125 409 3185 ridentur.
454 3127 577 3186 Ineunte
600 3125 721 3188 Octobri
749 3145 848 3189 mense
871 3149 899 3190 a.
925 3135 1018 3192 1595.
1042 3129 1198 3208 Keplerus,
1227 3132 1366 3206 magistro
1389 3128 1480 3188 libelli
1502 3143 1617 3186 summa

265 3214 404 3273 brevibus
427 3218 569 3292 exposita,
593 3215 694 3275 literas
718 3215 763 3275 his
786 3217 885 3277 verbis
908 3217 985 3277 finit:
1018 3217 1117 3298 „Ego,
1142 3220 1250 3296 optime
1272 3226 1451 3296 praeceptor,
1476 3230 1615 3293 proper03

151 3349 156 3361 ,
266 3317 325 3359 666
357 3318 423 3361 meo
447 3302 611 3362 66616666,
657 3303 732 3362 Nam
755 3303 829 3364 haec
857 3306 907 3364 uhi
931 3304 1071 3382 evulgata
1098 3305 1218 3378 luerint,
1250 3304 1301 3363 616
1333 3304 1431 3364 torsan
1462 3302 1546 3382 plura
1568 3304 1615 3359 in-

266 3390 403 3462 venient,
427 3389 597 3466 quaemihi
620 3394 781 3468 potuissem
805 3409 963 3453 reservare.
1008 3392 1067 3452 Sed
1090 3409 1191 3452 snmus
1214 3407 1314 3451 omnes
1338 3393 1380 3470 (ct
1402 3407 1457 3467 666
1481 3405 1615 3468 praescr-

267 3476 332 3552 tim)
355 3475 502 3555 ippnspor.
548 3478 612 3554 ligo
637 3493 705 3538 vero
729 3477 844 3553 studeo,
867 3487 901 3538 ut
922 3479 997 3540 haec
1019 3481 1057 3540 ad
1081 3479 1137 3540 Dei
1159 3480 1299 3556 gloriam,
1323 3481 1373 3557 qui
1396 3478 1458 3537 rult
1481 3495 1517 3537 err
1539 3470 1619 3536 libm'

270 3573 392 3624 naturae
415 3567 550 3642 agnosci,
573 3581 661 3641 quam
684 3568 852 3626 maturrime
877 3567 1046 3644 vulgentnr;
1076 3584 1136 3645 quo
1159 3567 1225 3646 plus
1248 3566 1298 3626 alii
1322 3564 1389 3625 inde
1412 3567 1615 3637 exstruxerint,

269 3652 326 3711 hoc
349 3654 442 3730 magis
464 3651 610 3728 gaudebo,
632 3653 706 3712 nulli
729 3646 876 3714 invidebo.
916 3654 967 3715 Sic
989 3656 1059 3714 rori
1083 3655 1156 3729 Deo,
1179 3657 1222 3715 sic
1243 3662 1302 3714 stat
1324 3657 1477 3714 sententia.
1515 3651 1616 3711 'Ilaec-

269 3739 355 3818 16666
378 3757 443 3800 esse
467 3739 617 3814 volebam,
642 3739 690 3800 diu
715 3742 860 3818 angebar:
884 3741 966 3802 Deus
989 3759 1056 3803 ecce
1078 3761 1144 3802 mea
1160 3759 1249 3820 opera
1272 3744 1358 3801 etism
1382 3744 1411 3798 in
1435 3742 1614 3800 astronomia

269 3827 440 3890 celebratur.
485 3825 563 3903 Quin
585 3827 702 3888 tandem
728 3845 793 3888 cum
808 3829 897 3888 Petro
920 3832 1061 3890 attonitus
1085 3847 1221 3909 erumpo:
1245 3831 1293 3889 abi
1316 3847 1335 3888 a
1356 3847 1411 3903 me,
1435 3831 1505 3906 quia
1528 3827 1615 3886 homo

266 3923 403 3994 peccator
425 3931 500 3976 sum.
545 3914 578 3974 Si
600 3931 739 3992 unquam,
764 3917 811 3975 rel
835 3916 883 3976 hic
905 3919 1003 3991 etiarn,
1028 3917 1063 3976 66
1086 3917 1228 3977 industria
1252 3916 1411 3976 noluissem
1434 3924 1616 3976 666666166-

266 4019 379 4078 66666,
403 4005 427 4063 si
451 4019 509 4062 666
532 4005 631 4062 omnia
654 4002 857 4064 delectationis
879 4021 969 4064 cauas
989 4006 1199 4083 suscepissem,
1223 4007 1318 4064 minus
1342 4005 1487 4064 mirarer}
1529 4003 1615 4062 Edito

266 4089 384 4152 tendem
408 4107 497 4169 opere
511 4089 657 4168 Keplerus
681 4093 823 4152 maximas
847 4093 947 4151 auxilii
971 4093 1082 4167 gratius
1099 4091 1257 4152 blasstlino
1280 4109 1370 4168 agens
1392 4091 1507 4174 scripsit
1528 4091 1614 4150 haec:

268 4177 348 4254 ,Gur
376 4195 472 4238 meum
504 4177 598 4237 dicam
630 4181 816 4257 opusculum,
847 4196 936 4239 causa
965 4181 1089 4239 obscure
1113 4188 1142 4240 61
1164 4181 1343 4241 tennls‘est.
1387 4177 1434 4237 llli
1458 4181 1534 4236 enim
1560 4192 1614 4253 666

266 4265 381 4325 Semele
403 4265 454 4340 lui,
478 4271 510 4324 tu
532 4264 658 4343 Jupiter.
697 4267 757 4326 Aut
780 4271 804 4327 si
827 4267 913 4328 malls
928 4267 1080 4328 Minervae
1103 4267 1176 4326 illud
1200 4283 1367 4346 comparare
1390 4281 1478 4342 quam
1493 4265 1614 4325 Libero:

266 4351 385 4430 Jupiter
406 4369 463 4430 ego
493 4355 589 4428 capite
613 4352 685 4412 illud
715 4357 846 4432 gestavi,
877 4355 930 4415 scd
953 4357 1009 4414 nisi
1032 4362 1063 4414 16
1087 4353 1239 4414 Vulcanus
1268 4372 1333 4414 cum
1363 4355 1481 4430 bipenni
1512 4353 1615 4412 luisses

268 4441 484 4513 obstetricatns,
507 4455 657 4517 uunqusm
675 4459 730 4518 666
745 4445 923 4520 peperissem
926 4485 1033 4502 .....
1080 4441 1165 4518 Quod
1182 4443 1298 4502 tandem
1318 4439 1478 4518 aliqnando
1495 4439 1615 4516 clephas

265 4545 348 4589 meus
371 4530 493 4605 peperit,
510 4528 574 4588 Deo
598 4528 705 4589 devote
728 4533 839 4606 gratias
854 4547 920 4607 666.
952 4530 1038 4590 Faxit
1060 4531 1094 4604 ls,
1119 4537 1151 4588 61
1174 4529 1253 4606 quod
1276 4547 1332 4605 666
1354 4527 1472 4606 publice
1495 4542 1613 4605 quaero,

268 4618 377 4692 passim
401 4614 481 4693 apud
504 4631 593 4674 sanes
616 4622 646 4675 et
669 4619 787 4693 copiose
810 4625 952 4693 sequatur
972 4634 1008 4676 ex
1029 4616 1243 4693 jucundissima
1266 4617 1481 4694 speculatione:
1505 4616 1615 4674 scilicet

266 4714 299 4762 61
320 4701 394 4762 tides
426 4703 462 4763 de
485 4719 581 4762 rerum
615 4707 763 4763 creatione
787 4704 844 4762 hoc
865 4713 986 4763 externo
1016 4705 1192 4765 adminiculo
1216 4705 1416 4777 confirmetur,
1449 4701 1614 4763 conditricis

265 4791 372 4850 urentis
406 4798 511 4850 natura
546 4799 742 4866 cognoscatur
776 4791 931 4868 maiorque
967 4794 1052 4850 nohis
1082 4792 1216 4870 qnotidie
1249 4791 1301 4851 flat
1332 4790 1507 4851 inexhausta
1537 4789 1614 4848 illius

265 4875 443 4960 66616666.ιι
475 4877 509 4936 16
525 4880 628 4956 priore
648 4879 775 4956 epistole
790 4895 858 4940 curn
871 4877 1017 4958 Keptsras
1039 4879 1078 4941 de
1091 4880 1229 4940 editionis
1243 4895 1325 4941 mora
1340 4887 1369 4941 61
1384 4879 1522 4958 impensis
1537 4879 1615 4938 rtres
