3662 5544
782 423 860 484 1608.
881 422 958 485 tuoe.
1473 423 1538 494 ’181

190 611 360 688 operatione
380 625 457 682 mea,
481 613 532 667 ant
554 605 756 666 aberraturum
778 603 950 682 longissime
973 604 1011 664 ab
1035 603 1210 664 observatis.
1240 602 1344 680 Quid'i
1375 603 1421 664 'Fu
1436 621 1540 682 parum

188 699 292 758 reisue
314 703 402 774 putas
425 693 463 755 ad
486 695 565 754 orbis
579 695 669 754 annui
686 695 893 773 aequationes,
918 691 1129 770 prolongentur
1144 691 1301 754 distantiae
1317 691 1422 752 Martie
1438 691 1540 755 aSole

188 788 263 866 circa
284 783 398 845 medias
421 781 619 859 longitudines
641 799 679 839 an
703 779 913 842 decurrantur?
950 781 1012 840 Aut
1033 779 1086 840 ubi
1100 795 1155 856 ego
1171 779 1299 858 decurto,
1322 789 1355 840 tu
1370 779 1455 840 malis
1469 796 1540 858 pro·

187 856 331 950 longara?
369 869 607 936 Otemisernml
645 867 740 945 Quam
763 887 875 950 parum
889 884 1001 928 memor
1023 885 1054 928 es
1077 883 1186 944 eorum,
1209 885 1285 945 quae
1308 867 1409 928 olim
1401 885 1465 946 rpse
1487 885 1541 930 ex·

187 969 287 1038 pertus
312 962 402 1036 inque
425 957 517 1018 literis
541 956 647 1018 adme
670 956 783 1034 prolixe
806 945 883 1016 datis
906 961 1032 1016 testatus
1055 973 1096 1016 cs.

288 1078 352 1133 Jam
369 1075 513 1146 Keplerus,
531 1073 645 1146 propius
663 1073 795 1144 inspectis
807 1072 926 1129 Fabricii
944 1072 1046 1143 literis,
1064 1088 1119 1127 non
1136 1071 1218 1142 plane
1235 1087 1305 1129 rana
1323 1079 1352 1130 et
1369 1073 1447 1131 irrito
1463 1075 1541 1132 illurn

187 1158 372 1236 produxisse,
383 1163 432 1219 sed
450 1163 604 1218 consentire
618 1161 665 1216 illa
684 1161 882 1228 quadamtenus
901 1177 961 1216 cum
980 1175 1031 1214 sus
1049 1153 1210 1231 hypothesi,
1234 1161 1370 1229 agnoscit,
1390 1162 1458 1219 haec
1476 1180 1540 1220 vero

188 1251 295 1321 objicit:
326 1249 474 1310 Traducet
497 1255 549 1306 tua
576 1244 749 1323 hypothesis
772 1243 810 1303 ad
832 1263 865 1305 se
888 1243 1012 1305 lectores
1036 1253 1065 1304 et
1087 1243 1295 1321 philosophos,
1325 1246 1408 1307 dabit
1430 1249 1538 1325 effugia

109 1327 113 1332 ’
188 1335 323 1396 hostibus
344 1337 487 1415 physicae
518 1332 671 1407 coelestis,
701 1334 833 1409 patronis
856 1333 1006 1404 inscitiae,
1038 1330 1205 1392 architectis
1231 1332 1391 1394 solidorum
1415 1337 1538 1410 orbium,

188 1423 365 1484 mechanicis
389 1425 510 1497 crassis,
540 1420 647 1497 quibus
677 1437 709 1479 se
737 1419 920 1480 redimente
943 1420 1069 1479 vinculis
1097 1418 1379 1482 demonstrationum
1408 1441 1540 1484 mearum

189 1511 378 1589 physicarum
403 1513 491 1588 inque
515 1509 680 1568 libertatem
704 1507 785 1566 Deos
814 1507 978 1566 labricendl
1006 1525 1038 1566 se
1060 1509 1212 1583 recipient.
1257 1507 1412 1570 Redibitur
1434 1509 1472 1571 ad
1496 1513 1542 1570 iu-

187 1597 367 1676 telligentias
391 1600 527 1674 duaeque
550 1595 772 1656 collocabuntur
794 1593 832 1654 ad
856 1594 930 1654 duos
954 1593 1079 1655 circulos
1095 1596 1172 1656 eirca
1188 1603 1327 1672 centrum,
1352 1599 1459 1676 quibus
1476 1599 1541 1659 elli·

189 1687 283 1746 ciatur
312 1687 426 1748 isthaec
456 1685 586 1745 libratio.
630 1683 734 1758 Neque
763 1691 860 1741 tamen
891 1685 955 1742 sine
976 1681 1114 1743 molestia
1142 1682 1224 1743 illarn
1246 1683 1415 1748 adolescere
1436 1690 1542 1764 patiar.

188 1773 352 1849 Fateheris,
375 1784 404 1836 to
426 1780 585 1854 postquam
608 1771 748 1834 audivisti
771 1769 807 1831 de
830 1773 882 1830 via
896 1769 1000 1830 Martis
1015 1769 1096 1831 evall
1110 1773 1242 1848 coepisse
1258 1776 1387 1850 cogitare
1401 1775 1436 1835 de
1452 1775 1543 1836 libra-

188 1863 319 1922 ticnlbus
320 1903 474 1926 .......
518 1861 562 1920 Ex
583 1859 745 1937 hypothesi
761 1861 852 1936 igitar
873 1875 940 1919 mea
963 1865 1043 1918 tuam
1073 1859 1241 1919 efformasti.
1286 1861 1336 1922 Me
1358 1861 1438 1922 nuda
1461 1862 1544 1926 duxlt

188 1956 305 2024 natura,
328 1950 419 2010 nullis
443 1953 584 2008 instructa
616 1948 748 2006 restibus
770 1945 992 2024 hypothesium,
1024 1953 1056 2006 tu
1079 1963 1114 2006 ex
1137 1947 1286 2024 aliquibus
1310 1949 1374 2026 ejus
1397 1951 1543 2026 membris,
1593 1975 1597 1990 ¹

189 2039 344 2114 quaesibi
367 2040 641 2098 amemonstrata
672 2035 768 2093 minus
797 2033 959 2094 laudabilia
988 2033 1181 2110 ridebantur,
1215 2039 1400 2099 occasionem
1430 2041 1543 2116 cepisti,

187 2127 373 2202 peregrinam
397 2124 439 2184 illi
461 2131 573 2184 restem
597 2121 746 2194 induendi,
770 2137 829 2198 quo
853 2123 949 2182 minus
971 2130 1180 2199 agnosceretur
1201 2124 1327 2200 siucero,
1351 2127 1421 2202 quin
1446 2129 1545 2203 potius

188 2212 317 2273 lectores
340 2215 416 2273 inter
437 2213 568 2272 membra
589 2217 617 2269 et
640 2217 754 2270 vestem
776 2209 853 2268 hanc
869 2217 948 2269 tuom
963 2227 1022 2270 uon
1043 2210 1264 2286 distinguerent,
1288 2230 1394 2291 corpus
1409 2213 1547 2290 dicerent,

189 2300 272 2378 quod
294 2301 472 2360 Fabriciana
495 2301 586 2360 restis
608 2303 669 2371 est,
694 2297 819 2373 denique
842 2304 877 2356 nt
898 2314 978 2358 noro
1001 2305 1106 2358 ornatu
1129 2299 1260 2375 placeret
1282 2300 1433 2376 delicatis,
1459 2303 1548 2362 nudi-

188 2393 280 2448 tatem
303 2387 531 2460 fastidientibus,
554 2388 613 2444 imo
637 2402 708 2445 vero
732 2390 765 2443 ut
787 2401 840 2460 pro
862 2392 977 2460 nature,
1001 2387 1228 2463 generosissima
1251 2387 1360 2465 puella,
1385 2390 1548 2451 substitue·

188 2484 270 2536 retur
291 2477 393 2552 spuria
414 2483 468 2538 tua
489 2474 651 2536 meretricio
675 2479 780 2532 ornatu
804 2478 834 2531 et
854 2473 987 2534 moribus
1010 2472 1048 2532 ad
1072 2473 1255 2551 voluptatem
1279 2479 1465 2553 comparatis,
1489 2495 1548 2538 non

189 2563 227 2624 ad
251 2565 473 2640 ingenuitatem,
496 2562 553 2622 boc
575 2567 634 2634 est,
668 2559 804 2620 Fabricio
827 2561 999 2638 interprete,
1031 2568 1065 2620 ut
1087 2563 1142 2622 arti
1164 2562 1365 2624 consuleretur
1391 2581 1449 2625 nou
1472 2559 1548 2627 alie·

188 2653 268 2712 uatis
290 2651 487 2728 philosophis.
532 2649 582 2709 Sic
603 2650 694 2725 igitur
715 2649 781 2726 ipse
811 2649 990 2709 inventionis
1017 2649 1108 2710 series
1130 2651 1242 2728 arguit,
1270 2654 1454 2767 peregrinam
1482 2671 1547 2716 ease

188 2744 273 2800 tuam
294 2739 483 2818 hypothesin,
505 2753 563 2796 non
586 2734 761 2797 naturalem.

294 2855 483 2912 Fabricius
500 2852 643 2924 respondit
660 2852 687 2909 d
705 2853 751 2910 22.
770 2852 865 2909 Martii
883 2851 968 2910 tuot·
962 2891 1079 2913 ......
1114 2809 1219 2911 Vellem
1237 2869 1281 2912 ma
1305 2855 1439 2926 aliquid
1429 2873 1459 2914 ιιι
1477 2875 1548 2916 com·

190 2959 275 3000 mune
294 2945 403 3001 adferre
419 2959 509 3016 posse,
530 2940 603 3012 quod
621 2957 778 3010 veroquam
793 2941 830 2996 sit
841 2958 947 3012 parurn,
966 2941 994 2998 id
1008 2941 1098 2997 sentio
1111 2948 1138 2997 et
1150 2939 1268 2998 libenter
1279 2958 1408 3012 agnosco.
1439 2945 1547 3002 Videris

188 3033 257 3088 mihi
274 3031 367 3088 nescio
385 3047 465 3100 quarn
483 3029 566 3085 invidi
584 3036 612 3084 et
630 3029 719 3084 miuus
737 3027 859 3085 liberalis
871 3030 955 3085 animi
971 3036 1065 3094 notam
1082 3028 1196 3084 inuuere
1213 3028 1294 3100 velle,
1312 3030 1391 3100 quasi
1408 3047 1482 3088 meas
1501 3033 1548 3088 ob·

188 3120 360 3176 mustiones
378 3119 428 3174 tihi
445 3117 643 3174 communicare
660 3116 754 3170 nolim.
785 3116 872 3186 Nego.
903 3115 1001 3187 Egone
1018 3121 1047 3170 te
1064 3115 1092 3170 in
1111 3115 1249 3171 nonnullis
1268 3116 1403 3176 aemulum
1421 3133 1476 3174 nou
1494 3107 1548 3175 ier·

188 3223 249 3264 rem
267 3211 316 3266 aut
334 3206 481 3278 quidquam
501 3203 626 3270 celarem,
645 3217 725 3272 quem
743 3203 772 3257 in
791 3202 916 3258 omnibus
935 3210 967 3259 nt
982 3209 1188 3273 praeceptorem
1205 3217 1326 3272 veneror,
1346 3210 1378 3258 ut
1393 3205 1548 3274 Apollinem

189 3295 283 3364 ipsum
300 3293 328 3348 in
346 3293 427 3348 rebus
446 3291 535 3348 dubiis
555 3290 677 3359 consulo,
697 3289 775 3359 cuius
795 3305 879 3360 opera
897 3297 925 3344 et
943 3289 1056 3345 oonsilio
1068 3289 1202 3346 hactenus
1214 3291 1349 3371 proficio?
1369 3291 1449 3360 Quod
1461 3311 1548 3349 meam

191 3381 362 3453 hypothesin
380 3380 491 3445 attinet,
515 3377 612 3446 mirum
635 3393 716 3448 quam
734 3393 777 3434 me
795 3385 843 3434 tua
861 3377 1010 3433 festivitate
1032 3379 1198 3433 recreareris
1222 3385 1249 3434 et
1262 3376 1367 3448 judicio
1385 3387 1432 3436 tuo
1452 3383 1548 3438 confir·

188 3469 315 3526 muueris.
353 3466 504 3524 candorem
523 3472 599 3522 tuum
617 3482 677 3522 amo
698 3473 725 3522 et
743 3465 834 3534 laudo,
852 3472 880 3521 et
898 3472 929 3520 ut
947 3470 977 3520 tu
995 3465 1094 3535 innuis,
1114 3481 1148 3519 ex
1165 3465 1221 3521 tuis
1238 3465 1355 3537 primum
1373 3469 1479 3540 proieci
1499 3479 1549 3528 etc.

189 3557 221 3612 lu
240 3555 378 3626 prioribus
398 3554 485 3610 literis
504 3555 598 3625 (1605),
617 3553 753 3623 Keplcrua
775 3548 916 3624 quaerenti
935 3551 1059 3609 Fabricio
1082 3552 1266 3622 explicaverat
1286 3557 1448 3612 sententiam
1472 3576 1549 3614 auam

192 3641 225 3697 de
246 3649 407 3712 argumento
426 3641 563 3713 Tychonia
582 3637 677 3696 coutr'a
695 3647 797 3696 motum
810 3639 924 3710 Terrae3
945 3639 980 3696 ad
999 3639 1113 3696 eundem
1125 3643 1313 3711 quaestionem
1325 3645 1396 3700 redit
1407 3647 1435 3702 in
1453 3647 1549 3702 hedam

190 3730 295 3801 literis,
320 3747 390 3799 quas
414 3731 499 3794 mono,
520 3730 705 3802 excerpsimus
724 3731 779 3798 (etr.
807 3733 858 3787 vol.
877 3731 921 3782 111.
951 3747 977 3796 p.
996 3732 1057 3793 458,
1075 3731 1156 3796 462).
1200 3728 1276 3798 Quae
1299 3731 1400 3788 ibidem
1423 3735 1549 3792 Fabricio

191 3818 337 3890 respondit
355 3817 388 3873 dc
408 3817 640 3887 aequinoctiorum
657 3818 861 3888 praecessione,
885 3815 1013 3883 leguntur
1029 3813 1082 3870 rol.
1101 3815 1151 3871 Ill.
1169 3835 1198 3888 p.
1217 3819 1282 3890 506,
1305 3821 1345 3877 aio
1363 3821 1459 3878 literae
1476 3823 1550 3894 Kep-

191 3903 245 3961 leri
262 3905 298 3961 ad
315 3904 399 3961 tilium
417 3903 544 3974 Fabricii,
563 3903 658 3958 eodem
677 3903 757 3960 datae
776 3903 819 3960 die
838 3918 891 3974 quo
909 3903 944 3959 ad
962 3909 1068 3974 patrem
1085 3905 1203 3975 scripsit,
1222 3925 1249 3976 p.
1268 3909 1329 3964 152.

300 4011 506 4066 Heruartus
524 4015 634 4079 praeter
652 4007 859 4078 chronologicae
878 4010 1054 4078 quaestiones
1071 4015 1124 4080 (lv,
1144 4017 1196 4066 478
1209 4013 1253 4082 ss.)
1271 4013 1391 4084 Keplero
1410 4013 1483 4070 uliud
1500 4015 1549 4070 im·

193 4099 290 4170 posuit
307 4097 455 4168 negotium,
473 4111 547 4151 mere
565 4096 775 4154 arithmeticum.
806 4096 1012 4167 Conscripserat
1031 4097 1167 4164 ,Tabulas
1179 4100 1380 4158 arithmeticas“
1400 4115 1501 4171 easque
1513 4102 1549 4158 ad

192 4195 292 4257 typum
309 4183 493 4254 praeparavit.
523 4183 643 4253 Keplero
656 4183 729 4239 misit
741 4182 768 4238 d.
784 4185 824 4242 13.
839 4183 913 4253 Sept.
929 4185 1099 4258 ,paginam“,
1118 4187 1292 4244 exhibentem
1305 4191 1441 4261 specimen
1454 4204 1549 4258 opera·

193 4273 278 4330 rioms
296 4271 499 4342 arithmeticae,
517 4277 627 4340 petens:
657 4271 713 4336 ,Er
731 4269 809 4326 nolle
827 4267 955 4326 hiordber
972 4272 1030 4327 sein
1049 4275 1215 4330 Bedenokeu
1233 4276 1287 4330 rud
1306 4275 1460 4332 Gutachteu
1479 4283 1550 4332 sami

195 4377 251 4416 rrae
270 4359 312 4414 Im
331 4357 410 4415 dabei
428 4357 495 4414 oder
514 4358 631 4414 doruber
649 4375 684 4414 au
703 4357 822 4412 Gemuth
840 4357 935 4430 gehet,
958 4359 1010 4416 mir
1026 4361 1231 4418 auschreiben.“
1269 4362 1344 4431 Quae
1362 4362 1496 4432 Keplerua
1515 4365 1550 4420 ad

195 4447 267 4502 haue
285 4454 314 4503 et
331 4445 496 4516 posteriores
515 4444 646 4515 epistolas
664 4449 698 4510 (d.
713 4449 738 4502 d.
755 4449 782 4501 5.
795 4449 859 4501 Nor.
878 4452 903 4502 n.
922 4457 947 4500 et
958 4455 984 4507 o.
996 4451 1070 4520 Deo.)
1088 4449 1274 4520 responderit,
1293 4449 1421 4518 leguntur
1439 4450 1489 4506 rol.
1501 4452 1548 4516 IV.

199 4551 228 4606 p.
248 4534 300 4592 527
318 4549 373 4604 ss.;
392 4533 472 4590 datae
491 4541 557 4588 suut
573 4531 686 4604 Kepleri
704 4532 799 4588 literae
817 4533 843 4592 d.
865 4535 904 4592 18.
923 4535 984 4593 Oct.
1004 4541 1032 4591 et
1052 4539 1092 4596 12.
1109 4537 1267 4594 Decembris
1285 4538 1350 4592 anni
1368 4539 1444 4596 1608.

301 4637 410 4700 1809.
440 4639 524 4696 Edita
541 4647 606 4694 sunt
622 4639 675 4697 hoc
693 4657 780 4696 enno:
805 4641 988 4698 daemonio
1004 4659 1078 4700 nono
1094 4659 1143 4700 acu
1162 4641 1366 4698 commmatio
1382 4642 1415 4698 de
1432 4643 1551 4702 metebat

196 4732 292 4788 medor
309 4731 425 4799 Morou,
442 4729 597 4798 Reapoamo
614 4729 653 4784 ud
668 4728 829 4797 Reatinum,
849 4737 877 4784 et
893 4730 1111 4790 Phaenomeaoa
1126 4729 1266 4799 maprdore
1280 4743 1330 4782 reu
1346 4728 1503 4788 Marmarion
1519 4731 1551 4789 ia

197 4816 272 4876 flete.
306 4813 436 4888 Epistola
453 4814 618 4872 dedicatoria
638 4815 928 4882 ,cominerrtaricrumt
948 4815 996 4886 (ad
1014 4809 1188 4885 Rudolphum
1200 4813 1407 4884 Imperatorem)
1426 4816 1490 4874 dota
1508 4825 1551 4878 eet

199 4903 226 4966 t
244 4904 302 4966 Col
319 4902 433 4978 aprilis,
451 4901 499 4960 illa
518 4902 748 4974 ,Respondentur
762 4903 811 4975 (ad
822 4903 849 4962 J.
862 4905 896 4965 u.
909 4902 1086 4977 dodelmanu,
1103 4901 1286 4962 consiliarium
1303 4907 1332 4962 et
1348 4901 1467 4980 legatum
1479 4907 1549 4970 elec.
