3624 5554
482 379 661 440 Srmma'rinm
679 379 816 438 Historiae
833 380 1024 440 Astrouomiae
1042 381 1135 440 seculo
1153 382 1227 444 xvi.
1451 405 1454 418 ·
1469 381 1534 453 663

165 579 278 622 morum
303 570 337 623 et
360 566 506 626 sermonis
536 579 601 624 sum
630 580 717 638 usus,
750 565 834 641 cujus
866 563 1051 624 consuetudo
1077 563 1148 623 milri
1179 565 1342 624 Bononiam
1373 567 1535 626 transeunti

168 651 335 712 adhaerens
367 652 456 713 iacile
478 655 503 712 si
526 669 584 713 non
606 652 775 730 pericnlum,
800 651 904 711 saltem
927 659 1027 712 notam
1051 651 1180 728 aliquam
1197 655 1326 724 causari,
1351 655 1533 731 suspiciones

171 741 285 798 1111111
309 755 421 816 meque
437 739 633 819 Coryaeorum
649 739 846 800 delationibus
862 740 1021 798 obnoxium
1037 739 1157 800 reddere
1174 757 1260 817 posse
1278 740 1401 800 ridetur.
1435 741 1533 816 Quare

169 843 228 886 non
251 830 359 903 opinor
382 831 457 887 villo
480 829 550 887 mihi
574 835 687 906 vertes,
710 830 735 886 sl
759 830 975 905 comparatione
998 829 1222 906 praeteritorum
1238 836 1267 888 et
1282 828 1534 890 futurorum-cau·

173 917 282 975 tionem
311 915 375 990 hic,
405 915 476 976 licet
501 916 576 976 11111
605 915 754 994 superflua
781 917 828 986 sit,
852 915 1047 988 adhibendum
1071 931 1215 974 censeam.
1263 914 1377 990 Quodsi
1396 917 1460 992 jam
1482 934 1533 994 per

174 1003 357 1064 uoluntatem
381 1003 570 1081 Imperatoris
592 1014 625 1063 ut
647 1004 788 1064 hactenus
811 1003 853 1062 sic
875 1018 960 1080 porro
983 1019 1102 1078 quoque
1125 1003 1211 1062 suerit
1234 1001 1317 1061 locus
1342 1005 1442 1062 uirtuti
1465 1021 1532 1079 ger-

174 1092 308 1150 manicae
331 1090 594 1164 demonstrandae,
627 1091 692 1169 ejus
714 1091 791 1150 hanc
815 1092 873 1148 rim
896 1108 961 1150 esse
991 1107 1049 1149 non
1074 1092 1205 1166 ignoras,
1239 1097 1271 1148 ut
1301 1089 1381 1150 ranila
1410 1093 1532 1150 militem

174 1177 244 1240 balli
267 1175 416 1254 pericula,
448 1177 548 1239 nullae
578 1178 916 1256 literatumpropositae
940 1177 1137 1252 conditiones,
1165 1176 1234 1237 licet
1256 1177 1469 1255 amplissimae,
1495 1181 1532 1238 ab

177 1266 356 1344 Imperatore
379 1282 433 1326 suo
456 1267 603 1326 abnuente
625 1265 712 1326 facilc
733 1265 914 1325 abstrahant.
960 1265 1026 1325 Non
1049 1273 1147 1324 tamen
1171 1265 1303 1342 despero,
1328 1267 1398 1340 quin
1422 1267 1533 1326 isthaec

177 1362 231 1413 tue
252 1353 547 1415 bonorificentissime
569 1356 704 1413 invitatio
727 1353 798 1412 mibi
821 1355 899 1413 bono
921 1355 960 1412 sit
975 1369 1093 1412 cessura
1109 1360 1138 1412 et
1154 1353 1210 1412 hoc
1227 1353 1373 1424 eductura,
1398 1361 1430 1412 ut
1445 1372 1533 1433 prse-

176 1443 242 1502 lecti
265 1442 336 1508 lisco
360 1439 495 1502 Osesaris
516 1445 659 1520 promtius
681 1458 769 1518 quam
799 1441 924 1500 antehac
947 1441 1134 1518 Imperatoris
1157 1441 1202 1498 sui
1227 1439 1410 1500 voluntatem
1432 1445 1461 1500 in
1485 1457 1531 1502 me

176 1524 348 1606 adjurando
369 1537 532 1605 aequantur
547 1545 661 1604 egoque
683 1537 766 1590 tanto
782 1530 867 1588 citius
883 1527 1014 1588 Tabulas
1030 1526 1234 1604 Rudolpblnas
1250 1528 1530 1674 Epiremerldasque,

177 1633 301 1693 quarum
325 1615 551 1677 delineationem
570 1617 632 1694 jem
656 1635 674 1676 a
697 1623 741 1677 tot
763 1618 848 1675 annis
871 1624 971 1676 notam
994 1615 1101 1688 habes,
1125 1618 1154 1673 in
1178 1615 1272 1676 lucem
1295 1615 1382 1676 edere
1406 1633 1529 1693 possm:

176 1707 277 1781 itaque
299 1712 329 1764 te
351 1711 523 1767 auctoresrc
545 1713 612 1765 tuos
635 1705 801 1781 scriptionis
822 1703 927 1779 hujus,
960 1703 1029 1763 licet
1051 1705 1080 1759 in
1103 1719 1241 1778 praeseus
1261 1705 1352 1763 111111
1385 1704 1529 1776 videatur,

177 1809 234 1852 non
258 1793 417 1870 poeniteat.
464 1791 494 1852 Si
517 1807 577 1868 qua
598 1809 684 1869 porro
709 1793 737 1848 ln
761 1807 791 1850 rs
814 1807 909 1850 meam
933 1789 1082 1852 desideras
1106 1806 1234 1867 operam,
1259 1791 1340 1850 ellics
1364 1809 1475 1866 quaeso
1498 1799 1531 1852 ut

176 1882 331 1940 materiam
354 1879 479 1940 babeam
502 1879 746 1940 demonstrandae
769 1895 850 1938 ursas
873 1881 902 1936 in
925 1885 954 1938 te
978 1881 1066 1952 inque
1088 1877 1323 1939 florentissimam
1353 1879 1533 1940 academiam
1586 1883 1591 1896 “

176 1966 374 2044 gratitudinis.
414 1967 499 2027 Vale.
538 1965 655 2026 Dabam
678 1966 792 2039 Prsgae
815 1967 967 2042 (quorsum
990 1965 1179 2034 Linclosum
1204 1974 1344 2026 evocatus
1367 1985 1385 2026 a
1408 1967 1534 2028 Caesare

176 2065 245 2116 ante
269 2055 334 2115 dies
356 2069 413 2113 non
437 2058 481 2115 ita
503 2055 624 2128 multos)
657 2059 706 2115 11.
731 2053 794 2114 Oal.
819 2053 915 2116 Maias
944 2071 1021 2114 annu
1050 2070 1136 2114 aerae
1159 2053 1290 2134 uulgaris
1317 2059 1409 2115 1617.
1456 2055 1532 2118 Nob.

175 2153 203 2204 st
226 2142 306 2205 Olar.
331 2141 440 2204 Excell.
464 2143 548 2204 'luae
571 2141 800 2204 officiosissimus

1012 2231 1042 2292 S.
1067 2231 1099 2291 O.
1123 2225 1175 2288 ld¹·
1199 2229 1427 2292 Mathematicus

1062 2317 1196 2380 Juannes
1219 2311 1375 2397 Keplerus.

280 2493 409 2562 idaginua
432 2493 461 2546 11
480 2491 709 2562 Ephemsridibus
736 2491 792 2547 suis
818 2492 981 2546 mentionem
1005 2489 1151 2545 1111111111
1175 2491 1419 2561 cumOrigano,
1448 2495 1534 2546 astro-

170 2597 252 2638 nomo
264 2580 491 2637 Francoiurtenai
501 2580 556 2649 (111.
569 2584 619 2637 111.
632 2585 652 2634 l.
666 2599 693 2648 p.
707 2581 778 2648 eas),
797 2594 878 2646 quarn
890 2578 965 2632 litem
979 2578 1061 2632 verbo
1074 2577 1281 2631 memoravimus
1294 2577 1349 2632 rol.
1359 2577 1419 2631 Vll.
1432 2593 1459 2648 p.
1472 2577 1534 2634 446.

172 2671 265 2740 ibique
281 2685 373 2740 pauca
390 2667 534 2724 retulimus
557 2668 591 2722 de
610 2669 745 2736 Origene,
764 2668 843 2736 cujus
862 2665 1060 2736 Ephernsrides
1085 2666 1228 2734 aliquoties
1248 2669 1395 2719 occurrunt
1413 2663 1536 2719 inlibris

172 2759 293 2828 depleri.
330 2757 468 2826 Origenes
493 2755 645 2824 pariterue
663 2755 792 2822 lilaginus
810 2753 925 2808 multum
944 2761 972 2808 et
990 2755 1050 2823 ipss
1068 2754 1164 2808 tribuit
1182 2752 1357 2822 astrologiae,
1383 2751 1427 2806 cui
1448 2751 1535 2806 inser·
1636 2777 1639 2795 ·

171 2847 282 2902 riebant
298 2845 387 2914 ipsius
408 2851 440 2899 et
458 2844 560 2911 Marini
581 2841 787 2912 prsmsrides,
807 2841 906 2912 quibus
924 2841 1027 2896 lectum
1046 2856 1107 2896 esse
1125 2839 1294 2908 crediderim,
1313 2847 1344 2894 ut
1355 2838 1469 2908 Keplerl
1487 2839 1534 2894 ad·

171 2935 225 2990 bac
242 2933 416 3003 temporibus
438 2931 573 2987 coleretur
590 2939 674 3000 atque
693 2931 857 2986 auctoritate
869 2929 979 2984 floreret
992 2928 1145 2994 astrologia,
1164 2941 1244 2994 quam
1259 2925 1394 2993 Origanus
1406 2927 1433 2979 in
1445 2925 1533 2995 primo

172 3020 389 3092 premaridum
415 3019 554 3074 uolumine
572 3019 650 3088 quasi
669 3019 704 3074 11
722 3024 807 3072 artem
827 3025 855 3072 11
872 3024 1020 3088 praecepta
1039 3020 1158 3071 revocat.
1193 3012 1286 3068 Pauca
1304 3028 1338 3067 ex
1362 3013 1414 3065 hac
1434 3011 1533 3078 ,intro-

173 3109 302 3166 ductione
322 3111 351 3162 11
370 3105 589 3176 Ephemeridas“
610 3105 733 3174 longiore
751 3105 804 3158 rol.
822 3105 844 3160 l.
863 3119 890 3173 p.
910 3105 962 3161 294
986 3103 1177 3176 proposuimus
1201 3099 1289 3168 iisque
1307 3100 1376 3154 haec
1394 3099 1533 3168 subjungi-

173 3213 244 3253 urus.
285 3195 423 3264 Origenes
442 3207 526 3261 quun
543 3207 632 3262 neque
649 3193 678 3246 11
696 3190 860 3259 Ptolemaei,
883 3207 972 3261 neque
998 3192 1024 3245 in
1044 3189 1200 3260 Ooperuici,
1227 3203 1316 3259 nsque
1334 3189 1470 3258 Tyclronis
1489 3203 1533 3242 ac·

177 3285 304 3353 quiescat
322 3281 430 3337 ratione
448 3280 483 3334 de
500 3279 612 3348 mundo,
630 3295 727 3334 norem
740 3279 913 3349 excogitavit,
932 3291 1012 3347 quam
1026 3278 1179 3332 consentire
1200 3275 1317 3332 affirmat
1335 3291 1395 3330 cum
1413 3275 1534 3346 physicis

175 3369 333 3442 principiis,
355 3374 413 3422 tum
432 3367 524 3423 verbis
543 3367 570 3421 S.
591 3367 756 3436 Scripturas.
795 3365 840 3431 ,st
858 3381 923 3433 rem,
943 3364 1044 3433 inquit,
1063 3365 1216 3420 accuratius
1236 3364 1436 3434 expendamus,
1460 3361 1533 3417 vide·

175 3475 235 3516 mua
261 3465 368 3514 motum
391 3449 425 3512 ab'
445 3471 546 3512 occasu
562 3455 591 3510 in
610 3461 700 3510 ortum
723 3455 832 3510 unicum
855 3467 1004 3524 agnoscere
1029 3461 1154 3508 naturam
1177 3453 1348 3522 eundemque
1372 3467 1426 3506 non
1453 3449 1534 3506 modo

178 3547 266 3603 stellis
285 3546 424 3613 omuibus,
450 3545 499 3600 sed
521 3551 550 3598 et
568 3545 670 3600 Terrae
687 3543 798 3611 proprie
815 3541 973 3612 convenire,
997 3541 1113 3598 alterum
1139 3556 1202 3596 vero
1222 3540 1337 3596 abortu
1360 3541 1388 3594 in
1407 3553 1534 3594 occasum

176 3633 329 3691 1111111111
348 3631 536 3701 apparentiam
553 3629 741 3686 tantummodo
760 3630 850 3684 inesse
868 3627 965 3684 stellis.
995 3629 1082 3684 Nemo
1100 3630 1239 3684 hominum
1262 3634 1336 3682 recte
1351 3626 1533 3696 judicantium

176 3723 211 3778 ds
227 3721 332 3776 Terrae
355 3718 524 3774 rotunditate
542 3717 663 3787 dubitat,
682 3732 768 3786 eaque
786 3716 873 3772 torma
890 3715 962 3772 11111
979 3717 1149 3786 potissimum
1168 3716 1203 3771 ob
1223 3729 1332 3770 cansam
1351 3715 1452 3770 Terrae
1471 3727 1534 3767 con·

176 3825 255 3866 cessa
272 3815 325 3876 est,
351 3811 383 3862 ut
400 3807 436 3861 ad
453 3814 556 3861 motum
576 3813 604 3860 et
621 3804 892 3874 circumgyratiouem
918 3810 992 3859 esset
1013 3805 1162 3874 aptissima.
1201 3804 1267 3870 anr
1286 3803 1372 3856 Terra
1392 3806 1534 3856 11111111

178 3897 250 3954 omni
262 3903 344 3967 parte
357 3893 551 3950 circumfusum
563 3893 674 3960 lrabeat,
687 3891 755 3946 nibil
767 3899 809 3946 est
822 3891 896 3960 quod
907 3891 967 3959 eius
979 3899 1082 3946 motum
1095 3892 1253 3946 circularem
1266 3890 1405 3960 impediat,
1425 3887 1533 3957 quando

179 3985 297 4042 mxima
314 3989 530 4040 consentaneum
556 3989 611 4050 est,
637 3997 697 4037 eam
717 3979 801 4036 semel
820 3995 837 4034 a
856 3986 952 4034 natura
969 3977 997 4031 in
1013 3984 1075 4033 aere
1099 3979 1242 4048 impulsam
1266 3993 1403 4047 nunquam
1422 3981 1534 4046 propter

177 4073 371 4130 rotunditatem
396 4076 425 4128 et
441 4071 619 4140 aptitudinem
643 4068 718 4126 illam
741 4069 776 4124 ad
799 4075 899 4124 motum
919 4067 1071 4135 quiescere,
1097 4066 1145 4121 sed
1171 4081 1280 4135 semper
1297 4065 1406 4120 moseri.
1444 4064 1534 4118 Causa

177 4169 265 4216 notus
291 4158 443 4230 praecipua
468 4159 600 4228 etprima
618 4166 661 4214 est
679 4157 832 4228 proprietas
851 4156 935 4210 11111
958 4152 1006 4208 1111
1030 4153 1171 4221 mirabilis,
1198 4169 1252 4220 qua
1271 4152 1358 4206 Terra
1381 4155 1532 4218 magnetem

178 4250 218 4305 rel
235 4249 330 4319 potius
350 4246 464 4302 Terram
481 4247 542 4315 ipse
558 4253 671 4316 magnes
689 4246 817 4301 imitatur.
855 4241 1010 4311 Geograpbi
1026 4248 1171 4306 testantur,
1191 4239 1219 4294 in
1237 4238 1361 4295 terrestri
1378 4236 1458 4305 globo
1477 4253 1531 4292 non

177 4339 294 4394 burno
317 4333 445 4398 arbitrio,
471 4333 520 4388 sed
537 4349 555 4388 a
571 4341 669 4388 natura
686 4334 747 4402 ipsa
764 4331 914 4386 constituta
932 4345 992 4384 esse
1011 4311 1200 4398 amariorem,
1219 4327 1382 4383 meridianos
1400 4332 1428 4379 et
1445 4326 1532 4396 polos,

177 4441 246 4496 quse
264 4423 357 4480 omnia
375 4421 460 4480 tacito
478 4420 588 4490 quidem
606 4429 636 4476 at
655 4419 776 4476 unanimi
794 4431 929 4474 consensu
949 4433 982 4470 eo
1000 4416 1129 4486 tendant,
1154 4423 1185 4470 nt
1202 4422 1305 4470 motum
1323 4411 1475 4469 naturalem
1493 4413 1532 4469 in-

176 4519 273 4582 11111,
298 4514 341 4568 ita
358 4518 390 4566 ut
408 4515 502 4565 motus
521 4508 772 4578 circumgyrationis
790 4507 891 4561 Terrae
916 4503 1074 4573 neutiquam
1093 4503 1222 4570 denegari
1243 4500 1345 4571 possit,
1372 4501 1532 4568 praesertim

174 4619 234 4660 suan
245 4607 375 4660 naiman
387 4595 458 4654 nibil
470 4595 616 4664 1111111111,
635 4594 683 4651 sed
703 4594 770 4650 certi
789 4595 850 4648 11111
864 4609 948 4648 11111
965 4592 1054 4647 moliri
1072 4598 1100 4646 et
1112 4605 1193 4660 agere
1205 4589 1343 4644 rideamus
1358 4631 1363 4642 .
1379 4631 1384 4642 .
1400 4629 1428 4643 ..
1457 4587 1533 4643 inest

173 4694 262 4750 anima
283 4687 423 4760 quaedam
441 4684 544 4738 Terrae
568 4697 680 4739 morena
703 4682 730 4736 in
749 4681 879 4737 circulum
905 4695 987 4748 super
1009 4691 1061 4732 axe
1080 4687 1108 4733 et
1130 4683 1223 4732 centro
1246 4691 1297 4730 sno
1315 4675 1449 4744 perpetim
1467 4675 1531 4746 fixo,

173 4781 317 4840 mmm
335 4791 403 4833 vero
423 4785 530 4826 unae
548 4769 643 4826 stellas
660 4777 716 4824 tarn
735 4769 865 4824 erraticas
888 4782 970 4838 quam
993 4767 1063 4820 lixas
1080 4769 1155 4820 motu
1174 4762 1292 4830 quodam
1309 4761 1486 4831 protectionis
1503 4765 1532 4819 in

170 4868 300 4934 1111111111
320 4869 423 4939 agunt,
449 4875 505 4935 qus
527 4857 678 4932 agitatione
700 4856 805 4916 animae
828 4857 880 4924 luae
899 4870 992 4915 omnes
1011 4850 1220 4933 pulcherrimam
1238 4851 1310 4908 hauc
1327 4857 1449 4915 motuum
1467 4850 1531 4912 bar-
