3662 5544
817 385 895 447 root
960 322 963 339 Ι
1459 397 1524 474 753

181 587 265 648 quau
286 571 486 636 annuentes
507 573 591 652 parte
612 569 712 648 optior
733 584 799 631 snm
820 565 973 648 sollicites.
1003 566 1115 646 ,cosm
1137 559 1274 648 imaginis
1287 573 1360 636 ruiti
1374 580 1525 654 umam

180 653 356 723 facessebat:
380 662 450 722 rici.
487 657 601 719 Natura
614 657 688 720 lucis
701 654 835 716 rimanda
857 655 924 714 luit:
949 653 1025 718 banc
1046 659 1171 720 tractavi
1185 657 1379 724 mediocriter.
1413 662 1525 735 Oculus

152 748 324 831 ¹secundus
352 755 431 810 eret:
460 746 637 826 perlustravi
665 751 828 808 memes.
880 742 1081 806 oetrmoooes
1112 746 1295 808 metiendae:
1326 750 1375 813 bic
1407 752 1525 816 haereo.
1614 745 1617 756 '

179 834 259 896 Deus
280 837 374 912 hone,
406 852 495 913 quam
523 832 640 896 occulte
667 833 781 896 ratini·
805 829 985 894 Devorenda
1007 833 1089 908 prius
1110 840 1194 895 erant
1214 837 1352 900 universe
1375 839 1527 918 Apollonii

180 923 306 1000 Conica,
337 923 502 1002 quaejam
531 939 606 1002 pene
634 921 764 983 absumet
766 961 897 982 ......
943 919 1166 994 prognosticum
1193 933 1296 984 meum
1313 924 1386 988 illud
1407 932 1525 1006 errarit,

179 1011 257 1086 quod
279 1021 396 1090 tempus
419 1009 543 1089 (Martio
565 1008 675 1086 mense)
692 1008 833 1089 ,pluvium
856 1006 925 1082 dixi,
950 1023 1015 1066 eum
1030 1011 1127 1068 siccae
1142 1011 1299 1072 existerent
1313 1013 1526 1080 exhalationes.

178 1097 211 1157 ld
233 1099 403 1177 displicebit
424 1102 482 1173 eis,
513 1099 564 1178 qui
593 1095 712 1158 delinita
741 1098 771 1180 in
794 1093 876 1158 coelo
908 1103 1061 1174 quaeruut.
1106 1095 1182 1157 Mihi
1203 1097 1261 1159 hcc
1281 1103 1354 1164 setis
1383 1111 1442 1181 est,
1475 1109 1527 1183 qui

178 1185 218 1246 nil
241 1190 360 1248 invenio
383 1191 413 1246 in
436 1186 519 1248 coelo
549 1187 605 1248 nisi
633 1185 799 1260 stimulum,
830 1185 859 1242 in
882 1182 972 1244 Terra
1003 1200 1072 1246 roro
1100 1187 1250 1246 materiem
1283 1196 1312 1248 et
1331 1190 1400 1267 ejus
1421 1195 1528 1256 ebeni·-

179 1281 239 1335 tum
262 1293 393 1337 coecum.

281 1369 330 1442 De
343 1385 459 1452 „anuh
477 1383 634 1442 reomense
659 1383 727 1440 haee
752 1379 849 1454 paneis
871 1385 1006 1438 notemur.
1045 1380 1202 1438 Herennius
1227 1398 1299 1440 suno
1318 1388 1384 1444 tobi
1408 1388 1528 1458 petiite

178 1471 312 1542 lieplerc,
331 1479 362 1528 ut
378 1472 432 1530 sihi
443 1471 600 1543 explicaret
616 1470 780 1542 hypothesin
793 1471 929 1543 Tychonie
947 1471 981 1526 dc
992 1470 1087 1526 Lunae
1105 1470 1323 1542 sectaequae
1340 1473 1438 1532 iecisse
1455 1477 1529 1548 Kep-

180 1557 267 1614 lermn
284 1561 423 1616 testentur
440 1557 574 1615 llerrrerti
589 1557 686 1614 literae
704 1559 755 1616 suh
774 1557 855 1614 mem
872 1559 938 1614 anni
955 1557 1044 1626 datae,
1062 1557 1161 1626 quihus
1180 1561 1282 1628 mades
1300 1563 1357 1632 agit
1374 1581 1424 1634 pro
1442 1565 1529 1636 expli-

178 1645 292 1702 catione.
328 1645 408 1703 hono
428 1646 496 1704 1602
514 1653 606 1702 monet
623 1646 784 1717 Keplemm,
807 1651 840 1702 ut
857 1645 1122 1716 oolhgetTyohonie
1140 1647 1343 1704 ohservationes
1361 1649 1467 1722 sibique
1485 1667 1529 1710 ao-

178 1739 273 1790 curato
291 1733 429 1792 describet
445 1735 586 1799 rationem,
604 1749 660 1804 qua
676 1731 739 1790 loca
756 1731 828 1790 Solis
845 1741 874 1790 et
890 1735 985 1790 Lunae
1001 1735 1054 1790 rite
1071 1734 1274 1792 consutumtor
1289 1743 1342 1794 etc
1372 1737 1444 1795 Huic
1461 1739 1530 1810 pecl-

179 1822 246 1878 ticni
264 1822 400 1878 sahsiecit
415 1821 553 1891 Keplerus
570 1821 738 1878 constituens
754 1820 863 1878 taholnr
881 1809 960 1888 illes,
982 1837 1050 1894 quar
1068 1823 1207 1892 accepisse
1225 1837 1255 1879 oe
1273 1823 1357 1882 relert
1373 1827 1531 1884 limmtoe

179 1909 256 1966 initio
274 1911 376 1966 mensis
394 1909 471 1966 Junii
488 1910 566 1978 1603,
584 1907 717 1964 scribens:
736 1909 798 1966 Ksn
812 1925 862 1978 ger
878 1909 1042 1980 nicomas,
1061 1925 1101 1965 rro
1119 1910 1160 1965 sie
1176 1925 1208 1967 eo
1225 1911 1290 1982 long
1303 1913 1439 1986 corlegen.
1466 1915 1547 1971 llah·
1567 1945 1569 1950 .

180 1998 219 2056 sie
236 2015 287 2069 ger
304 2013 371 2068 garn
388 1997 509 2066 genehen
526 1997 582 2054 rud
598 1997 648 2054 het
665 1995 714 2054 der
731 1998 803 2054 Herr
820 1999 872 2054 dart
890 1997 1019 2054 studiosis
1030 1996 1190 2054 Mathesecs
1207 1997 1303 2056 histos
1315 1999 1469 2071 marcholt
1487 2005 1532 2060 ein

178 2085 292 2142 condere
315 2083 478 2142 heneficium
499 2083 608 2154 gethan.
644 2085 692 2140 leh
715 2084 775 2142 halt
793 2084 863 2142 anah
887 2083 931 2140 ior
953 2084 1066 2154 gessise,
1091 2083 1156 2138 desa
1177 2099 1256 2142 oenn
1278 2085 1356 2144 disse
1372 2087 1531 2146 idneidatto
1553 2115 1562 2140 ι

180 2173 335 2230 cholerum
352 2171 490 2241 gedrnett
504 2171 559 2228 rnd
577 2171 630 2228 den
642 2172 893 2246 Progymnasroatis
902 2171 1059 2243 hepgeingt,
1079 2185 1109 2226 as
1119 2171 1211 2228 oeteo
1221 2189 1255 2228 sn
1269 2173 1407 2232 nemeen
1418 2175 1533 2247 Ahgnrg

180 2260 227 2318 uer
243 2259 518 2332 aremarensem
536 2259 682 2320 uersum
694 2275 771 2331 sem.
794 2260 843 2316 ren
860 2258 925 2316 our
938 2257 1010 2314 rues
1022 2259 1062 2314 ne
1076 2258 1260 2329 acernam,
1277 2246 1533 2350 quorumdem

179 2349 220 2404 nis
238 2347 341 2404 Brahei
358 2345 490 2404 haeredes
509 2348 608 2406 dassen
624 2365 659 2404 au
672 2346 802 2415 srisiren,
818 2363 898 2404 osne
917 2345 963 2402 ich
974 2351 1082 2415 sotem,
1100 2345 1151 2405 trie
1164 2345 1271 2404 soloher
1282 2349 1437 2418 geschehea
1449 2351 1532 2425 solle;

181 2435 253 2494 buu
270 2435 318 2492 ich
335 2451 391 2493 rrer
407 2433 450 2494 eie
467 2435 611 2508 mgentbch
629 2450 713 2506 seyen
730 2435 773 2492 nit
789 2435 881 2505 veiam
900 2434 953 2490 hitt
969 2451 1013 2490 rm
1030 2432 1150 2490 Bericht.

283 2524 338 2580 Die
358 2527 400 2582 17.
417 2524 493 2582 lunii
510 2523 597 2582 refert
613 2523 770 2580 Harwertus
788 2521 920 2593 lieplerc:
939 2522 988 2578 Ich
1006 2521 1060 2578 hab
1078 2522 1127 2578 mit
1138 2523 1234 2579 ΙΗειτιι
1251 2525 1334 2581 Pater
1352 2519 1441 2599 cerel,
1460 2527 1533 2587 lieth

181 2613 234 2668 rnd
258 2613 435 2669 Selrreterien
453 2613 476 2670 1.
494 2613 527 2669 F.
546 2613 578 2668 D.
597 2607 753 2668 Perdinand
777 2626 832 2668 ron
849 2609 1035 2678 oneratutm,
1061 2623 1155 2679 rregeu
1178 2605 1227 2666 des
1252 2611 1341 2668 lieren
1359 2613 1534 2674 lirhschelts·

180 2700 356 2770 handlnngcn
373 2700 476 2773 geredt.
511 2701 553 2756 Er
569 2701 631 2755 hott
649 2698 708 2754 sich
726 2696 859 2767 erhctten,
878 2687 931 2768 bey
949 2694 1002 2750 den
1014 2695 1122 2752 Scohen
1139 2697 1199 2752 seis
1210 2698 1308 2756 Bester
1325 2719 1359 2758 su
1377 2702 1453 2759 then.
1484 2703 1535 2760 Als

180 2788 258 2844 mrdt
275 2788 325 2844 der
341 2788 413 2846 llerr
429 2788 488 2846 sein
501 2788 684 2853 lleueirenen,
702 2785 752 2841 uui
767 2783 819 2840 den
832 2783 893 2840 Feli
911 2783 951 2838 sie
969 2783 1040 2838 noch
1051 2781 1080 2837 in
1094 2781 1183 2854 Greia,
1196 2785 1305 2843 solohes
1318 2789 1415 2845 visson
1433 2789 1534 2860 lesem,

181 2875 264 2932 demit
282 2877 324 2934 rie
341 2876 402 2934 sich
419 2875 472 2946 hey
488 2875 545 2932 rhm
557 2875 664 2931 melden
682 2873 774 2930 leucen
791 2877 898 2942 mogon.
922 2871 971 2926 leh
984 2870 1036 2926 rrill
1055 2867 1121 2926 aber
1140 2871 1201 2928 dem
1218 2874 1308 2932 Herrn
1325 2877 1366 2933 nit
1384 2879 1534 2951 rerhelten‚

181 2961 244 3019 dese
263 2979 293 3018 er
311 2963 363 3018 mir
379 2963 408 3018 in
425 2961 553 3018 sonderm
565 2962 717 3020 Vertrauen
735 2960 908 3032 sngedeutet,
927 2975 957 3015 er
974 2958 1049 3014 holte
1068 2957 1155 3030 detor,
1175 2960 1224 3017 der
1235 2962 1306 3018 Hert
1317 2963 1407 3020 werde
1419 2967 1536 3024 schwer-

181 3049 234 3105 lich
253 3049 323 3105 oder
339 3065 389 3119 gar
406 3049 447 3106 uit
464 3065 500 3105 zu
518 3049 610 3120 gut'em
628 3047 684 3104 und
701 3045 904 3102 verhoffeudem
916 3045 1071 3116 Ausschlug
1087 3045 1144 3103 und
1162 3047 1301 3105 eudlicher
1311 3049 1467 3124 Abheltbng
1479 3057 1535 3111 und

181 3137 364 3206 Verrichtung
382 3135 471 3192 dieser
488 3137 579 3192 seiher
595 3133 743 3206 Hundluug
761 3134 903 3206 gelaugen,
922 3148 1001 3191 rrerm
1018 3147 1048 3188 er
1065 3135 1106 3190 nit
1123 3127 1244 3194 selbs'ten
1263 3137 1389 3210 hirmino,
1408 3141 1463 3198 und
1482 3142 1535 3198 den

181 3222 290 3279 buchen
308 3223 430 3280 selhsteu
448 3222 594 3278 nrcheetze
613 3223 670 3284 und
687 3223 837 3281 heiuohne.
873 3223 936 3278 Nun
955 3221 1003 3277 het
1021 3237 1051 3277 er
1068 3221 1128 3278 sich
1145 3222 1214 3278 euch
1238 3223 1367 3295 erhoten,
1390 3241 1468 3284 wenn
1487 3231 1536 3287 der

180 3309 253 3366 llerr
270 3309 328 3364 ihm
346 3309 407 3365 eine
426 3309 615 3380 Supplioadon
633 3327 678 3365 rm
695 3310 858 3379 Erlaohnng
876 3309 1093 3366 hineinuurelren
1111 3323 1146 3364 sn
1164 3309 1207 3366 lre
1226 3309 1327 3367 Foretl.
1344 3313 1458 3370 Dnrchl.
1476 3331 1536 3372 rer·

180 3397 293 3456 horem
310 3397 476 3453 auschiclren
494 3397 598 3468 werde,
623 3399 687 3455 dass
705 3397 815 3454 erdem
832 3397 922 3452 Herrn
945 3411 994 3467 gar
1011 3410 1077 3465 garn
1095 3395 1166 3452 dean
1187 3395 1279 3452 helien
1297 3395 1389 3470 welle,
1413 3399 1478 3458 dass
1497 3403 1537 3458 llr
1561 3417 1572 3426 ·

179 3486 327 3556 tommo,
340 3485 401 3546 sich
413 3485 448 3540 im
461 3485 540 3541 hand
558 3485 608 3544 ani
617 3487 661 3544 ein
673 3487 735 3545 zeir
745 3485 811 3557 long
823 3485 914 3542 dieser
925 3484 1065 3543 Vresohen
1077 3483 1173 3541 halher
1184 3483 1370 3556 ouhohalten,
1383 3485 1537 3546 holrornnre.

285 3590 460 3662 lieplerus
477 3590 633 3660 respoudit:

286 3681 447 3762 Magnifice
477 3691 506 3744 et
526 3681 716 3749 Nobilissimc
740 3681 806 3759 Vir,
836 3684 948 3744 Fautor
977 3681 1109 3748 colende.
1154 3683 1245 3743 Binos
1275 3686 1329 3745 ohe
1360 3683 1440 3764 hlog.
1470 3685 1536 3750 'l'ua

183 3773 284 3848 accepi
301 3771 411 3844 literas,
434 3769 553 3830 ultimas
571 3778 619 3833 17.
636 3769 728 3846 dutrii,
752 3788 829 3848 quae
845 3772 881 3833 de
898 3771 1071 3848 rebusmeis
1088 3771 1255 3832 domesticis
1271 3781 1387 3844 sonent.
1426 3774 1535 3854 Scripsi

186 3863 287 3922 statim
311 3859 349 3918 ad
372 3875 493 3920 uxorem
515 3865 626 3934 meatu,'
644 3877 681 3919 ne
703 3859 780 3920 hanc
802 3863 988 3921 occasionem
1010 3859 1040 3918 in
1063 3859 1192 3920 futurum
1214 3876 1301 3919 usum
1323 3859 1486 3938 negligeret
1509 3872 1539 3924 et

182 3947 221 4008 D.
246 3947 398 4008 casalium
420 3943 627 4024 alloqueretur.
664 3945 716 4008 Me
731 3946 811 4025 quod
833 3949 939 4008 attinet
961 3943 1117 4025 uicemque
1138 3948 1201 4023 iter,
1225 3951 1352 4024 optarim
1373 3951 1454 4025 prius
1471 3965 1536 4010 cum

183 4034 266 4114 ling.
289 4033 357 4094 'lue
380 4033 519 4112 colloqui.
564 4033 640 4097 Nom
664 4033 724 4096 dno
747 4037 867 4112 negotis
889 4040 957 4095 sunt
980 4036 1187 4109 morimeam,
1218 4035 1341 4096 alterum
1363 4037 1392 4096 iu
1415 4044 1538 4113 paterne

182 4121 376 4197 haereditate,
401 4121 480 4200 quod
502 4124 687 4185 mediocriter
709 4119 850 4201 procedit,
874 4132 907 4184 ut
929 4139 987 4183 non
1004 4121 1138 4183 videatur
1160 4121 1289 4200 indigere
1312 4123 1416 4202 mejeri
1431 4115 1537 4200 opere3

183 4209 308 4272 alterum
331 4213 362 4270 in
385 4211 470 4271 honis
493 4213 656 4291 privignae,
680 4211 716 4272 de
740 4212 847 4289 quihus
869 4228 907 4271 cn
932 4209 1033 4288 Magn.
1056 4207 1122 4272 oua
1144 4227 1210 4270 cum
1225 4207 1344 4272 casallo
1366 4213 1404 4270 sit
1426 4209 1534 4285 locuta,

184 4315 242 4360 non
264 4315 389 4378 possum
411 4315 448 4359 ex
468 4297 561 4360 literis
584 4299 754 4378 intelligere.
800 4299 913 4378 Quodsi
936 4315 1001 4359 mcc
1023 4299 1189 4376 praesentis
1211 4296 1260 4357 hic
1282 4297 1394 4376 aliquid
1409 4297 1538 4359 salutare

183 4389 296 4466 possim
320 4385 447 4462 allicere,
470 4389 610 4466 equidem
634 4405 691 4448 oon
716 4387 907 4448 detrectarem
929 4389 993 4447 iter.
1039 4387 1131 4463 Atqui
1153 4387 1303 4462 negotium
1334 4384 1393 4444 tale
1415 4391 1474 4460 cst,
1504 4394 1538 4446 ut

185 4492 278 4553 parre
301 4475 375 4536 mihi
398 4477 427 4534 iu
451 4493 497 4536 me
520 4491 587 4553 spes
610 4477 657 4550 sit,
681 4491 747 4536 cum
771 4477 825 4535 sim
848 4473 970 4535 vitricus
993 4491 1047 4535 nec
1062 4475 1189 4550 regionis
1212 4470 1323 4546 incole3
1346 4488 1404 4531 noo
1421 4473 1538 4539 estite-

188 4582 244 4641 que
267 4562 439 4636 verisimile,
462 4561 535 4620 mihi
558 4561 697 4623 collatum
720 4563 755 4620 iri
779 4559 915 4640 tutelam,
938 4561 995 4621 nisi
1017 4561 1092 4622 torte
1115 4560 1208 4637 aliqui
1231 4561 1419 4633 magistratus
1442 4569 1538 4622 certo-

185 4667 247 4712 rum
269 4651 416 4723 locorom,
440 4651 469 4706 in
493 4665 569 4725 quse
591 4649 785 4712 translaturus
808 4666 902 4711 oseem
926 4650 1021 4726 hone,
1051 4665 1103 4726 pro
1125 4645 1298 4707 hectoreis
1319 4647 1539 4725 magistratibus

183 4737 325 4820 Styrlacis
348 4735 496 4816 spondere
516 4737 604 4815 juxte
625 4755 672 4800 me
693 4735 794 4799 velint.
840 4737 888 4797 An
911 4741 999 4800 etiam
1030 4737 1060 4795 in
1083 4735 1139 4796 lrac
1159 4749 1191 4793 re
1214 4731 1364 4816 Ceselium
1386 4743 1537 4813 promoto·

233 4855 500 4916 opu-xoptatum
1296 4848 1334 4911 49
