3662 5544
277 383 341 453 816
365 475 367 478 ¹
788 382 852 442 Vite
869 385 983 443 Joannis
1001 384 1122 456 Kepleri.

278 562 478 640 dispositionis
501 559 628 622 divinae.
671 559 704 621 st
726 563 830 622 vitium
854 571 933 637 erat,
963 579 1013 623 eur
1036 581 1105 640 ergo
1129 571 1187 634 tam
1210 563 1383 642 splendidae
1405 566 1515 642 ubique
1537 583 1625 642 prae·
1702 635 1704 648 Ι

276 651 412 709 luxerunt
433 650 561 708 rmiones
585 650 689 725 partim
713 649 793 723 milri,
817 654 922 728 purtim
946 653 1018 711 meis
1043 651 1284 718 consultoribus?
1315 669 1366 711 cur
1388 653 1517 713 vicissim
1540 669 1626 712 nemo

275 739 340 809 init,
363 739 413 812 qui
436 736 493 796 boc
515 736 668 796 consilium
691 739 875 814 approbaret,
900 737 980 816 qnod
1004 736 1129 814 denique
1152 749 1269 800 secutus
1288 739 1377 799 sum?
1401 758 1450 801 cnr
1473 743 1627 800 existima-

277 829 386 884 tionem
409 827 511 882 amitto
534 833 586 883 aut
608 826 740 884 amittere
772 824 898 886 videor?
937 825 1014 902 Quid
1038 836 1100 887 erat
1125 831 1219 904 magis
1249 827 1437 900 rationabile,
1469 845 1556 904 quarn
1579 845 1626 888 me

276 913 422 973 hominem
444 911 660 989 philosophum,
684 913 776 973 virilia
793 916 898 974 aetatis
922 915 1070 989 fastigium
1086 929 1315 992 supergressum,
1339 933 1375 975 ea
1392 916 1457 992 jam
1477 923 1626 992 vergente,

276 1000 385 1061 sedatis
409 999 472 1074 jam
501 999 670 1074 affectibus,
703 1017 822 1078 corpore
852 1011 958 1060 natura
986 1005 1101 1062 exsicco
1130 1011 1159 1062 ct
1182 1002 1276 1076 molli,
1309 1001 1414 1063 ducere
1444 1002 1562 1062 viduam
1585 1005 1627 1062 rei

277 1089 481 1148 oeconomicus
504 1104 623 1163 gnaram
655 1105 778 1164 eumque
808 1097 908 1170 troiam
938 1088 1009 1148 mibi
1038 1107 1179 1166 meaeque
1203 1092 1285 1151 uxori
1307 1092 1410 1168 priori,
1432 1091 1566 1166 adeoque
1589 1091 1627 1150 ab

277 1176 330 1235 illa
352 1174 423 1234 mihi
446 1193 504 1233 uon
528 1176 651 1235 obscure
674 1176 916 1249 commendatam,
940 1194 994 1236 nec
1017 1179 1142 1254 inopem,
1166 1178 1218 1237 tali
1242 1187 1338 1238 tamen
1362 1177 1427 1237 loco
1452 1178 1627 1238 delitescen-

277 1271 345 1336 tem,
369 1262 445 1322 unde
468 1279 533 1322 sese
556 1263 669 1322 extrahi
693 1266 780 1340 inque
803 1261 898 1324 lucem
922 1263 1070 1322 bominum
1093 1265 1213 1342 produci
1244 1265 1451 1342 melioremque
1481 1269 1509 1322 in
1534 1267 1628 1324 lurtu-

278 1369 346 1412 nam
369 1351 515 1410 transferri
538 1349 676 1426 gaudeat,
700 1369 787 1428 quam
812 1353 849 1410 ob
873 1369 992 1411 causam
1016 1359 1097 1411 tanto
1115 1353 1218 1428 majori
1234 1355 1262 1410 in
1278 1357 1372 1429 pretio
1387 1357 1480 1412 virum
1495 1351 1628 1412 habeat?

278 1439 427 1500 Hunccine
451 1455 506 1514 ego
530 1438 726 1497 conditionem
749 1455 807 1499 nou
832 1439 1004 1516 amplectar,
1035 1457 1111 1515 quae
1135 1458 1199 1499 cum
1222 1443 1316 1515 prima
1338 1443 1497 1514 arrisisset,
1528 1443 1628 1500 statim

279 1530 367 1588 etiarn
399 1526 474 1585 ultro
503 1526 605 1585 oblata
633 1525 703 1584 mibi
734 1535 779 1586 est
807 1529 972 1586 aleminae
1003 1526 1159 1602 patronis?
1199 1527 1257 1587 Cur
1287 1545 1355 1604 ergo
1386 1545 1628 1596 successnmres

277 1614 390 1674 nullum
414 1621 458 1673 est
480 1613 607 1672 sortita?
644 1613 851 1690 Visaquidem
874 1624 919 1674 est
941 1615 978 1673 ab
1002 1616 1085 1674 initio
1110 1619 1282 1688 consentire,
1306 1622 1474 1692 certumque
1498 1625 1551 1681 est.
1575 1614 1629 1675 de·

217 1739 219 1746 ,
278 1701 434 1775 liberassc3
467 1698 585 1759 tandem
613 1700 827 1762 modestissime
856 1704 1016 1764 excusavit.
1061 1700 1118 1763 Hic
1146 1720 1201 1778 ego
1233 1703 1319 1763 rideo
1345 1705 1473 1764 rationes
1502 1702 1627 1778 aliquas,

280 1807 331 1850 cur
352 1789 383 1847 id
412 1789 475 1847 fieri
502 1805 559 1846 uon
592 1788 739 1861 debuerit,
773 1792 908 1866 quumvis
941 1791 1034 1865 optari
1062 1808 1148 1850 arua
1179 1791 1257 1850 bona
1286 1808 1351 1850 cum
1380 1794 1492 1850 ratione
1521 1793 1628 1866 potnit.
1719 1844 1721 1850 .

279 1876 441 1938 Consilium
464 1877 550 1934 inivit
573 1877 651 1935 bona
673 1875 781 1936 lamina
804 1895 869 1936 cum
891 1895 1000 1953 genero
1022 1895 1091 1951 suo,
1120 1881 1231 1938 invenit
1253 1895 1285 1937 se
1306 1879 1377 1938 mibi
1400 1881 1479 1938 oneri
1503 1878 1629 1936 loturam

279 1981 338 2026 non
361 1983 419 2024 uno
442 1963 547 2037 modo,
579 1963 653 2022 duas
683 1966 759 2024 enirn
792 1965 908 2024 nubiles
936 1965 1011 2025 filias
1033 1982 1187 2042 unumque
1214 1983 1335 2042 puerum
1358 1964 1576 2025 duodecennem
1601 1973 1631 2032 et

278 2061 432 2131 praeterea
454 2050 598 2111 elocutam
622 2068 710 2110 unam
732 2051 874 2126 habebet;
899 2061 998 2112 ternae
1022 2068 1057 2111 ex
1081 2053 1181 2113 ordine
1204 2055 1395 2113 imminebant
1416 2055 1544 2131 nuptiae,
1567 2055 1630 2130 pri-

279 2158 345 2201 mae
368 2143 477 2212 matris,
501 2140 631 2216 reliquae
653 2139 794 2214 filiarum3
818 2141 896 2199 bona
918 2157 987 2198 vero
1010 2141 1102 2215 ipsius
1126 2144 1224 2201 omnia
1248 2144 1275 2199 iu
1291 2149 1437 2216 potestate
1460 2151 1542 2200 erant
1565 2141 1631 2217 ejus

280 2231 343 2303 viri,
368 2230 417 2303 qui
441 2225 585 2286 soluendo
608 2236 693 2302 esset,
718 2245 754 2285 an
778 2245 851 2300 nou,
876 2243 912 2286 ne
936 2227 1144 2303 disputandum
1167 2228 1284 2304 quidem
1307 2230 1401 2288 iuit'a
1424 2228 1587 2303 clientibus,
1612 2245 1630 2286 a

279 2333 337 2394 quo
360 2317 384 2375 si
409 2313 600 2386 discederent,
624 2330 676 2390 pro
700 2325 823 2390 patrono
847 2314 1028 2388 debitorem,
1053 2314 1083 2374 id
1107 2324 1152 2375 est
1173 2316 1286 2376 lrostem
1309 2316 1467 2388 baberent,
1498 2319 1548 2392 qni
1572 2315 1630 2374 ali-

279 2412 379 2464 menta
401 2420 455 2462 nec
477 2403 631 2478 praeberet
654 2402 796 2479 amplius,
819 2404 954 2479 praebita
975 2404 1056 2482 prius
1078 2405 1108 2460 in
1132 2404 1265 2463 beneficii
1285 2412 1369 2479 parte
1387 2407 1548 2481 reputaret.
1595 2403 1630 2460 In

279 2509 325 2552 me
349 2508 418 2550 vero
442 2491 560 2548 homine
583 2491 701 2549 minime
724 2491 854 2566 politico,
879 2491 983 2549 studiis
1000 2492 1084 2549 unice
1101 2489 1210 2562 dedito,
1235 2491 1424 2550 uullurnerat
1440 2489 1630 2566 praesidium,

278 2578 360 2640 nulla
381 2595 448 2653 spes
471 2575 713 2653 expediendarum
738 2595 842 2637 rerum.
888 2577 990 2636 Visum
1014 2577 1147 2649 catillis,
1172 2579 1293 2638 retinere
1316 2596 1399 2636 suern
1417 2578 1508 2637 veluti
1532 2577 1630 2656 ltypo·

279 2668 394 2726 thecam
419 2673 448 2724 et
470 2651 531 2724 sub*
548 2667 645 2740 speeie
669 2665 851 2724 alumnarum
874 2667 1091 2742 possessiouem
1115 2665 1205 2725 veluti
1229 2668 1302 2726 tueri
1322 2667 1397 2742 jmis
1420 2667 1466 2724 sui
1483 2668 1511 2722 in
1527 2674 1631 2742 putro-

278 2773 357 2814 num.
404 2752 572 2814 Accedebat
602 2763 630 2812 et
660 2753 855 2812 consideratio
886 2753 1062 2813 valetudinis
1093 2762 1246 2828 suspectae
1275 2756 1304 2811 in
1328 2769 1461 2829 corpore,
1495 2754 1631 2828 quamvis

279 2845 354 2903 bene
370 2841 549 2913 succulento,
574 2840 611 2898 ob
628 2843 742 2900 animae
758 2841 916 2915 laetorcrn3
940 2840 1099 2900 accedebat
1114 2859 1221 2917 anceps
1244 2842 1321 2900 larua
1345 2841 1380 2899 de
1398 2859 1462 2900 mea
1479 2841 1630 2916 religione,

278 2947 326 2990 res
348 2932 420 2989 mire
443 2929 608 3004 ponderosa
630 2929 658 2984 in
682 2929 772 2988 dubia
796 2929 948 3002 electione,
973 2931 1106 3003 aequatis
1128 2929 1291 2988 rationibus
1314 2930 1426 2987 ceteris.
1465 2927 1559 3004 Super
1574 2930 1632 2986 ista

280 3019 391 3088 omnia,
422 3017 576 3093 profligato
605 3015 668 3091 jum
697 3017 752 3076 boe
781 3017 905 3076 consilio
937 3026 1125 3092 conspectum
1153 3016 1278 3075 leminea
1308 3024 1411 3074 nactus
1435 3015 1515 3093 (nam
1538 3034 1556 3074 a
1579 3032 1632 3074 aex

280 3108 365 3164 annis
389 3103 469 3162 illam
492 3121 549 3162 non
574 3101 732 3176 videram),
763 3103 874 3162 nullam
907 3106 1006 3162 inveni
1029 3111 1128 3161 notam
1151 3120 1170 3161 a
1192 3121 1251 3179 qua
1275 3102 1412 3180 placeret.
1458 3101 1541 3164 Haec
1565 3119 1632 3162 cum

280 3195 323 3252 ita
344 3191 481 3263 babeant,
505 3193 577 3250 satis
600 3201 738 3267 apparet,
770 3209 821 3251 eur
843 3192 999 3252 succedere
1022 3205 1080 3249 non
1104 3190 1270 3264 debuerint,
1299 3199 1329 3249 et
1350 3193 1376 3248 si
1399 3207 1499 3250 verum
1529 3190 1632 3264 latear,

279 3281 495 3356 impertinentia
517 3279 667 3353 moliebar,
691 3281 761 3354 quia
783 3277 1106 3339 scilicetrnisericordia
1128 3295 1197 3354 erga
1220 3277 1391 3352 ducendam,
1416 3295 1489 3354 opus
1512 3279 1632 3354 pietatis

281 3383 351 3444 erga
374 3366 549 3440 defunctam,
574 3367 652 3426 bona
673 3383 726 3443 per
748 3383 789 3440 se,
814 3366 867 3426 sed
890 3367 1116 3444 impertinentia,
1139 3367 1210 3441 quia
1233 3382 1352 3425 uxorem
1376 3367 1527 3441 quaerenti
1550 3364 1632 3425 aliud

281 3453 426 3531 agendum
458 3461 488 3512 et
518 3457 587 3530 quia
615 3455 730 3529 majora
758 3456 869 3515 uiribus
899 3472 988 3514 ausus
1016 3470 1091 3514 sum.
1136 3453 1232 3511 Etiam
1260 3456 1367 3530 pietas,
1400 3455 1487 3512 etiam
1512 3452 1632 3513 deuotio

283 3545 357 3602 inter
380 3557 483 3602 caecos
506 3543 628 3601 allectus
652 3550 711 3616 est,
743 3544 852 3618 impetu
876 3543 948 3613 ruit,
980 3541 1134 3601 consilium
1157 3541 1276 3616 aperuit.
1323 3543 1363 3600 At
1386 3558 1436 3600 cur
1459 3558 1564 3615 passus
1588 3548 1633 3600 est

283 3631 375 3703 Deus,
398 3645 445 3688 me
469 3629 605 3705 occupari
629 3627 685 3687 lroo
708 3630 843 3702 consilio,
868 3629 946 3706 quod
969 3627 1124 3688 succedere
1147 3645 1205 3686 nou
1230 3627 1354 3687 debuit?
1399 3629 1446 3686 An
1470 3637 1502 3686 ut
1523 3631 1553 3686 in
1575 3628 1634 3687 bac

282 3733 409 3796 persona
433 3715 585 3775 inhaerens
609 3719 853 3791 cogitationibus,
884 3734 941 3775 nou
971 3715 1127 3775 inciderem
1156 3717 1185 3772 in
1217 3715 1424 3792 perplexitates
1448 3713 1546 3775 alias?
1585 3715 1632 3772 Au

281 3805 331 3865 ille
354 3823 413 3863 uon
441 3821 557 3880 semper
587 3807 730 3862 concurrit
761 3804 799 3864 ad
829 3803 981 3864 formanda
1004 3810 1104 3861 nostra
1129 3802 1266 3876 consilia,
1296 3802 1348 3862 sed
1376 3801 1572 3879 praestolatur
1596 3821 1646 3862 ex·

281 3900 364 3971 purte
387 3893 506 3951 effectus
528 3891 691 3965 formatque
723 3891 914 3952 successum?
952 3892 998 3949 An
1030 3907 1097 3950 vere
1120 3888 1177 3949 boc
1200 3899 1259 3963 est,
1291 3889 1370 3966 quod
1401 3889 1471 3950 dicit
1497 3891 1631 3966 sapiens:

281 3982 407 4042 bominis
431 3995 496 4038 esse
526 3977 679 4054 disponere
711 3983 788 4038 viam
816 3997 913 4048 suam,
944 3977 995 4038 sed
1019 3977 1139 4036 Domini
1169 3976 1291 4054 dirigere
1321 3995 1437 4054 gressus
1469 3976 1557 4052 ejus?
1595 3977 1634 4036 Et

281 4086 370 4147 quam
393 4067 499 4126 vellem
522 4065 570 4124 lric
592 4082 744 4126 excurrere
767 4069 795 4124 in
820 4067 1032 4144 disputationes
1056 4063 1204 4138 horridus,
1233 4067 1325 4124 nostrl
1348 4064 1440 4124 seculi
1463 4066 1632 4125 infortunia.

282 4157 341 4218 Sed
363 4171 464 4233 pergo.
511 4151 634 4212 Videtur
662 4155 738 4213 enim
768 4154 841 4214 nibil
863 4154 933 4212 milri
957 4152 1098 4214 accidisse
1128 4155 1212 4226 novi,
1243 4151 1329 4212 credo
1354 4152 1488 4212 omnibus
1513 4155 1633 4213 evenire

283 4243 459 4321 hujusmodi,
483 4257 541 4301 non
565 4247 678 4299 tantum
701 4257 790 4300 uuum
813 4239 942 4319 aliquod,
966 4239 1018 4301 sed
1042 4257 1136 4316 aeque
1158 4256 1264 4316 magno
1288 4257 1408 4299 numero
1431 4249 1520 4316 atque
1543 4240 1657 4314 mibi3·

284 4332 475 4394 differentiam
498 4332 527 4388 iu
552 4344 602 4402 eo,
624 4327 704 4404 quod
726 4331 815 4390 ceteri
839 4330 886 4389 vel
909 4346 967 4388 uon
989 4336 1142 4405 reputant,
1167 4336 1199 4387 ut
1222 4345 1291 4404 ego,
1324 4327 1538 4388 obliviscuntur
1560 4345 1633 4388 con-

282 4427 473 4496 temnuntque
495 4417 561 4494 plus
584 4431 672 4492 quarn
696 4433 765 4493 ego,
791 4417 837 4476 vel
860 4419 905 4477 sui
929 4416 1155 4477 continentiores
1177 4425 1245 4475 sunt
1267 4432 1356 4492 quarn
1379 4433 1434 4492 ego
1457 4419 1530 4488 mci,
1561 4433 1633 4475 sna·

284 4525 341 4584 que
365 4506 420 4566 soli
443 4513 549 4564 norunt
577 4503 749 4578 infurtunia,
781 4503 828 4564 vel
852 4506 876 4563 si
900 4507 995 4564 minus
1023 4501 1161 4582 perplexa
1191 4503 1247 4561 illis
1273 4503 1423 4577 accidunt,
1456 4503 1484 4562 id
1507 4503 1540 4563 fit
1562 4506 1633 4580 quia

282 4599 377 4654 minus
400 4594 443 4652 illi
467 4590 575 4654 creduli
598 4599 665 4651 sunt
696 4609 783 4668 quarn
812 4609 883 4668 ego,
915 4594 964 4668 qui
994 4610 1051 4650 non
1083 4597 1196 4650 tantum
1220 4589 1334 4652 indiciis
1362 4591 1400 4650 nd
1427 4594 1469 4651 rei
1497 4598 1633 4650 araturam

282 4682 510 4759 pertinentibus,
542 4680 593 4739 sed
617 4681 704 4739 etiam
728 4679 863 4739 omnibus
886 4680 1030 4738 interdum
1059 4677 1182 4740 conlido.
1228 4679 1274 4736 An
1299 4678 1425 4756 denique
1450 4677 1498 4737 hie
1519 4677 1633 4754 aliquid

282 4775 406 4844 possunt
428 4767 528 4827 astra?
573 4767 647 4828 Nem
671 4765 764 4827 fervet
786 4769 863 4828 eirca
885 4766 939 4826 lros
962 4784 1054 4827 annos
1077 4767 1197 4826 directio
1221 4763 1312 4827 Medii
1336 4767 1418 4827 Coeli
1449 4765 1485 4825 ad
1510 4767 1633 4844 opposi-

284 4865 346 4922 tum
368 4853 482 4947 Martis·
495 4863 525 4918 et
545 4855 602 4916 luit
624 4858 763 4918 transitus
785 4855 904 4918 Saturni
927 4872 980 4936 por
1001 4855 1097 4917 locurn
1120 4853 1234 4918 zodiaci
1258 4857 1286 4914 in
1309 4871 1375 4917 mea
1395 4855 1496 4936 genesi
1519 4852 1633 4915 altissi-
