3588 5540
285 409 348 488 938
816 419 879 477 vite
896 419 1011 477 loannis
1028 419 1148 494 Kepleri.

285 601 419 680 Styriaca
442 605 540 661 eutem
562 597 744 661 haereditate
768 603 856 662 etiam
879 603 1003 663 multum
1025 603 1190 678 negotium,
1217 602 1311 664 multa
1337 603 1472 664 molestia
1504 603 1634 663 exhibita

287 696 340 760 est,
364 703 429 748 cum
452 705 530 748 nrrnc
553 687 698 766 Keplerus
721 707 798 750 nuuc
820 691 885 766 ejus
908 707 981 750 uxor
1005 690 1139 751 Graiium
1164 691 1283 766 profecti
1313 701 1444 752 veterum
1474 693 1633 751 amicorum

285 777 411 848 arruilio,
433 793 578 837 uovorum
601 779 737 852 graviore
760 781 934 839 auctoritate
957 789 986 838 ct
1010 777 1261 839 commendatione
1284 785 1449 854 uterentur,
1474 795 1634 855 quaecum·

285 882 341 938 oure
370 871 548 941 poscentes
579 869 723 924 communi
751 882 846 924 rernm
876 868 1093 944 perturbatione
1123 869 1332 926 conservaturi.
1379 867 1436 942 Qui
1466 869 1543 925 cuim
1572 868 1633 942 jam

287 951 396 1011 dudum
420 951 547 1011 familiae
571 960 653 1012 erant
676 955 857 1028 amicissimi,
889 964 1023 1029 egrorum
1047 971 1232 1032 possessores
1256 963 1285 1013 ct
1307 955 1436 1026 nobiles,
1460 971 1526 1012 cum
1548 953 1634 1013 fidem

285 1038 488 1117 profiterentur
510 1039 716 1114 Lutberauam,
745 1041 827 1101 haud
850 1041 938 1102 dubie
961 1045 1138 1121 paucissima
1160 1042 1325 1102 effecerunt.
1372 1042 1514 1118 Quamvis
1537 1051 1634 1102 autem

285 1131 318 1201 ii,
344 1127 503 1202 quimodo
527 1131 602 1204 parti
625 1135 724 1188 essent
750 1127 907 1190 familiares
930 1138 959 1189 ct
983 1132 1127 1202 fautores,
1158 1132 1234 1189 inter
1250 1137 1339 1205 'quos
1370 1133 1544 1208 praecipuus
1573 1140 1636 1190 erat

284 1215 430 1275 Bavariae
463 1214 669 1290 cancellarius,
702 1215 925 1276 Hermastus
954 1216 997 1277 da
1022 1217 1273 1294 Hobenburg,
1302 1221 1352 1293 qul
1377 1215 1538 1294 Keplerum
1561 1234 1635 1276 cau-
1732 1207 1735 1218 '

287 1319 409 1379 samque
431 1301 639 1380 Kepleriauam
662 1306 866 1380 potentissimo
889 1305 1033 1365 sacerdoti
1057 1304 1186 1364 casali
1209 1305 1433 1378 commendavit,
1457 1308 1520 1364 sine
1543 1305 1635 1365 dubio

285 1389 371 1468 plura
393 1390 554 1463 efficerent,
585 1399 682 1450 tamen
706 1390 863 1452 verisimile
886 1400 944 1465 est,
974 1394 1093 1454 minimo
1114 1400 1208 1452 totum
1230 1394 1376 1453 fortunam
1399 1403 1546 1454 serratam
1569 1411 1636 1453 esse

287 1487 316 1538 et
338 1479 455 1538 nonnisi
478 1478 610 1554 Reginae
634 1481 787 1556 privignae
810 1497 892 1540 suurn
916 1487 1029 1558 partam
1052 1481 1216 1540 obvenisse.

359 1609 360 1612 η
388 1565 524 1645 Kepleri,
548 1583 613 1625 cnm
637 1575 714 1627 esset
736 1569 919 1644 imperatoris
947 1576 1146 1641 astronomus,
1178 1567 1304 1626 officium
1333 1572 1485 1644 pecuniam
1516 1567 1636 1644 quidem

285 1657 312 1714 ei
336 1653 434 1713 attulit
456 1655 603 1713 minimam
624 1670 718 1730 eoque
734 1657 883 1728 minorem,
907 1673 973 1716 cum
988 1658 1145 1733 imperator
1161 1659 1223 1732 ipse
1239 1665 1369 1732 ternpore
1384 1655 1434 1715 illo
1451 1659 1636 1732 sempitamis

285 1744 426 1820 pecuniae
449 1745 593 1818 angustiis
616 1749 802 1819 premeretur,
827 1745 867 1802 ita
883 1751 915 1802 ut
930 1743 1074 1821 Keplerue
1097 1747 1147 1801 vix
1163 1759 1270 1818 magua
1286 1760 1384 1820 opera,
1408 1745 1523 1820 magnis
1538 1747 1636 1820 preci-

285 1831 341 1889 bus
364 1829 504 1902 efficeret,
534 1837 567 1888 ut
589 1831 730 1890 mercedis
752 1838 865 1907 partem
893 1831 997 1890 saltem
1019 1831 1150 1906 'aliquam
1178 1839 1377 1906 extorqueret3
1407 1839 1510 1891 contra
1538 1831 1636 1903 desiit,

285 1917 427 1996 Tycbone
450 1925 581 1990 mortuo,
612 1917 688 1976 aliua
712 1917 837 1994 alicujus
861 1918 978 1995 adjutor
999 1926 1027 1978 et
1049 1921 1180 1978 minister
1206 1935 1280 1978 esse.
1326 1918 1422 1994 Magis
1446 1919 1522 1978 euim
1546 1935 1636 1993 quam

286 2014 375 2066 antes
397 2005 553 2064 multorum
576 2005 770 2082 Pragensium
792 2005 911 2065 babitus
935 2013 981 2065 cst
1004 2006 1163 2080 oraculum,
1188 2005 1267 2084 apud
1290 2008 1491 2082 imperatorem
1506 2009 1637 2065 maxima

285 2111 356 2152 usus
380 2099 424 2153 cet
446 2096 550 2170 gratia,
576 2095 621 2151 cui
646 2093 682 2152 de
704 2093 929 2167 mathematicis,
954 2093 989 2154 de
1013 2096 1212 2152 instrumentis
1235 2095 1454 2168 astronomicis,
1479 2093 1514 2152 de
1538 2103 1636 2152 astro-

284 2183 384 2240 nomia
407 2189 436 2241 ct
459 2181 627 2254 astrologia,
651 2184 770 2257 saepius
793 2199 911 2256 quoque
934 2181 970 2241 de
993 2183 1080 2241 rebus
1102 2181 1227 2259 publicis
1251 2191 1279 2240 et
1302 2197 1398 2241 coram
1422 2188 1451 2240 ct
1473 2180 1563 2240 literis
1586 2199 1635 2240 rc-

284 2269 384 2342 ferret3
408 2267 598 2344 Pragcusium
622 2269 794 2327 nobilissimi
818 2271 927 2345 quique
949 2271 1084 2328 maximis
1107 2269 1276 2328 muneribus
1299 2270 1494 2344 fungebantur
1517 2270 1581 2345 ejus
1606 2276 1637 2328 et

284 2357 443 2416 amicitiam
466 2365 495 2416 et
517 2354 670 2415 consilium
694 2372 751 2414 non
774 2359 871 2414 minus
887 2374 974 2433 quam
994 2359 1151 2434 imperator
1174 2360 1236 2434 ipse
1259 2359 1473 2434 appetiverunt,
1496 2373 1636 2416 nonnun-

284 2461 372 2520 quam
395 2460 513 2520 quoquc
544 2461 594 2520 per
616 2441 775 2522 Keplerum
805 2461 850 2504 res
878 2444 1012 2523 publicas
1034 2445 1089 2504 sub
1117 2445 1297 2520 astrologiae
1319 2447 1422 2532 ⁸specie
1445 2443 1483 2504 ed
1505 2447 1636 2523 impera·

284 2540 375 2592 torem
399 2531 532 2592 delaturi.

388 2617 532 2694 Quamvis
553 2619 627 2679 haec
648 2621 777 2678 maxima
799 2620 895 2679 mariti
911 2621 1080 2692 auotoritas,
1106 2635 1171 2678 cum
1194 2621 1277 2678 uxori
1300 2637 1419 2697 quoquo
1441 2618 1553 2700 lumina
1576 2619 1633 2679 ali-

284 2723 346 2780 que
366 2707 494 2779 afferret,
525 2706 656 2783 publium
686 2705 889 2782 jucundiorem
921 2709 947 2768 ei
971 2708 1085 2784 Pragae
1115 2708 1207 2766 vitam
1238 2705 1388 2780 redderet,
1419 2713 1517 2767 tamen
1546 2725 1633 2767 curae

284 2793 462 2854 domesticae
490 2797 608 2854 minime
639 2794 801 2868 desierunt,
836 2803 865 2854 et
887 2814 905 2854 a
928 2795 1062 2868 muliera,
1095 2813 1171 2870 quae
1205 2793 1391 2854 domi'vitac
1423 2803 1543 2855 assueta
1572 2805 1633 2854 erat

284 2881 460 2956 opulentiori
491 2880 589 2962 („Nou
620 2885 752 2942 assuevit
782 2899 856 2941 uxor
882 2901 949 2943 mea
976 2883 1052 2942 fabis
1080 2883 1235 2941 victitara“
1268 2881 1413 2959 Keplerue
1445 2885 1563 2959 scripsit
1594 2883 1632 2940 ad

283 2969 483 3043 Maestlinum,
507 2987 572 3030 cum
595 2969 631 3030 de
655 2973 717 3029 uita
739 2969 920 3054 'l'ubingensj
945 2989 1011 3030 eum
1035 2967 1245 3048 interrogaret),
1269 2985 1365 3029 mores
1388 2973 1484 3047 patrii,
1508 2987 1554 3029 ree
1578 2970 1633 3028 do-

282 3059 422 3118 mesticae
446 3075 560 3134 semper
575 3064 644 3117 sunt
659 3057 747 3117 valde
771 3057 963 3119 desideratae.
1010 3057 1077 3118 Huc
1099 3057 1221 3130 accedit,
1250 3057 1330 3133 qnod
1353 3075 1430 3133 quae
1453 3057 1573 3134 Kepleri
1597 3057 1632 3116 de

283 3145 370 3204 rebus
394 3145 518 3220 diuinis,
550 3145 586 3204 do
610 3144 792 3204 Concordiae
815 3145 954 3204 Formula
975 3163 1034 3204 non
1058 3145 1228 3222 simpliciter
1251 3145 1472 3218 subscribenda,
1497 3163 1632 3220 quaeque

283 3249 348 3292 cum
372 3233 499 3292 maxima
522 3235 726 3293 acerrimorum
742 3232 928 3292 Lutberanac
952 3231 1020 3294 fidei
1037 3231 1179 3293 cultorum
1197 3233 1358 3292 offensione
1373 3232 1410 3292 da
1425 3232 1516 3292 Sacra
1532 3232 1632 3291 Coena

282 3322 446 3379 sententiae
470 3329 576 3388 esseut,
600 3319 754 3380 amuliere
777 3321 903 3396 simplici
926 3327 978 3380 aut
1000 3337 1103 3397 parum
1126 3319 1305 3393 intellectae,
1329 3327 1380 3379 aut
1403 3321 1441 3380 ab
1464 3320 1632 3380 hominibus

281 3405 500 3467 immoderatius
530 3407 727 3468 Lutberanam
759 3407 846 3466 fidem
876 3409 1057 3468 sectantibus
1081 3409 1109 3466 in
1134 3407 1239 3466 falsum
1269 3417 1373 3468 auctae
1397 3410 1496 3478 uxori,
1527 3415 1560 3466 ut
1581 3424 1633 3484 per

282 3513 345 3554 eam
370 3497 463 3570 ipsam
493 3497 589 3554 mariti
621 3497 748 3554 animum
771 3495 935 3568 flecterent,
967 3497 995 3553 iri
1025 3513 1111 3555 eures
1140 3498 1337 3555 insusurratae
1365 3503 1441 3554 sunt.
1487 3494 1632 3570 Keplerus

281 3585 345 3666 ipsa
370 3582 487 3657 quidem
510 3583 585 3643 bane
609 3584 687 3642 canit
713 3583 945 3662 „subtilitatibus
967 3583 1048 3643 suis“
1074 3600 1138 3642 cam
1163 3584 1284 3658 fatigare
1307 3590 1396 3657 atque
1419 3589 1452 3642 ut
1469 3573 1568 3655 domi,
1592 3585 1633 3642 ila

280 3669 379 3748 palam
403 3687 486 3730 sacro
510 3673 582 3728 mori
606 3669 720 3743 Pragae
745 3678 862 3746 recepto
885 3687 1000 3746 semper
1022 3669 1153 3729 indulsit.
1200 3671 1244 3730 De
1268 3670 1372 3730 strrdiis
1403 3686 1474 3730 vero
1496 3677 1632 3730 astrono-

281 3759 364 3818 micis
388 3763 417 3816 et
440 3759 565 3830 negotiis
589 3757 773 3833 astrologicis
805 3775 870 3817 cum
900 3775 991 3817 uxore
1018 3775 1055 3818 ne
1083 3759 1204 3818 minima
1232 3756 1350 3833 quidem
1378 3749 1551 3818 disseruisse
1581 3776 1633 3836 per

279 3853 332 3908 est.
380 3847 422 3904 Ex
445 3845 570 3922 epistola
596 3850 693 3903 autern
716 3853 784 3920 post
807 3847 905 3904 uxoris
936 3852 1057 3905 mortem
1081 3849 1189 3922 scripta
1212 3849 1389 3917 (repert
1407 3851 1458 3917 s's.)
1488 3846 1632 3921 conjicere

279 3935 361 4006 licet,
386 3940 415 3993 et
438 3932 474 3992 de
497 3935 591 3992 mariti
615 3932 808 4008 religionibus
832 3932 919 3993 etde
943 3934 1007 4007 eJ'ua
1031 3936 1158 4004 negotiis
1182 3931 1366 4008 astrologicis
1392 3932 1430 3991 ab
1455 3931 1633 4006 hominibus,

280 4023 387 4096 quibus
410 4023 527 4080 minime
550 4020 668 4090 liceret,
702 4023 728 4079 ei
760 4038 805 4080 res
834 4037 898 4080 esso
928 4018 1055 4094 delatas,
1088 4023 1195 4096 quibus
1226 4023 1269 4078 ita
1299 4021 1396 4079 animo
1427 4020 1634 4080 sollicitaretur

279 4119 308 4169 et
330 4116 502 4185 angeretur,
527 4115 560 4166 nt
583 4105 618 4167 de
641 4111 744 4167 marito
767 4111 922 4184 maritique
947 4105 1043 4168 officio
1067 4111 1195 4184 iniquius
1216 4107 1369 4183 judicaret.
1411 4105 1466 4166 His
1495 4115 1525 4168 et
1553 4107 1634 4184 judi·
1675 4165 1678 4170 .

279 4199 332 4257 ciis
360 4205 389 4255 et
419 4198 517 4257 uerbis
540 4195 717 4272 Keplerum,
748 4213 813 4256 cum
837 4205 914 4255 esset
945 4195 1110 4264 irritabilis,
1142 4213 1231 4271 saepe
1254 4197 1359 4253 iratum
1391 4197 1485 4253 minus
1513 4199 1634 4257 comiter

279 4287 306 4344 ei
330 4283 516 4360 respondisse
539 4281 692 4360 probabile
716 4291 769 4342 cst.
815 4283 1027 4342 Parsimoniam
1051 4301 1169 4360 quoque
1198 4283 1333 4358 conjugis
1361 4282 1547 4342 immodicam
1576 4301 1633 4343 non

276 4373 358 4448 justo
380 4372 457 4444 loco,
478 4373 560 4448 justo
584 4377 714 4446 tempora
738 4370 900 4430 adhibitam
924 4389 1011 4446 aegra
1034 4372 1117 4430 tulit:
1143 4371 1358 4446 quamobrem
1375 4375 1634 4432 cumuxormari-

280 4467 351 4532 tum,
375 4463 426 4534 qui
448 4477 543 4535 neque
566 4476 612 4518 res
635 4457 794 4517 familiares
828 4460 900 4516 selis
922 4460 1100 4531 intelligeret
1128 4462 1223 4534 iisque
1247 4475 1279 4517 se
1300 4457 1412 4516 turbari
1441 4465 1471 4517 et
1493 4460 1634 4536 interpel-

279 4545 332 4605 lari
355 4547 455 4618 nollet,
479 4553 573 4607 totum
597 4549 626 4603 in
650 4545 829 4619 cogitatione
853 4543 981 4604 delirum
1004 4547 1040 4606 de
1063 4548 1150 4607 rebus
1167 4546 1334 4606 domesticis
1358 4544 1531 4620 consuleret,
1556 4547 1633 4607 baud

279 4649 344 4692 raro
367 4636 543 4711 iniquiorem
566 4633 646 4693 illam
670 4633 773 4692 tulisse
796 4632 945 4708 repulsam
962 4633 1120 4694 verisimile
1143 4630 1238 4708 aetii)
1275 4631 1418 4708 Quemvis
1436 4640 1535 4694 aulem
1551 4635 1633 4712 Kep-

383 4835 408 4904 *l
426 4841 604 4890 Libentissime
623 4845 708 4890 sermm
725 4839 814 4888 tulisse
833 4841 984 4904 quaudoque
1003 4841 1139 4903 Keplerum
1162 4840 1224 4890 tales
1242 4841 1465 4904 interpellationes,
1482 4845 1573 4890 testem
1591 4845 1631 4906 ip-

279 4923 334 4959 sum
352 4909 471 4958 babemus
489 4911 516 4958 in
535 4914 616 4976 capite
635 4911 742 4964 XXVII.
760 4910 820 4960 libri
846 4910 876 4960 de
895 4909 973 4961 Stella
991 4911 1073 4979 Nove,
1099 4913 1157 4974 ubi,
1181 4913 1289 4962 referens
1314 4911 1395 4962 dubie
1417 4925 1464 4961 eur
1481 4911 1512 4961 de
1532 4913 1630 4978 ,eucig
