3624 5554
821 431 899 496 ¹⁰⁰⁰·
1463 439 1526 513 721

173 621 282 683 salaria
302 619 412 695 aulica,
436 625 470 680 ut
491 618 591 696 audio,
613 617 702 680 valde
724 621 794 678 aunt
815 616 966 695 impedita.
1011 613 1214 692 conjiceretur
1236 635 1307 696 argo
1330 620 1440 683 iamllia
1462 639 1529 688 mea

173 709 274 770 crebro
301 711 332 766 in
357 707 559 782 dillicultatus,
590 705 670 784 quod
701 708 784 766 uxori
811 721 895 766 meae
922 719 1054 764 summae
1085 707 1220 767 miseriae
1250 709 1343 767 instar
1370 709 1527 776 videratur.

147 857 149 864 Α
175 799 330 858 Atalmo
354 795 489 876 Tyclroni
512 797 598 856 certis
621 793 848 868 conditionibus,
872 791 950 870 quod
972 791 1113 870 postulat,
1138 794 1336 872 obstringam„
1352 797 1467 860 videtur
1482 817 1528 860 ms

174 885 231 944 sibi
252 887 378 944 nimium
401 883 629 961 mancipaturos,
653 881 732 959 qnod
755 894 809 942 naa
830 897 914 940 meae
936 879 1033 940 laruae
1057 879 1200 942 studiisre
1223 884 1397 960 consultum,
1420 901 1475 946 uec
1490 888 1529 949 ad

174 974 378 1049 magistratum
400 989 498 1032 mauru
521 973 653 1032 excusari
675 977 786 1046 posset.
824 968 869 1028 Ac
889 975 991 1044 posset
1011 966 1086 1028 haec
1099 985 1146 1028 res
1160 968 1233 1031 sorta
1249 973 1414 1047 praeveniri
1436 973 1530 1035 torma

175 1062 373 1122 concessionis
389 1057 609 1119 ordinariorum
623 1057 739 1135 styriae
745 1101 754 1132 ,
779 1058 829 1132 qui
852 1054 953 1131 aliqua
974 1057 1003 1113 in
1026 1073 1123 1116 meum
1146 1057 1331 1119 commodum
1353 1063 1529 1138 exciperent.

279 1147 343 1226 ligo
358 1165 439 1222 sane,
461 1149 486 1206 si
510 1153 625 1226 meopte
648 1145 712 1206 solo
732 1144 843 1222 judicio
859 1143 1013 1204 decernere
1029 1143 1135 1204 rcilern
1158 1144 1250 1223 (quod
1265 1145 1354 1228 nolo),
1379 1149 1433 1209 iras
1455 1167 1528 1210 con-

176 1235 303 1297 ditiones
325 1243 467 1313 peterema

283 1329 308 1382 1.
333 1321 365 1382 Si
388 1322 479 1384 vellet
505 1339 578 1382 uxor
607 1318 899 1398 marturanensis
928 1319 1053 1381 aedibus
1069 1319 1224 1394 babitare,
1257 1329 1289 1381 ut
1311 1321 1527 1401 hypocaustum

177 1419 206 1472 et
228 1428 376 1472 cameram
397 1417 429 1471 et
451 1408 588 1483 culinam,
612 1426 701 1484 quarn
723 1425 801 1468 nunc
824 1418 970 1485 occupant
992 1405 1127 1481 studiosi,
1151 1425 1211 1467 una
1227 1425 1292 1469 curn
1308 1428 1345 1470 ea
1360 1420 1443 1488 parte
1457 1428 1530 1472 aon·

177 1501 352 1576 signationis
374 1501 430 1559 sub
452 1506 546 1571 tecto,
574 1513 650 1574 quaa
681 1502 725 1556 cst
747 1513 837 1572 supra
859 1493 888 1553 id
912 1496 1144 1574 hypocaustum,
1175 1497 1255 1572 prius
1280 1515 1316 1558 ex
1345 1502 1422 1558 omui
1447 1507 1530 1576 parte

140 1603 145 1609 ·
176 1587 214 1647 ad
238 1585 391 1648 commode
414 1583 607 1647 habitandum
629 1587 802 1642 instructum
827 1589 856 1642 et
878 1583 1061 1644 macarianos
1083 1584 1135 1642 ubi
1157 1598 1232 1660 opus
1262 1593 1307 1644 est
1328 1587 1529 1663 interseptum,
1579 1603 1590 1610 ·

177 1692 213 1734 ne
237 1675 284 1734 cul
308 1674 359 1734 alii
381 1681 483 1750 pateat
505 1673 612 1747 aditus,
636 1671 708 1730 milri
730 1669 873 1730 concedat
895 1688 951 1732 nec
973 1687 1101 1749 unquam
1117 1686 1163 1729 ma
1179 1687 1321 1749 meusque
1337 1672 1404 1733 inda
1420 1676 1529 1751 ejiciat,

178 1770 231 1822 aut
253 1762 329 1821 aiios
352 1761 423 1821 milri
447 1759 663 1821 cohabitatores
687 1756 840 1833 obtrudat,
871 1758 980 1835 donec,
1013 1756 1093 1835 quod
1115 1757 1186 1817 milri
1211 1759 1355 1835 destinat,
1389 1762 1530 1824 conclave

180 1848 373 1929 meridianum
397 1849 483 1908 luerit
506 1847 685 1919 absolutum,
709 1862 767 1904 uon
784 1847 881 1906 minus
896 1847 1071 1906 habitationi
1089 1852 1189 1922 aptum
1206 1865 1294 1925 quarn
1310 1847 1381 1907 illud
1397 1848 1531 1910 alterurn·

285 1943 316 1997 2.
338 1931 380 1996 Ut
403 1936 439 1997 de
463 1935 549 2012 liguis
571 1935 642 1994 milri
671 1933 719 1992 rcl
743 1935 806 2010 ipse
829 1951 880 2011 per
903 1943 1046 1995 aestatem
1068 1935 1243 2010 prospiciat,
1276 1934 1323 1996 val
1347 1939 1532 1998 caesarianos

177 2023 207 2084 id
230 2024 304 2082 mibi
319 2023 489 2084 confirmare
504 2030 640 2100 procurat
662 2019 751 2098 idque
773 2024 906 2100 tempori,
931 2029 964 2082 ut
986 2023 1014 2080 in
1031 2021 1127 2084 hieme
1147 2020 1236 2082 aridis
1252 2022 1339 2099 tignis
1354 2025 1533 2086 sulliciauter

139 2149 143 2160 ·
179 2115 234 2172 sim
259 2113 428 2172 instructus.

282 2205 312 2260 3.
336 2195 376 2259 Ut
398 2205 508 2259 certum
531 2213 636 2275 corpus
660 2197 790 2256 nomiuct
813 2196 995 2271 victualium,
1019 2214 1096 2274 quaa
1119 2214 1154 2257 ex
1179 2197 1243 2275 ejus
1266 2198 1428 2261 domestico
1451 2216 1534 2260 com·

176 2293 276 2347 meatu
300 2289 446 2362 carnium,
469 2289 603 2364 piscium,
626 2285 801 2356 cerevisiae,
831 2286 908 2358 virri,
936 2286 1022 2361 panis
1045 2287 1101 2344 sim
1123 2284 1287 2346 habiturus.
1323 2287 1381 2348 Hic
1404 2287 1534 2364 quidem,

110 2417 114 2424 .
177 2377 262 2452 quasi
287 2375 402 2434 curiose
426 2391 511 2451 agam
535 2383 565 2433 ot
587 2390 658 2432 suae
681 2371 850 2431 liberalitati
879 2371 1026 2448 dilidam,
1057 2373 1127 2431 milri
1156 2374 1350 2434 succensebit.
1396 2375 1455 2436 Sed
1479 2393 1535 2452 ego

175 2458 364 2539 generalibus
379 2461 518 2539 pollicitis
533 2477 718 2538 nequaquam
735 2461 921 2535 acquiescam
937 2469 966 2522 at
980 2463 1097 2520 omnino
1114 2461 1160 2520 iria
1175 2463 1246 2522 certi
1261 2461 1332 2538 quid
1347 2465 1437 2522 stetui
1455 2463 1534 2524 volo.

285 2556 314 2612 4.
338 2546 379 2610 Ut
400 2558 606 2628 praeterquam
629 2549 834 2609 astronomicis
858 2550 953 2626 iisque
975 2549 1149 2609 necessariis
1171 2546 1209 2606 ad
1225 2566 1293 2608 suas
1318 2549 1461 2611 aditiones
1476 2567 1535 2612 uon

178 2644 360 2698 monuerat.

284 2729 313 2786 5.
337 2722 379 2784 Ut
402 2723 512 2784 nullum
536 2740 632 2801 nequo
656 2730 771 2800 tempus
795 2739 891 2798 neque
914 2723 1051 2782 materias
1066 2721 1229 2782 studiorum
1253 2722 1323 2782 milri
1346 2725 1536 2801 praescribat,

177 2812 228 2874 aad
251 2812 327 2871 milri
348 2811 436 2872 fidem
460 2812 577 2882 lrabeat,
601 2826 807 2888 praeterquam
830 2827 876 2884 ea,
899 2827 977 2888 quac
999 2813 1028 2867 in
1052 2813 1176 2885 gratiam
1200 2811 1353 2888 Styrorum
1377 2821 1404 2871 et
1428 2813 1535 2889 siquis

177 2899 322 2960 melanus
344 2917 428 2960 meus
450 2899 547 2960 iautcr
569 2900 633 2975 tuit,
658 2897 838 2960 elaboranda
860 2906 937 2974 sunt,
961 2897 1034 2958 nibil
1056 2915 1102 2958 me
1119 2901 1258 2975 temporis
1275 2898 1339 2975 sjos
1357 2897 1536 2960 editionibus

177 2989 406 3048 subtracturum.

285 3082 314 3135 6.
339 3072 380 3136 llt
403 3075 529 3152 Pragaru
551 3074 659 3134 iturum
676 3079 705 3134 cl
728 3074 752 3132 si
775 3090 834 3150 quo
851 3089 921 3134 usas
937 3072 993 3134 lert
1014 3089 1072 3132 uon
1095 3072 1252 3152 impediat3
1277 3073 1364 3134 modo
1387 3089 1424 3133 na
1447 3075 1536 3134 nimia

178 3165 216 3224 sit
238 3179 334 3223 mora.

284 3249 416 3310 Haec-si
439 3265 538 3308 coram
565 3252 639 3308 teste
663 3246 825 3321 coufirmat,
858 3255 928 3309 tunc
956 3265 1010 3326 ego
1045 3247 1080 3308 de
1109 3265 1199 3320 uxore
1228 3248 1402 3310 adducenda
1431 3249 1537 3326 (ipsius

178 3346 280 3402 tamen
304 3338 460 3411 sumtibus,
483 3336 530 3396 aei
553 3335 648 3412 parta)
672 3336 826 3410 cogitaboq
850 3337 895 3394 sin
917 3353 987 3410 non,
1011 3339 1040 3394 in
1065 3336 1192 3414 styriam
1216 3338 1253 3398 ad
1276 3355 1359 3397 meos
1381 3336 1492 3399 redibo.

288 3433 316 3486 i.
341 3422 383 3486 Ut
404 3440 457 3501 pro
480 3421 625 3500 qualitate
648 3439 758 3496 eorum,
782 3439 860 3498 quae
883 3424 1039 3484 allecturus
1061 3441 1136 3500 sum,
1160 3429 1279 3486 omnino
1294 3434 1392 3486 tamen
1408 3425 1539 3503 aliquam

178 3515 338 3592 pecuniam
360 3511 489 3572 redituro
512 3513 540 3568 ln
563 3510 691 3588 styriam
714 3509 892 3587 suppeditet.

288 3607 318 3662 8.
343 3599 417 3660 Dum
440 3601 469 3656 in
492 3598 615 3658 multam
644 3614 733 3674 saepe
757 3605 874 3658 noctem
895 3600 926 3658 in
948 3598 1125 3674 Tychoniais
1155 3599 1299 3674 laborem,
1332 3618 1387 3662 nec
1409 3600 1539 3677 stimulo,

180 3688 339 3750 sadiraco
362 3704 437 3764 opus
460 3687 585 3746 babeam
607 3684 646 3744 ad
669 3683 837 3745 evitandam
852 3685 998 3763 phihisin:
1023 3691 1093 3763 pato
1110 3690 1247 3762 vicissim,
1271 3696 1303 3750 ut
1325 3706 1391 3750 num
1415 3690 1541 3750 interdiu

182 3784 304 3854 propter
326 3775 486 3836 incidentia
508 3773 670 3834 domestica
699 3791 766 3833 mea
787 3776 907 3849 negotia
937 3773 1081 3834 interdum
1105 3783 1134 3834 et
1157 3793 1221 3835 raro
1244 3776 1363 3853 quidem
1386 3781 1416 3836 in
1440 3779 1541 3840 urbem

185 3881 322 3941 egressus
344 3864 437 3935 luero,
459 3879 496 3922 ne
519 3861 557 3922 D.
580 3861 684 3939 Tycha
707 3878 740 3920 ss
763 3859 928 3920 defraudari
951 3868 1045 3936 putet.

290 3957 320 4015 9.
344 3949 375 4010 st
398 3949 469 4026 quid
492 3949 610 4026 publice
641 3949 697 4008 sub
724 3965 789 4008 mco
813 3949 930 4008 nomine
953 3947 1001 4007 cdi
1025 3948 1167 4020 voluerit,
1199 3950 1230 4010 id
1257 3959 1327 4027 peto
1358 3969 1410 4028 par
1441 3968 1549 4022 omues,

186 4041 287 4116 apicas
310 4042 352 4098 ita
376 4037 564 4112 relinquatur,
589 4037 631 4096 uti
655 4035 726 4094 milri
749 4035 851 4096 audito
875 4043 904 4096 at
927 4051 1055 4112 expanso
1079 4037 1117 4098 D.
1141 4036 1291 4116 'l'yclronis
1311 4039 1424 4116 judicio
1448 4039 1543 4098 risum

185 4127 286 4202 luerit3
311 4129 357 4185 siu
382 4134 495 4185 autern:
519 4140 624 4184 nornen
647 4139 745 4183 manin
768 4125 975 4200 supprimatur.

293 4219 344 4274 10.
368 4214 470 4272 Liceat
493 4211 565 4270 milri
588 4229 718 4270 mensam
741 4211 778 4269 D.
804 4209 960 4270 Coradrrcii
983 4209 1122 4272 accedere
1153 4213 1252 4290 ibique
1284 4221 1464 4290 pernoctare.
1509 4209 1548 4289 ld¹

186 4309 287 4362 autern
309 4299 362 4361 liat
384 4299 476 4360 salvis
498 4300 548 4373 iis,
580 4316 656 4375 quae
678 4299 841 4376 praemissa
862 4304 939 4356 sunt.
986 4299 1074 4358 Dabo
1098 4317 1227 4376 operam,
1251 4309 1284 4360 ut
1305 4317 1382 4376 quae
1405 4305 1482 4358 tecta
1504 4298 1543 4358 l).

186 4387 289 4467 Tyebo
317 4387 447 4450 volucrit
475 4388 517 4446 ibi
545 4393 674 4446 uaotaus
702 4393 779 4446 tecta
809 4385 944 4446 lrabcam.
997 4387 1061 4446 Nisi
1091 4389 1167 4448 enirn
1191 4407 1208 4448 a
1232 4388 1270 4447 D.
1295 4385 1457 4446 (loraducio
1487 4384 1547 4445 ali-

188 4477 258 4552 quid
281 4480 371 4538 etiam
396 4473 518 4536 accedat
540 4473 649 4547 salarii,
673 4481 751 4533 ceria
774 4473 810 4532 de
833 4472 967 4534 ducentis
990 4473 1108 4534 lioranis
1131 4477 1231 4536 vivero
1253 4490 1310 4533 uorr
1333 4489 1464 4550 possum.

294 4570 345 4628 it.
371 4562 430 4622 Pro
453 4561 511 4622 bac
533 4578 623 4639 opera
646 4561 683 4621 D.
708 4559 813 4637 'l'yciro
834 4560 1000 4621 numerabit
1022 4562 1094 4620 milri
1117 4562 1154 4621 ad
1178 4561 1309 4638 singulus
1332 4562 1400 4620 anei
1423 4567 1547 4636 quartas

191 4653 407 4730 qninquaginta
429 4650 566 4724 florenos,
590 4649 633 4710 uti
658 4648 773 4722 obtulit,
797 4653 826 4708 et
849 4647 968 4724 quidam
989 4665 1083 4724 usque
1106 4648 1143 4708 ad
1166 4650 1329 4726 proximam
1351 4647 1548 4710 Pentecosten

192 4753 252 4800 earu
274 4757 443 4812 summam,
467 4753 544 4814 quae
566 4737 605 4798 ab
627 4753 663 4796 aa
685 4743 817 4812 temporo
840 4752 899 4812 quo
922 4736 981 4796 huc
1002 4739 1069 4796 veni
1094 4753 1187 4812 usque
1216 4734 1254 4794 ad
1277 4734 1470 4797 Pentecosten
1494 4754 1548 4813 pro
1649 4725 1652 4732 ’

189 4835 249 4888 rato
272 4829 440 4890 debebitur.
487 4826 572 4900 Quae
601 4825 713 4884 interea
743 4825 860 4900 accepi,
889 4840 949 4883 non
977 4825 1094 4883 venient
1126 4825 1155 4882 in
1178 4823 1254 4882 bunc
1275 4838 1429 4887 summanr.
1472 4824 1549 4886 Nam

190 4933 263 4994 quae
298 4919 329 4976 in
346 4991 349 5000 1
364 4912 529 4976 conductas
562 4912 652 4973 aedas
685 4918 754 4971 sunt
791 4927 940 4990 expansu,
974 4912 1163 4972 restituentur
1193 4928 1212 4973 a
1240 4909 1383 4989 Caesareq
1417 4910 1550 4990 reliquos

235 5019 334 5076 aspari
348 5013 504 5073 comm
1303 5010 1340 5073 ti
