3516 5540
460 362 642 424 Summanum
659 361 797 420 Historiae
813 361 1005 446 Aauonomias
1022 313 1115 420 seculo
1134 362 1208 422 XVI.
1420 335 1423 344 ¹
1449 361 1513 432 625

153 535 230 606 Duras
248 551 304 608 ego
326 539 524 618 supputationi
541 541 664 598 diffidere
682 541 804 610 debeam,
823 553 937 610 prorsus
956 536 1055 594 dubins
1077 537 1193 610 haereo,
1218 537 1271 594 nisi
1294 551 1338 594 me
1356 537 1417 596 Tua
1433 537 1515 595 Prae·

157 625 251 680 stantia
270 625 385 688 exhuc
404 627 568 686 difficultate
587 629 692 686 liberali
711 645 761 686 sua
779 627 951 683 institutione
973 626 1090 682 liberare
1116 626 1190 682 uelit.
1229 627 1316 697 Saepe
1334 641 1451 696 namque
1469 643 1516 684 ex·

156 719 244 782 pertus
263 729 329 770 sum
349 715 521 784 diligentiam
540 717 666 790 origani,
687 718 766 788 cujus
784 715 983 785 Ephemerides
1001 714 1104 786 habeo,
1123 721 1151 772 at
1169 716 1238 772 haec
1257 733 1354 788 causa,
1379 732 1462 786 quare
1480 732 1515 772 nc

159 816 226 854 nuuc
244 801 361 868 quidem
381 801 507 860 diffidere
526 804 641 860 debeam
659 806 719 874 ejus
737 804 788 858 uiri
806 801 1005 872 supputationi.

255 890 353 945 Debeo
372 890 417 946 hic
437 893 584 948 nonnullas
604 893 788 950 dubitationes
808 891 840 945 de
859 889 1007 959 hypothesi
1024 888 1114 944 lunari
1132 889 1288 959 Tychmioa
1306 889 1419 960 addere,
1445 905 1515 961 quas

159 975 290 1032 Dominus
309 977 518 1036 Praetorius
543 996 619 1036 meae
644 980 707 1036 fidei
726 996 782 1034 non
801 978 911 1047 quidem
927 976 1158 1046 reprehendendi,
1185 977 1233 1032 sed
1251 977 1343 1046 potius
1361 978 1415 1032 mei
1432 977 1516 1034 infor-

158 1063 247 1120 mandi
265 1082 351 1121 causa
369 1068 515 1136 commisit,
534 1077 564 1123 ut
582 1069 618 1124 ad
637 1083 684 1124 aas
701 1068 767 1138 qnid
781 1069 909 1122 sentirem
926 1065 1131 1134 responderem.
1162 1065 1262 1122 Verum
1275 1081 1337 1122 cum
1350 1065 1400 1120 sim
1413 1066 1515 1135 hospes

159 1153 247 1209 adhuc
265 1154 294 1208 in
313 1155 448 1222 ejusmodi
467 1157 667 1212 mathematicis
687 1155 891 1224 quaestionibus
910 1153 1062 1220 soluendis,
1089 1169 1139 1222 ego
1158 1156 1250 1223 potius
1273 1160 1321 1208 tuo
1340 1155 1516 1224 sagacissimo

157 1257 211 1310 quo
231 1242 375 1310 praeditus
395 1260 424 1298 es
440 1243 547 1312 judicio
565 1244 627 1299 illas
646 1242 789 1298 diluendas
808 1241 962 1311 relinquere
975 1241 1057 1309 volui,
1077 1258 1130 1296 non
1149 1241 1256 1296 interim
1270 1240 1303 1294 de
1322 1247 1370 1296 tua
1386 1242 1516 1310 singulari
1559 1301 1565 1318 Ι

157 1343 223 1396 erga
242 1345 286 1384 mc
305 1331 497 1386 benevelentia
516 1337 543 1386 et
557 1331 650 1386 farore
668 1329 806 1398 dubitans,
825 1329 891 1399 quin
904 1343 974 1397 quae
986 1327 1146 1396 responderi
1159 1327 1193 1382 ad
1208 1343 1254 1382 eas
1268 1327 1393 1392 debeant,
1410 1345 1516 1384 mecum

155 1417 244 1486 primo
263 1433 372 1488 quoqne
392 1425 516 1488 tempore
533 1418 683 1474 liberaliter
700 1417 737 1472 sis
757 1402 1014 1485 communicaturus,
1034 1432 1088 1484 qno
1106 1424 1135 1470 et
1151 1416 1268 1472 Domino
1286 1417 1436 1486 Praetorio,
1454 1431 1515 1472 meo

157 1503 351 1561 candidissimo
370 1505 552 1574 praeceptori,
572 1520 605 1560 ea
623 1505 656 1560 de
674 1519 704 1560 re
723 1504 891 1560 sufficienter
909 1505 1076 1572 respondere
1093 1503 1214 1558 voluisse
1234 1504 1335 1561 videar.

262 1593 421 1661 Sequuntur
432 1593 542 1649 Domini
558 1592 693 1649 Praetorii
712 1592 800 1648 rerba
834 1592 871 1658 ,L
891 1592 1012 1660 Tempus
1037 1607 1173 1661 apparens
1198 1592 1335 1647 existimat
1354 1597 1456 1658 (Tycha)
1481 1591 1516 1648 ad

155 1680 352 1748 aequalitatem
370 1680 466 1736 reduci
486 1680 584 1736 debere
602 1681 682 1738 aliter·
700 1696 750 1750 pro
769 1687 845 1734 motu
864 1679 935 1735 Solis
953 1678 1128 1750 calculando,
1154 1679 1233 1735 aliter
1250 1697 1300 1749 pro
1319 1687 1393 1735 motu
1411 1682 1514 1738 Lunae.

156 1767 194 1822 Ut
211 1767 241 1820 in
254 1765 379 1836 exemplo
393 1769 427 1822 ab
445 1768 506 1838 ipso
521 1767 638 1825 adducto
651 1783 786 1839 apparens
798 1774 907 1837 tempus
919 1783 969 1835 pro
983 1765 1046 1820 Sole
1065 1773 1198 1835 aequatur
1216 1767 1400 1822 subtractione
1414 1771 1448 1838 7‘,
1467 1783 1517 1838 pro

156 1854 238 1908 Luna
256 1869 320 1908 rero
339 1854 480 1910 additione
500 1859 525 1912 7¹
543 1857 604 1926 36⁴¹,
623 1865 653 1910 ut
674 1856 826 1912 differentia
843 1855 985 1922 utriusque
1005 1854 1041 1908 sit
1054 1855 1096 1908 14⁴
1110 1855 1169 1911 36⁴¹.
1205 1853 1265 1909 Hoc
1284 1855 1364 1923 quale
1384 1854 1430 1922 sit,
1451 1855 1516 1909 divi-

158 1958 224 1996 nare
243 1956 299 1997 non
316 1957 440 2012 possum,
460 1958 624 2011 quocunque
643 1945 725 2000 etiam
744 1959 785 1998 me
804 1951 918 1998 vertam.
942 1940 1037 1996 Multis
1058 1940 1304 2008 observationibus,
1322 1943 1419 2010 inquit,
1439 1943 1518 1998 edoc-

158 2033 202 2084 tus
221 2045 283 2084 snm
302 2035 370 2098 eta,
395 2044 445 2084 cur
470 2045 525 2084 nou
543 2033 726 2087 astronomica
744 2030 865 2086 remedia
883 2030 917 2085 ad
935 2028 1086 2083 anomaliae
1109 2028 1293 2084 conciliandas
1312 2029 1442 2084 adhibet?
1469 2047 1518 2084 cur

158 2117 211 2172 hoc
228 2123 286 2171 tam
305 2116 504 2173 absurdissimo
523 2119 669 2187 emplastro
697 2119 811 2173 oblinire
835 2123 951 2174 conatur
974 2117 1016 2172 rel
1035 2132 1099 2172 suos
1117 2115 1161 2172 rel
1179 2117 1248 2172 coeli
1273 2119 1398 2192 errores?
1429 2119 1517 2174 Nemo

159 2219 240 2260 tanus
258 2211 434 2260 uaeramus
452 2204 505 2262 hoc
522 2207 661 2276 probabit,
679 2206 732 2262 nisi
751 2207 823 2262 forte
840 2205 959 2272 nesciat,
984 2203 1050 2273 quid
1068 2203 1105 2259 sit
1122 2203 1250 2273 aequatio
1275 2203 1379 2260 dierum
1399 2209 1427 2262 et
1445 2205 1517 2260 unde

158 2293 309 2362 proremat

258 2382 297 2436 ll.
315 2383 348 2436 ln
366 2383 440 2438 omni
466 2397 531 2438 sera
556 2383 749 2452 conjunctione
773 2391 802 2438 et
820 2384 993 2454 oppositione
1017 2389 1141 2440 centrum
1166 2384 1309 2440 mentrioi
1334 2385 1472 2454 reperitur
1489 2385 1516 2441 in

161 2469 255 2539 Λαὶς.
270 2469 310 2538 9),
329 2469 393 2524 inde
411 2471 586 2539 progreditur
603 2472 633 2525 in
652 2472 761 2527 circello
776 2472 839 2527 ALl
857 2489 953 2529 versus
964 2475 988 2529 L
1001 2481 1076 2529 motu
1095 2471 1249 2542 duplicatae
1263 2473 1408 2529 distantiae
1420 2475 1516 2530 Lunae

160 2557 219 2626 (per
245 2553 425 2626 epioyolicam
448 2558 710 2629 prosthaphaeresin
733 2561 885 2628 comecias)
910 2576 1007 2617 avaro
1032 2561 1093 2616 loco
1113 2560 1199 2616 Solis,
1232 2559 1341 2628 Duplex
1367 2559 1516 2616 dubitatio:

159 2644 250 2700 tribuit
278 2653 372 2700 centro
394 2646 540 2702 eccentrioi
557 2655 661 2702 motum
679 2647 707 2702 in
726 2646 836 2702 ancello
855 2647 1039 2716 inaequalem,
1064 2646 1136 2716 quod
1156 2663 1211 2701 non
1235 2653 1278 2702 est
1295 2648 1516 2717 astronomicum,

134 2762 137 2770 ·
159 2732 210 2786 irro
228 2739 328 2788 contra
346 2733 480 2804 principia
498 2736 688 2797 astronomica.
706 2750 796 2803 neque
813 2749 878 2790 rero
896 2734 968 2789 tueri
986 2749 1016 2788 se
1034 2739 1127 2803 potest
1145 2733 1270 2802 exemplo
1289 2733 1448 2803 Ptolemaei,
1469 2736 1517 2803 qui

160 2823 455 2892 sequentumtiatione
474 2821 697 2890 aequabilitatem
717 2827 808 2875 motus
827 2822 861 2876 ad
881 2821 998 2876 alienum
1012 2829 1135 2876 centrum
1148 2821 1284 2890 alligavit5
1303 2835 1365 2874 nam
1385 2823 1438 2878 hoc
1458 2840 1516 2879 cor·

160 2913 209 2981 rigi
226 2918 323 2982 potest
341 2911 481 2968 additione
500 2910 628 2980 epicycli,
653 2910 726 2980 quod
745 2908 811 2964 fecit
831 2908 1011 2979 ceperamus,
1036 2925 1125 2978 neque
1150 2912 1231 2963 ctam
1258 2908 1311 2964 hoc
1330 2909 1518 2968 Ptolemaeum

160 2999 302 3068 ignorasse
321 2997 451 3054 credibile
471 3005 527 3066 est,
550 2997 598 3052 sed
622 2996 725 3066 placuit
743 2996 795 3066 ipsi
814 2997 1016 3065 ausinianae,
1043 3011 1077 3050 ne
1096 2995 1241 3050 multitudo
1260 2995 1422 3052 circulorum
1442 3013 1520 3054 assu·

150 3095 292 3144 'meretum
330 3085 436 3142 Deinde
455 3102 510 3140 uon
529 3084 635 3140 ridetur
653 3084 713 3140 fiori
730 3099 822 3154 posse,
842 3091 873 3138 ut
890 3101 939 3154 per
957 3083 1039 3138 talem
1058 3083 1226 3152 duplicatam
1245 3083 1403 3140 distantiam
1422 3085 1519 3141 Lunae

161 3173 286 3228 semireri
298 3172 466 3228 lociusolis
480 3187 542 3228 rere
555 3172 615 3226 loco
628 3172 764 3228 restitutio
777 3173 919 3239 utriusque
931 3171 985 3226 leci
1002 3171 1079 3228 int?
1098 3177 1176 3232 et00
1193 3171 1418 3238 contingatinh.
1448 3174 1519 3228 Nam
1591 3228 1595 3238 ,

162 3259 256 3316 Lunae
270 3267 369 3324 motus,
388 3275 438 3328 per
452 3258 626 3328 apioyclicam
638 3259 896 3328 prosthaphaeresin
911 3266 1058 3324 correctus,
1077 3261 1198 3316 nondum
1211 3275 1292 3315 ueras
1311 3265 1361 3316 est.
1392 3261 1521 3330 Exempli

164 3348 258 3418 vatia,
279 3346 340 3402 lieri
359 3355 459 3416 potest,
480 3355 509 3400 ut
523 3347 568 3401 Sol
587 3363 651 3402 uero
664 3355 740 3402 motu
753 3348 788 3402 sit
801 3349 829 3403 in
843 3348 873 3402 3⁰
887 3351 928 3416 V,
946 3346 1043 3402 Lunae
1055 3345 1131 3402 locus
1144 3363 1193 3416 per
1207 3345 1382 3416 epicyclicam
1394 3348 1520 3416 prosthe-

162 3435 310 3503 phaeresin
329 3434 490 3489 emendatus
507 3433 534 3486 in
553 3436 639 3492 3⁰5²..
675 3435 713 3488 Et
730 3436 775 3490 hic
793 3435 887 3490 Lunae
905 3441 996 3488 motus
1019 3433 1140 3488 noudum
1163 3449 1244 3488 rarus
1263 3440 1320 3500 est,
1347 3433 1425 3488 deest
1449 3435 1521 3490 anim

163 3521 375 3576 eccenmicitatis
394 3520 664 3592 prosthaphaeresis,
689 3523 754 3578 item
782 3524 859 3578 deest
881 3521 929 3578 illu
952 3519 1087 3589 particula
1111 3535 1145 3576 ex
1168 3519 1276 3576 cunella
1302 3521 1375 3576 circa
1398 3529 1520 3580 centrum

161 3609 241 3676 primi
261 3607 379 3678 epicpcli
396 3609 568 3678 proveniens,
588 3609 665 3666 deest
684 3610 719 3665 ad
737 3611 879 3668 zodiacum
892 3609 998 3664 relatio.
1030 3608 1105 3664 Talis
1117 3608 1201 3676 igitur
1220 3607 1351 3664 distantia
1362 3605 1430 3666 facit
1441 3613 1522 3667 semi-

163 3695 305 3762 circulum,
324 3711 394 3764 quae
414 3695 555 3765 duplicata
574 3697 665 3762 efficit,
683 3705 714 3752 ut
728 3706 850 3754 centrum
863 3697 1007 3756 eecentrici
1025 3697 1178 3766 reperiatur
1195 3697 1223 3751 iu
1235 3697 1268 3766 A,
1287 3697 1396 3766 quando
1416 3700 1521 3754 scilicet

161 3783 294 3840 luminum
312 3799 368 3838 non
387 3790 430 3846 est
446 3798 511 3838 uera
529 3785 666 3854 oppositio
687 3793 739 3844 etc.
1100 3843 1107 3852 ,

266 3873 319 3927 111.
338 3871 439 3928 Similis
452 3870 586 3928 dubitatio
605 3874 691 3928 oritur
704 3890 738 3928 er
750 3873 860 3932 circello
878 3875 951 3930 circa
968 3881 1092 3930 centrum
1110 3875 1226 3944 primum
1247 3875 1363 3945 epicycli
1376 3875 1521 3945 descripto,

164 3959 288 4030 incujus
313 3959 420 4015 scilicet
443 3965 599 4015 transversa
622 3961 753 4016 diametro
772 3960 863 4016 librari
882 3961 964 4016 debet
988 3969 1110 4017 centrum
1129 3963 1209 4030 primi
1233 3963 1360 4032 epicycli,
1386 3971 1414 4018 et
1431 3971 1520 4017 motus

165 4048 316 4104 mortalias
334 4049 459 4104 similiter
478 4046 573 4102 similis
592 4063 653 4104 esse
672 4049 755 4104 debet
771 4064 852 4103 verae
876 4049 1008 4104 luminum
1027 4048 1173 4104 distantiae
1198 4049 1365 4118 duplicatae.
1401 4050 1520 4103 Primum
1610 4119 1615 4126 ἱ

165 4137 245 4206 iqitm
263 4136 318 4192 hoc
338 4152 446 4206 quoquc
465 4135 525 4190 loco
544 4142 633 4190 motus
651 4152 702 4204 per
720 4153 749 4191 se
767 4136 918 4205 inaequalis
937 4135 986 4190 tali
1005 4136 1156 4192 anomaliae
1183 4137 1326 4200 tribuitur,
1352 4137 1448 4193 deiude
1473 4137 1521 4192 tali

165 4224 334 4282 correctione
353 4223 489 4279 anomalia
507 4225 599 4292 potina
618 4224 714 4278 Lernae
732 4223 906 4292 emendatur,
930 4239 984 4278 non
1003 4240 1084 4279 verus
1101 4223 1179 4278 locus
1197 4225 1300 4280 Lunae.
1337 4225 1406 4280 Nam
1426 4223 1520 4279 eadem
1613 4277 1619 4284 ,

165 4311 228 4368 aas
246 4311 383 4384 peracuta
406 4327 463 4366 acu
483 4308 564 4364 simul
582 4311 664 4366 tribui
683 4319 776 4384 potest
793 4311 846 4380 ipsi
864 4311 972 4379 Lunae,
999 4313 1082 4368 alium
1107 4323 1191 4383 atquc
1210 4313 1292 4368 alium
1316 4314 1397 4368 sitnm
1416 4313 1522 4370 ratione

165 4400 308 4469 ruinaque
328 4399 443 4469 epicpoli
463 4397 588 4466 habenti,
614 4415 668 4452 non
690 4405 765 4453 certe
788 4399 861 4454 idem
884 4407 927 4455 est
945 4401 1062 4469 angulus
1088 4401 1124 4456 ad
1141 4408 1264 4456 centrum
1282 4399 1401 4454 universi
1420 4399 1523 4456 circelli

165 4489 237 4544 eirea
255 4495 379 4544 centrum
402 4486 485 4558 primi
504 4485 617 4556 epicycli
636 4487 777 4556 descripti,
802 4503 834 4542 ae
856 4487 980 4557 aequalis
1004 4488 1106 4545 circelli
1125 4487 1197 4544 cirea
1214 4489 1310 4542 Lunae
1334 4493 1457 4540 centrum
1476 4486 1522 4542 de·

165 4576 272 4646 seripti3
290 4576 336 4632 hic
353 4573 426 4630 enim
443 4573 502 4642 jam
519 4575 639 4643 propior,
656 4574 713 4643 jem
731 4575 860 4632 remotior
878 4591 939 4632 esse
956 4583 1058 4646 potest,
1076 4591 1126 4646 pro
1146 4574 1241 4630 eodem
1259 4581 1351 4628 tamea
1363 4589 1380 4626 a
1394 4573 1523 4644 Tychone

166 4662 286 4718 sumitur.

264 4751 311 4810 IV.
330 4753 436 4808 Mirum
455 4749 541 4806 rideri
559 4757 663 4823 potest,
688 4750 762 4820 quod
780 4751 808 4806 in
826 4751 878 4808 hac
896 4755 956 4808 tota
973 4749 1125 4820 pragmatia
1151 4763 1241 4818 neque
1258 4745 1415 4805 reflexionia
1433 4765 1523 4821 aeque

214 4843 308 4898 aaran
321 4840 482 4898 opu-vui.
1232 4883 1240 4890 .
1279 4834 1313 4894 ll
