3624 5554
221 409 286 487 748
731 417 796 478 vita
812 419 928 480 ioannis
945 419 1066 493 Kepleri.

220 611 370 655 cessurum
391 527 584 677 haerbdibna3
608 617 687 661 eram
709 603 739 660 in
762 617 814 681 epe
837 601 946 679 salarii,
967 605 1026 682 ipsi
1040 605 1171 665 vicissim
1193 621 1231 666 ex
1253 604 1323 665 aula
1343 603 1417 665 ninii
1438 607 1569 686 accipie·

219 684 299 772 baqt.
344 683 403 746 Sed
427 685 499 745 illud
524 691 660 766 peccavit
682 689 873 767 franciscus,
903 691 983 770 quod
1012 700 1081 770 post
1110 709 1224 754 omnem
1251 693 1481 754 satisfactionem
1509 711 1569 754 non

219 773 383 848 acquievit,
413 773 466 833 sed
487 791 549 850 me,
580 777 738 838 terroribus
771 778 861 840 illatis
884 779 922 840 ad
945 778 1073 862 levicula
1102 781 1203 858 aliqua
1225 797 1302 858 quae
1324 782 1398 841 mihi
1418 783 1570 843 restabant

218 859 404 940 praestanda,
426 877 577 940 nunqnam
598 867 679 942 prins
701 869 843 927 monitum
866 885 902 928 ex
925 869 1051 946 abrupto
1073 867 1192 946 adigere
1216 868 1376 947 contendit,
1398 869 1518 948 perinde
1533 887 1569 932 ao

218 951 243 1006 ni
267 948 325 1008 vile
348 951 526 1028 mancipium
548 952 679 1013 fuissem.

323 1049 399 1106 Haec
416 1057 525 1107 tantum
543 1053 661 1110 attinent
679 1053 762 1109 vitam
780 1053 892 1128 Keplcri
910 1055 1056 1126 privatam,
1079 1055 1187 1126 reliqna
1204 1061 1330 1127 spectant
1347 1057 1524 1128 astrologiam
1541 1063 1570 1114 et

217 1135 448 1208 meteorologiam,
466 1145 596 1210 exparte
615 1141 698 1196 etiam
715 1144 833 1214 optinum
851 1142 882 1212 (t.
901 1149 953 1198 soe
971 1163 1004 1197 ss.
1022 1149 1054 1200 11.
1072 1147 1131 1215 any,
1154 1143 1262 1201 stellam
1279 1143 1308 1199 in
1326 1145 1419 1215 cygno
1438 1147 1479 1213 (Π.
1498 1147 1569 1216 toa),

217 1221 417 1292 navigationem
439 1225 636 1284 Hellandorum
658 1229 686 1285 in
709 1232 835 1302 regiones
862 1231 1090 1303 septentrionales
1112 1232 1358 1302 remotionemque
1381 1233 1420 1290 ibi
1442 1234 1569 1289 observa·

218 1317 274 1365 tam
291 1311 428 1369 insolitam
448 1314 489 1382 (ΙΙ.
503 1317 565 1388 413)
584 1321 612 1372 et
629 1316 762 1376 manniam
775 1319 871 1378 Martia
884 1323 937 1390 (111.
954 1326 988 1375 at
1006 1321 1058 1392 aa).
1094 1320 1139 1376 Ex
1156 1319 1206 1388 iis,
1224 1335 1295 1390 quae
1311 1320 1488 1392 astrologiam
1507 1321 1567 1376 atti·

218 1403 292 1468 nent,
310 1398 379 1456 haec
398 1397 542 1473 elegimus,
567 1409 600 1459 ut
617 1411 811 1476 cognoscatur,
831 1424 885 1479 quo
904 1409 993 1464 animo
1011 1407 1147 1479 chlerns
1170 1407 1221 1462 has
1239 1423 1339 1477 ungas,
1363 1393 1435 1478 quas
1459 1407 1568 1479 publice

217 1485 307 1542 colere
324 1495 436 1544 coactus
455 1497 523 1558 erat,
542 1491 654 1561 privatis
672 1493 758 1549 literis
777 1497 921 1568 acceperit.
957 1495 1093 1565 Fabricio,
1114 1500 1262 1567 ,geneses“
1281 1495 1393 1568 petenti,
1411 1497 1567 1568 respondit:

218 1577 291 1638 Cum
315 1581 480 1641 certitudini
504 1586 575 1644 artis
598 1585 628 1643 in
650 1585 848 1663 singularibus
869 1607 973 1667 parurn
995 1591 1135 1665 tribuam,
1163 1589 1358 1667 negligentior
1388 1607 1453 1650 esse
1475 1589 1566 1665 soleo,
1590 1613 1595 1620 ·

169 1699 172 1706 ·
216 1683 271 1728 nec
294 1673 324 1727 te
345 1667 394 1729 bic
415 1671 540 1731 multum
558 1671 665 1750 Juvare
687 1691 817 1752 possum.
864 1675 948 1752 Vide,
971 1693 1009 1738 ne
1031 1695 1079 1737 ars
1102 1685 1132 1738 te
1153 1677 1329 1752 ludificetur,
1354 1677 1467 1754 majora
1490 1680 1567 1736 cuim
1611 1741 1618 1748 ,

217 1753 353 1816 humanis
377 1757 489 1818 viribus
511 1761 569 1820 ista
590 1761 661 1820 mihi
687 1760 835 1838 videntur,
869 1763 1070 1825 certitudinem
1093 1763 1160 1825 inde
1181 1775 1295 1842 petere,
1324 1765 1376 1824 uhi
1398 1763 1479 1824 nulla
1503 1782 1567 1826 csse
1607 1831 1612 1842 ,

217 1848 315 1919 potest
330 1888 337 1904 .
354 1886 362 1904 .
379 1887 411 1904 ..
457 1845 570 1907 Thema
591 1848 783 1910 revolutionis
807 1852 907 1912 mundi
936 1852 1100 1931 sisyphium
1128 1860 1201 1930 puto
1227 1851 1355 1930 lapidem
1386 1869 1439 1928 pro
1463 1869 1566 1913 ereru-

217 1929 330 1990 ciandis
353 1931 566 2010 astrologorum
588 1937 729 2013 ingeniis,
761 1956 820 2016 quo
851 1939 923 2000 nihil
954 1939 1103 2018 proficitur
1105 1983 1208 2006 .....
1252 1939 1331 2000 Nihil
1356 1957 1411 2018 ego
1441 1947 1513 2018 puto
1537 1941 1566 1998 in

216 2016 328 2094 Terris,
359 2019 405 2080 cui
427 2024 549 2084 seorsim
572 2023 679 2102 aliquis
700 2025 820 2104 planeta
843 2027 1005 2089 collocatus
1032 2031 1071 2087 sit
1101 2029 1132 2086 in
1155 2027 1238 2090 coelo
1240 2071 1347 2091 .....
1392 2027 1439 2087 De
1461 2033 1565 2104 „parte

207 2105 368 2174 ‘fortunae‘
393 2116 427 2168 ut
449 2117 479 2170 et
501 2109 538 2171 de
561 2110 695 2174 domibus
714 2113 827 2192 judico,
850 2116 1003 2176 confictam
1026 2113 1064 2176 ad
1086 2115 1240 2177 formanda
1262 2131 1405 2194 responsa
1426 2113 1464 2175 ad
1480 2132 1565 2176 omne

216 2211 309 2271 genus
333 2199 536 2272 quaestionum
559 2210 614 2261 ete.

321 2297 365 2352 Ex
378 2297 499 2368 epistolis
511 2298 654 2371 Kepleri
670 2307 698 2357 et
715 2301 883 2358 Heruarti
901 2303 1001 2358 mutuis
1018 2303 1087 2358 haec
1104 2301 1241 2374 prioribus
1253 2301 1435 2372 adjungimus.
1466 2299 1564 2357 Simul·

213 2391 285 2442 tates
302 2385 374 2442 inter
391 2387 540 2461 Keplerum
559 2388 731 2446 ethaercdes
750 2389 886 2460 Tyehonis
904 2389 1060 2448 Hervartus
1078 2404 1159 2460 aegre
1171 2387 1262 2445 ferens
1281 2389 1403 2460 scripsit:
1422 2389 1469 2445 leh
1482 2389 1564 2459 finde,

214 2472 278 2530 dass
297 2489 326 2530 es
345 2472 480 2531 auischen
497 2474 550 2531 den
567 2475 660 2532 Erhen
677 2475 732 2532 vnd
751 2477 811 2532 dem
831 2477 919 2535 llerrn
937 2477 1019 2534 allein
1038 2495 1081 2532 vm
1099 2478 1264 2534 Misstrauen
1282 2477 1336 2533 vnd
1354 2475 1564 2536 aemulationem

214 2578 249 2616 au
268 2561 346 2632 thun,
366 2577 420 2616 uas
440 2562 488 2617 der
505 2563 684 2636 Hauptsaehe
702 2562 755 2618 tud
773 2562 872 2620 beiden
890 2581 925 2618 au
937 2564 1085 2640 Nachtheil
1103 2565 1233 2638 gercicht.
1268 2563 1405 2636 Keplerus
1423 2564 1565 2634 respondit

215 2648 289 2716 (O'ct.
308 2648 353 2718 7):
381 2645 487 2708 Nescio
510 2663 547 2706 an
571 2649 708 2724 cuiquam
731 2649 760 2706 in
783 2647 852 2708 aula
875 2651 1034 2710 innotuerit
1063 2667 1118 2710 nos
1147 2647 1303 2722 dissidere,
1335 2654 1449 2726 practer
1473 2667 1562 2708 unum

214 2731 252 2790 D.
274 2729 443 2794 Platorium.
490 2732 576 2810 Quod
607 2736 662 2796 etsi
684 2735 794 2797 factum
816 2735 919 2812 fuerit,
950 2744 1129 2798 nontamen
1158 2745 1230 2814 puto
1254 2737 1345 2796 otium
1373 2753 1438 2796 esse
1460 2739 1589 2797 ceteris
1696 2741 1700 2751 '

215 2817 352 2880 dehisce
375 2819 510 2882 leviculis
533 2824 671 2900 cogitare.
715 2822 915 2902 Tengnaglius
938 2841 971 2886 se
997 2825 1103 2902 ingerit
1124 2825 1155 2884 iu
1183 2825 1407 2884 maturationem
1430 2823 1563 2884 Tabula·

214 2925 277 2966 rum
299 2906 568 2986 Rodolphacarum.
612 2909 660 2971 Ita
681 2910 803 2971 forsitan
830 2909 939 2972 hahent
968 2929 1015 2974 res
1042 2915 1134 2990 ipsius
1164 2911 1220 2972 hoc
1245 2911 1447 2990 Westphaliac
1475 2919 1563 2986 statu,

213 2999 246 3054 ut
269 3011 343 3072 opus
367 2999 422 3074 ipsi
445 2999 483 3058 sit
505 2997 552 3058 his
574 2997 739 3076 praesidiis.
784 2999 984 3060 Excusatums
1012 3019 1099 3060 suurn
1124 3006 1305 3079 propositum
1334 3018 1387 3060 scu
1413 2999 1564 3059 velaturus

169 3153 184 3174 Ι
213 3083 278 3159 ejus
294 3100 413 3144 caueam
428 3079 595 3172 (inopium),
619 3083 702 3162 fingit
725 3084 762 3146 ad
785 3086 908 3161 aulicos,
930 3088 987 3149 sibi
1009 3105 1095 3149 curae
1119 3105 1183 3148 esee
1206 3087 1346 3149 honorem
1368 3091 1497 3164 parentis
1512 3105 1564 3148 scu

212 3173 317 3247 soceri,
341 3179 472 3237 metuere
495 3179 528 3234 ut
548 3173 699 3251 praeclare
722 3181 809 3250 capta
832 3175 931 3235 studia
946 3183 1047 3237 eontra
1062 3176 1351 3259 ipsiuslpropoaitum
1367 3175 1563 3253 perficiantur,

212 3259 295 3334 scire,
318 3259 390 3338 quid
414 3263 438 3320 is
461 3261 524 3322 ficri
550 3259 683 3322 voluerit.
728 3259 811 3322 Haec
833 3265 960 3340 speciem
983 3261 1110 3342 hahent,
1134 3265 1205 3342 quia
1226 3281 1281 3340 ego
1305 3269 1335 3324 et
1357 3263 1427 3324 olim
1452 3271 1479 3324 et
1498 3263 1562 3340 jam

213 3349 284 3405 vlvo
308 3352 338 3408 et
361 3351 476 3409 conscio
500 3347 651 3428 Tychouc,
676 3347 830 3428 Copemici
852 3367 960 3426 sequor
981 3349 1170 3430 hypotheses.
1213 3351 1319 3428 Itaque
1342 3359 1393 3410 aut
1416 3349 1563 3412 diversum

214 3433 252 3493 ab
276 3451 312 3493 eo
335 3434 414 3512 quod
436 3439 531 3497 sentio
554 3439 583 3495 in
605 3435 793 3516 philosophia
822 3436 1049 3515 defendendum,
1079 3446 1133 3499 aut
1154 3457 1174 3499 a
1195 3435 1379 3516 Teugnaglin
1409 3438 1563 3501 disceden-

215 3518 283 3580 dum
307 3523 371 3582 erit.
412 3523 508 3604 Atque
532 3521 604 3583 illud
628 3541 777 3602 nunquam
800 3525 855 3586 feci
879 3543 933 3588 nec
954 3543 1041 3604 porro
1065 3525 1228 3601 admittam,
1250 3526 1307 3586 hoc
1329 3528 1371 3584 ita
1392 3526 1507 3601 faciam,
1531 3535 1561 3588 ut

214 3606 364 3686 dissidere,
387 3628 446 3672 nou
470 3611 567 3673 odisse
584 3611 672 3671 dicar.
688 3646 731 3656 -
748 3615 810 3672 Jem
822 3616 907 3673 refert
919 3617 1056 3688 Keplerus
1069 3633 1140 3688 quae
1150 3617 1282 3674 mutanda
1294 3623 1405 3673 censeat
1415 3616 1443 3672 in
1456 3618 1561 3690 Tynho-

214 3700 256 3756 nis
274 3699 475 3771 hypothesibus
493 3705 549 3772 (111.
569 3705 611 3768 aa,
630 3707 681 3757 693
700 3721 734 3757 ss.
752 3706 785 3757 11.
799 3703 842 3772 tt)
859 3709 886 3758 et
904 3701 973 3759 haec
991 3703 1144 3776 subjungit:
1172 3701 1328 3762 Praeterea
1349 3718 1408 3761 neu
1431 3702 1561 3764 desinam

213 3785 343 3864 undique
367 3789 554 3865 conquirere,
586 3805 662 3864 quas
684 3785 723 3847 ad
746 3789 896 3864 negotium
926 3788 1079 3867 eclipsium
1109 3789 1235 3865 amplius
1257 3788 1440 3850 tractandum
1463 3793 1558 3869 requi·

211 3883 327 3952 runtur,
352 3883 380 3936 et
402 3876 470 3937 huic
492 3877 610 3954 negotio
633 3877 663 3933 in
686 3881 769 3954 parte
792 3877 900 3937 serviet
914 3875 1100 3954 peculiariter
1121 3879 1334 3938 astronomiae
1351 3896 1428 3956 para
1451 3881 1561 3958 opticn,

212 3980 301 4040 quam
324 3961 468 4025 adornare
492 3965 590 4040 cogito
613 3979 708 4039 usque
730 3962 769 4023 ad
791 3963 877 4023 ferias
900 3964 1061 4029 natalitias.

315 4055 367 4110 Dio
386 4055 428 4112 tt.
447 4055 518 4112 Nor.
537 4054 605 4110 haee
624 4053 736 4110 nunciat
753 4053 890 4140 Keplerus
914 4055 1070 4112 Hesperon:
1087 4049 1160 4111 Com
1177 4049 1456 4128 animadvertissem,
1467 4069 1562 4114 meam

213 4139 394 4218 diligentiam
409 4141 438 4199 in
456 4139 577 4200 dubium
593 4139 702 4214 vocari,
726 4139 755 4195 in
770 4156 817 4199 me
832 4141 929 4217 recepi
952 4139 1010 4199 duo
1026 4157 1124 4218 opera,
1148 4138 1271 4199 alterurn
1287 4158 1381 4218 usque
1396 4139 1433 4200 ad
1448 4139 1563 4204 Pascha

212 4229 341 4289 futurum
364 4235 432 4288 sunt
457 4227 685 4290 Commentario
707 4229 742 4285 in
764 4227 911 4287 theoriam
934 4227 1059 4304 Martie,
1091 4225 1214 4288 alterum
1243 4229 1319 4288 intra
1342 4235 1360 4290 8
1384 4229 1562 4306 septimanas

213 4313 426 4377 absolvendum
450 4324 495 4378 est
517 4319 730 4376 astronomiae
749 4332 824 4392 pera
846 4317 958 4394 opticn.
1003 4315 1076 4375 Cum
1099 4331 1168 4392 crgo
1191 4314 1238 4374 his
1253 4316 1416 4376 carceribus
1439 4333 1484 4377 mc
1507 4317 1562 4376 ad-

213 4405 378 4464 strinxerim
402 4407 474 4483 ipse,
498 4403 638 4478 intelligis
661 4419 741 4477 sane,
765 4401 909 4479 quidquid
932 4411 1014 4464 extra
1035 4403 1089 4463 has
1105 4409 1198 4463 metas
1214 4404 1266 4463 erit
1280 4405 1410 4481 positum
1429 4403 1563 4480 jamnon

212 4491 338 4568 amplius
360 4511 379 4552 a
401 4511 448 4554 me
470 4493 501 4551 in
522 4490 563 4555 M.
587 4490 621 4550 Τ.
644 4491 768 4568 gratiam
791 4491 901 4568 suscipi
924 4508 1028 4568 posse,
1059 4490 1152 4551 donec
1175 4507 1264 4569 opera
1289 4489 1339 4550 illa
1362 4491 1560 4552 absolvantur.

211 4577 258 4638 De
281 4576 386 4658 Optiee
409 4586 533 4656 constat,
557 4587 587 4640 te
610 4577 723 4637 theoria
737 4575 841 4638 Martis
859 4577 954 4656 jubeo
976 4587 1006 4640 te
1028 4577 1103 4642 bene
1126 4595 1254 4657 sperare.
1270 4611 1312 4623 -
1332 4579 1459 4638 Fabricio
1477 4581 1561 4640 refert

212 4685 305 4726 mense
323 4671 476 4741 Decembri,
497 4670 662 4740 ,adornarc“
683 4685 713 4725 se
732 4669 867 4739 opacam
887 4701 920 4710 -

315 4755 394 4823 Quod
412 4763 443 4813 ut
459 4757 622 4828 promissum
635 4757 758 4829 (caesari
777 4762 824 4812 aut
841 4757 1003 4816 consiliariis
1024 4757 1172 4828 chesareis)
1191 4759 1284 4813 uarrbt
1296 4757 1520 4829 Longomontano
1534 4763 1561 4814 et

211 4839 362 4911 Hcrvarto,
382 4844 572 4902 absoluturum
591 4861 623 4904 se
640 4844 717 4903 hreri
735 4851 858 4918 ternpore
875 4862 945 4920 opus
963 4846 997 4906 de
1014 4847 1105 4938 Marte
1123 4852 1152 4906 et
1171 4845 1310 4916 Optieam,
1329 4843 1394 4904 huic
1410 4861 1466 4902 uon
1484 4844 1561 4902 stetit
