3624 5554
793 427 872 488 1001.
1435 429 1500 500 741

147 623 236 686 rogen
259 605 308 669 die
329 607 471 669 bocbzeit
491 606 550 668 bob
572 625 627 668 nur
649 625 686 669 on
710 608 843 685 speissen
864 609 937 690 yber
962 613 1044 671 1000
1067 609 1097 670 d.
1119 615 1251 688 gecostet
1273 609 1333 672 rnd
1348 628 1402 690 sey
1425 609 1502 672 doeh

146 695 252 758 sublim
274 713 480 774 zugegangen.
525 695 626 757 Muses
658 695 834 772 schliossen,
866 697 917 758 der
938 697 1103 758 Niednauss
1125 698 1184 758 will
1212 715 1305 760 essen.
1351 697 1423 759 Gott
1445 697 1501 760 be-

146 785 254 845 iohlen.
293 781 420 843 Griiesst
443 783 488 844 die
504 783 611 862 Regerl
634 784 692 845 vnd
715 785 791 845 auch
808 785 897 847 andre
913 785 1079 848 belbanten
1096 788 1124 846 in
1144 786 1195 847 der
1208 793 1289 861 stall,
1313 785 1361 849 die
1377 785 1501 846 studen-

148 879 205 947 ter,
228 871 307 933 anob
330 869 380 932 die
402 870 539 946 ldillerin,
562 871 623 932 rod
645 871 738 934 haltet
761 872 808 934 dio
830 873 938 951 Regerl
960 891 1027 934 sum
1049 873 1160 952 siben,
1188 873 1316 938 schreibt
1338 874 1413 935 uuclr
1436 874 1500 950 mir,

147 961 183 1022 ob
205 962 251 1022 sie
273 975 341 1035 gros
364 961 411 1020 soi
434 958 480 1020 die
503 959 641 1038 branse)

251 1045 342 1110 Griits
365 1045 422 1110 den
446 1053 498 1108 00.
521 1045 597 1126 Maii
618 1065 665 1112 uo.
693 1053 787 1110 1001.

1051 1222 1094 1284 M.
1117 1222 1247 1286 Jolrurm
1269 1221 1394 1302 Kepler.

248 1411 327 1481 Quae
344 1427 417 1469 uxor
435 1410 520 1468 verbo
540 1411 574 1468 do
592 1426 623 1467 re
640 1409 799 1482 pecuniaria
821 1409 910 1480 tangit
927 1409 955 1468 in
973 1411 1059 1468 libens
1078 1411 1150 1482 suis,
1172 1410 1200 1467 in
1223 1411 1361 1482 prioribus
1379 1413 1500 1486 apertius

144 1500 272 1558 retulisse
298 1499 407 1556 ridetur
430 1499 560 1570 Keplero.
591 1499 712 1556 Exstant
730 1497 802 1554 eninr
825 1497 923 1554 literas
939 1498 1090 1556 loannis
1108 1499 1296 1572 Ericksen,
1323 1500 1498 1568 „domestici¹‘

143 1588 283 1660 Typhonis
302 1588 355 1655 (etr.
374 1591 394 1641 1.
415 1588 490 1658 005),
510 1587 589 1644 datae
607 1586 634 1644 d.
656 1588 698 1644 13.
716 1585 801 1654 lunii,
820 1599 835 1640 e
854 1585 952 1656 qrribus
971 1593 1102 1657 apparet,
1127 1587 1289 1658 Keplerunr‚
1313 1591 1408 1646 morbo
1428 1588 1501 1646 torte

143 1674 225 1744 paulo
251 1673 442 1743 fervidiorem,
471 1673 561 1730 animo
584 1675 691 1730 irritato
717 1672 752 1729 ad
775 1673 933 1744 Tycbonem
957 1674 1100 1744 scripsisse
1123 1664 1157 1731 de
1180 1675 1298 1746 pecunia
1320 1692 1375 1732 nou
1400 1675 1499 1733 solnta.

142 1763 278 1818 Ericlrsen
296 1761 456 1831 scribit.(ex
472 1765 563 1820 mente
581 1761 746 1836 Tychonis):
769 1759 860 1830 „Quas
878 1763 921 1819 30.
939 1759 1006 1832 Maji
1024 1762 1059 1818 ad
1072 1762 1218 1819 Dominum
1235 1780 1324 1822 meum
1342 1761 1501 1835 Tycbonens

142 1848 243 1904 dedisti
260 1847 364 1918 literas,
383 1849 427 1916 13.
445 1847 521 1906 Junii
537 1855 612 1906 recte
632 1856 740 1908 eurotas
759 1849 866 1920 accepit
885 1855 913 1906 et
931 1867 991 1908 cunr
1009 1850 1064 1921 ipsi
1082 1851 1166 1908 otium
1184 1869 1239 1909 non
1257 1853 1294 1908 sit
1306 1851 1499 1923 respondendi,

142 1934 312 2006 sponsalitiis
332 1934 403 1992 eninr
423 1935 496 1994 filiae
513 1935 701 2004 Elisabetbae,
722 1952 792 2008 quse
808 1937 934 2007 proximo
953 1937 997 1994 die
1016 1938 1091 1994 Solis
1105 1938 1326 2010 celebrabuntur,
1346 1939 1499 2008 distinetur,

141 2024 205 2078 mibi
223 2030 257 2080 ut
273 2024 394 2080 iacerem
412 2025 541 2095 injunxit.
567 2025 653 2082 Miror
670 2030 728 2082 tam
745 2041 796 2094 ego
815 2041 898 2108 quarn
916 2025 971 2098 alii,
991 2025 1065 2096 quod
1083 2032 1140 2082 tam
1156 2027 1262 2096 asperis
1281 2031 1310 2082 et
1326 2026 1500 2084 mordacibus

144 2111 235 2168 uerbis
253 2113 283 2168 in
301 2129 373 2183 eum,
392 2129 447 2170 non
464 2111 536 2170 male
554 2113 688 2170 hactenus
708 2114 742 2172 de
760 2119 788 2170 le
806 2115 931 2170 meritum
950 2123 978 2171 et
993 2115 1022 2170 in
1034 2121 1176 2185 posterum
1188 2113 1279 2172 adhuc
1290 2115 1390 2172 melius
1402 2115 1502 2172 mereri

140 2205 320 2271 satagentem,
339 2200 380 2256 uti
398 2199 526 2262 volneris.
562 2201 638 2271 Quos
661 2217 746 2258 causa
768 2207 825 2258 tam
849 2201 1008 2271 impotentis
1030 2202 1135 2258 animae
1158 2209 1186 2258 et
1204 2209 1298 2260 tantae
1322 2203 1499 2262 acerbitatis?

140 2288 237 2344 Nullas
256 2287 365 2346 scilicet
381 2289 514 2359 pecunias
533 2304 603 2344 uxor
620 2295 669 2344 tus
686 2287 795 2345 interim
818 2289 933 2358 accepit.
968 2289 1084 2358 Rogasti
1107 2289 1252 2346 discedens
1270 2285 1441 2363 Tychonem,
1468 2297 1500 2347 ut

139 2379 173 2434 20
190 2375 316 2433 thaleros
336 2377 365 2431 in
383 2381 431 2433 tua
448 2375 573 2433 absentia
590 2374 631 2432 illi
648 2375 770 2433 traderet
788 2377 899 2447 quaudo
917 2375 949 2433 iis
969 2391 1039 2447 opus
1057 2377 1185 2450 haberet,
1208 2377 1283 2450 qnod
1300 2379 1329 2435 in
1347 2395 1377 2436 se
1395 2381 1499 2452 recepit

139 2464 276 2520 iacturum
293 2477 408 2533 eamque
427 2463 479 2519 sibi
497 2466 713 2522 commendatam
730 2465 790 2522 iore
807 2465 922 2524 addixit.
954 2466 1020 2522 Oum
1037 2482 1102 2522 vero
1122 2465 1169 2523 illa
1185 2465 1277 2538 aliquo
1294 2475 1417 2539 tempore
1434 2471 1499 2538 post

138 2559 216 2608 tuum
233 2549 339 2606 abitum
356 2548 425 2606 nibil
443 2549 598 2622 indicasset,
617 2567 647 2610 se
665 2567 745 2623 egere
764 2551 957 2626 ullupecunia,
976 2555 1049 2612 misit
1061 2553 1146 2611 nihilo
1159 2554 1252 2613 minus
1260 2557 1295 2616 Ι).
1307 2555 1401 2627 Tycbo
1414 2555 1498 2612 filiam

139 2658 215 2698 surm
234 2641 270 2698 ad
290 2657 349 2698 eum
368 2647 444 2695 motu
463 2641 582 2712 proprio,
601 2656 672 2712 quae
688 2641 836 2711 indicaret,
862 2657 892 2699 se
910 2641 1004 2699 decem
1022 2643 1205 2698 Joscbinrioos
1223 2642 1263 2700 illi
1281 2641 1457 2714 traditurum,
1472 2638 1500 2714 ,si

141 2729 301 2800 requireret,
320 2735 348 2783 et
366 2733 463 2798 postea
481 2727 574 2796 plures
592 2730 679 2800 primo
699 2745 808 2801 qnoque
826 2735 958 2802 tempore.
995 2729 1220 2801 Quamprimum
1237 2729 1335 2787 deindo
1353 2747 1422 2788 uxor
1440 2737 1496 2804 tue,
1571 2733 1575 2740 '

140 2817 283 2886 interjecto
302 2831 391 2886 pauso
410 2819 542 2885 tempore,
561 2829 604 2870 me
622 2816 735 2886 rogarit,
753 2822 784 2873 ut
796 2833 813 2873 a
825 2815 956 2888 Tychone
973 2817 1117 2890 pecuniam
1136 2832 1186 2872 suo
1205 2817 1314 2874 nomine
1332 2825 1497 2892 expeterem,

140 2907 234 2960 statim
251 2920 296 2959 me
311 2903 396 2973 jussit
415 2901 508 2958 decern
525 2901 710 2960 Joacbimicos
728 2903 768 2958 illi
786 2919 938 2976 numerare,
958 2903 1080 2976 quamvis
1099 2909 1175 2960 certo
1188 2905 1295 2975 scirem,
1314 2921 1368 2962 non
1381 2904 1496 2961 multum

138 2999 203 3050 tunc
226 2991 256 3047 in
273 2989 398 3062 pecuniis
420 2989 523 3045 residui
545 2988 655 3048 babere.
692 2993 814 3062 Cumque
840 2999 905 3062 post
922 2991 958 3050 ll
976 3009 999 3050 e
1017 2991 1075 3048 dies
1098 2991 1146 3046 illa
1172 2992 1261 3048 denuo
1284 2991 1357 3048 idem
1379 3007 1428 3064 per
1452 3008 1496 3048 me

138 3081 195 3138 deri
213 3070 339 3150 cup'eret,
358 3075 453 3149 Tyoho
472 3092 522 3132 sex
539 3075 723 3134 Joacbinricos
742 3078 767 3134 ei
785 3079 856 3135 tradi
873 3079 954 3150 iecit,
974 3078 1086 3150 addens,
1105 3093 1135 3135 se
1152 3077 1229 3134 brevi
1247 3078 1357 3136 uberius
1376 3079 1416 3136 illi
1433 3098 1496 3152 pro-

137 3175 306 3239 spectorum.
343 3163 451 3220 Testari
468 3165 550 3222 etiam
566 3179 688 3236 possum,
707 3163 783 3221 illurn
801 3166 870 3224 haec
888 3175 997 3238 promto
1016 3167 1105 3224 animo
1125 3165 1223 3222 fecisse
1241 3182 1330 3238 noque
1349 3170 1495 3241 quicquam

137 3257 371 3320 obmurmurasse,
396 3252 437 3307 oti
461 3251 543 3308 etiam
565 3251 634 3310 alias
653 3268 713 3308 eam
731 3269 786 3309 una
804 3271 865 3310 cum
882 3253 940 3310 filia
962 3263 1019 3312 tam
1042 3255 1114 3326 ipse,
1139 3269 1222 3325 quum
1245 3271 1411 3328 gynaeceum
1434 3257 1495 3328 ejus

136 3357 287 3412 omnesque
305 3337 449 3396 domestici
465 3337 584 3396 humane
602 3338 705 3396 babent
718 3343 745 3395 et
758 3339 865 3410 quidvis
878 3340 962 3399 officii
973 3343 1092 3398 liberter
1102 3347 1253 3413 praestant.
1275 3343 1338 3400 Non
1351 3344 1493 3404 debuisses

137 3431 231 3500 itaque
249 3435 308 3484 tum
326 3428 426 3484 acriter
443 3425 471 3482 in
489 3434 567 3482 tunm
584 3423 785 3483 benefactorem
804 3428 989 3486 immerentem
1006 3437 1035 3486 et
1052 3429 1205 3486 inauditum
1228 3429 1321 3488 invehi
1337 3447 1370 3489 nc
1388 3441 1493 3494 ueteres

134 3537 188 3574 oon
214 3518 293 3574 teres
316 3507 432 3586 injurias
454 3515 531 3572 noris
553 3515 756 3574 inconsiderate
779 3517 960 3575 accumulare.
995 3517 1155 3589 Aegerrime
1173 3519 1242 3590 lert,
1268 3534 1347 3578 suam
1364 3521 1447 3579 fidem
1465 3531 1494 3582 et

134 3613 245 3678 pactum
265 3603 316 3660 abs
334 3611 363 3660 te
381 3603 410 3658 in
429 3602 540 3658 dubium
560 3604 661 3662 vocari.
697 3605 741 3660 lo.
758 3605 874 3662 liltllero
892 3603 958 3662 binc
975 3603 1129 3661 discessum
1148 3605 1182 3662 dc
1199 3607 1310 3677 proprio
1328 3607 1411 3666 soluit
1422 3611 1494 3670 ultra

134 3711 215 3766 quam
233 3697 369 3764 sperarat,
389 3691 510 3762 quumvis
530 3691 631 3748 Caesar
648 3708 710 3748 eum
728 3693 783 3749 buc
795 3699 907 3749 vocarat
917 3698 946 3748 et
958 3691 1134 3749 honorarium
1146 3692 1305 3767 addixerat;
1322 3697 1396 3755 unde
1406 3698 1492 3770 rides,

133 3783 206 3853 qood
225 3797 283 3837 non
301 3787 358 3836 tam
382 3777 475 3834 fluxae
497 3779 534 3834 sit
555 3777 632 3849 ddei,
660 3780 701 3836 uti
724 3793 788 3836 enm
804 3779 962 3836 insimulare
977 3779 1093 3850 rideris,
1116 3779 1193 3836 nulla
1209 3796 1295 3838 cansa
1312 3781 1420 3855 subest,
1444 3803 1493 3844 cur

134 3873 208 3943 pacti
225 3869 321 3928 violati
340 3884 402 3925 eum
421 3882 542 3924 accuses.
577 3868 633 3937 Ait,
654 3869 789 3938 pactionis
806 3869 946 3939 unicolor,
964 3883 981 3924 a
998 3869 1104 3941 teipso
1123 3871 1311 3945 conscriptos,
1330 3875 1429 3944 quibus
1445 3873 1493 3936 illa

134 3973 300 4030 responsum
318 3971 353 4012 ex
378 3961 502 4024 tempore
520 3955 549 4011 in
566 3958 689 4025 margine
707 3958 833 4016 annotmi
850 3958 968 4024 curarit,
994 3974 1028 4014 ea
1046 3961 1215 4032 conditione,
1233 3967 1265 4018 ut
1281 3969 1310 4020 te
1326 3979 1391 4020 mox
1407 3965 1492 4023 resol-

134 4063 212 4104 veres
229 4053 317 4116 utque
334 4057 473 4101 reversam
492 4044 545 4111 (nti
561 4043 724 4115 loquuntur)
743 4045 910 4117 restitueres,
927 4061 985 4104 non
1001 4061 1063 4104 sese
1074 4049 1197 4119 plenarie
1214 4057 1277 4108 ante
1294 4057 1371 4110 tuum
1388 4052 1491 4110 disces·

136 4153 194 4190 sum
212 4136 429 4200 eonsummatos,
447 4145 537 4200 neque
554 4132 698 4203 quiequam
715 4132 756 4188 illi
772 4131 917 4206 redditum,
935 4151 990 4204 qno
1008 4136 1058 4192 niti
1070 4145 1178 4207 posset:
1196 4140 1282 4196 sibilo
1300 4142 1388 4198 minna
1401 4141 1492 4197 omnia

137 4221 249 4278 emdide
266 4227 295 4278 et
311 4219 433 4289 ingenue
450 4218 659 4290 interpretatum
677 4219 765 4276 nihilo
782 4221 871 4280 minus
888 4229 1035 4280 accusatur
1051 4228 1131 4295 quasi
1145 4227 1234 4283 malae
1251 4227 1316 4284 fldei
1333 4234 1362 4284 et
1378 4229 1491 4297 promis·

137 4327 224 4366 sorum
241 4325 299 4368 non
317 4313 412 4366 tenax.
450 4305 552 4374 orgia
566 4307 640 4378 ipse,
664 4323 719 4378 quo
739 4307 803 4376 jure
827 4308 856 4366 ld
874 4310 934 4368 deri
950 4311 1040 4382 possit
1057 4318 1086 4368 et
1103 4314 1241 4382 quomodo
1262 4320 1319 4370 tam
1335 4313 1491 4383 importuna

137 4399 215 4455 verba
231 4412 250 4453 a
267 4404 297 4452 ts
314 4409 440 4464 unquam
458 4395 594 4452 meruerit
628 4395 706 4452 Haec
723 4397 833 4454 morcio
851 4404 880 4454 et
896 4399 936 4456 sio
953 4398 1064 4456 volente
1080 4401 1211 4472 Trebone
1233 4401 1268 4458 ad
1285 4407 1315 4456 ce
1332 4400 1435 4471 scribo,
1458 4407 1491 4458 ut

139 4492 163 4541 te
178 4484 284 4557 placide
301 4484 479 4551 mmoneam,
498 4497 534 4538 ne
551 4483 592 4542 tui
610 4483 746 4542 commodi
763 4484 870 4542 aiucme
886 4490 1055 4556 sementem
1073 4491 1102 4544 st
1118 4486 1218 4544 studiis
1235 4487 1425 4544 astronomicis
1441 4487 1490 4544 im·

139 4615 340 4630 *ψ

230 4688 254 4756 ⁸)
273 4688 365 4738 Verba
381 4679 484 4738 ultima,
504 4684 552 4746 ,ob
571 4680 624 4731 sto“
644 4685 692 4733 sto.
711 4681 817 4731 occultis
834 4681 932 4747 scripta
948 4687 1008 4732 sunt
1023 4681 1112 4742 literis,
1131 4682 1223 4744 qulbus
1240 4685 1351 4730 deusest
1364 4681 1488 4748 llsplsrns

137 4762 225 4826 suptus
243 4761 271 4810 in
291 4755 402 4828 seriptis
422 4753 477 4804 suia
493 4753 609 4818 privatis,
626 4754 764 4818 praecipue
781 4753 810 4801 ln
826 4751 914 4802 multis
932 4751 1089 4814 asbclofflcis
1109 4753 1222 4815 judiciis.
1258 4752 1290 4802 D.
1310 4749 1371 4802 Otto
1389 4753 1487 4820 soors,

132 4833 276 4904 compartis
295 4831 338 4884 ιιι,
358 4825 446 4889 signis
464 4823 491 4874 ln
509 4823 625 4894 plurimis
637 4824 733 4876 talibus
745 4823 935 4896 scriptionibus,
954 4823 1081 4893 „clatern‘
1100 4835 1186 4880 sorum
1198 4821 1272 4874 nobis
1284 4825 1486 4894 communicavit.
