3662 5544
281 385 345 460 752
741 471 744 478 Ι
793 391 858 448 vita
873 387 990 448 Jomnn
1007 389 1129 462 Kepleri.

384 567 468 629 Haeo
489 569 588 630 omnia
609 569 729 647 negotia
754 569 1040 650 multiplicabuntur,
1071 569 1142 629 liant
1163 569 1262 628 omnia
1289 566 1453 629 difficiliora
1480 565 1621 646 expeditu,

281 659 307 718 ai
329 656 428 732 Praga
450 655 622 718 discessero.
667 657 807 718 Miserum
830 675 893 732 me,
923 661 969 719 cui
999 658 1073 719 baec
1100 657 1168 717 olim
1199 659 1272 716 satis
1294 654 1448 734 splendida
1472 655 1533 731 jam
1555 653 1623 714 nulli

280 752 350 804 suut
373 746 449 817 ueni,
473 761 561 821 quarn
583 752 617 804 ut
640 743 832 805 difficiliorem
854 745 978 806 reddant
1000 747 1202 806 oeconomiam
1224 751 1315 822 utque
1331 760 1451 803 uxorem
1474 750 1504 802 et
1517 744 1624 822 privig-

280 849 348 892 nam
370 829 453 890 lauta
475 832 545 893 olim
565 834 597 890 in
618 849 650 892 re
672 835 851 893 sumtuoeius
874 833 962 895 alam.

385 918 469 979 Haeo
489 923 600 998 itaque,
624 927 657 980 ut
678 922 761 980 initio
785 920 855 995 dixi,
878 921 918 982 ad
940 919 1122 982 formandum
1138 919 1292 980 consilium
1308 920 1453 998 pertinere
1469 935 1533 978 eum
1547 918 1623 979 arbi·

282 1013 385 1067 iratus.
430 1007 571 1086 Tempus,
594 1014 627 1069 nt
648 1007 686 1067 ad
709 1008 904 1086 pulcherrima
925 1017 1025 1068 nostra
1048 1006 1146 1068 studia
1167 1023 1329 1067 sermonem
1352 1005 1532 1066 transferam.

385 1098 436 1154 His
453 1097 530 1154 addit
548 1097 697 1168 Keplerns:
722 1094 900 1174 Opticam
923 1113 980 1157 non
996 1096 1082 1157 aliter
1103 1095 1245 1169 tractabo,
1268 1097 1325 1154 nisi
1346 1101 1492 1171 quatenns
1507 1094 1545 1154 ad
1559 1091 1628 1154 doc·

282 1184 387 1242 trinam
403 1183 556 1260 eclipsium
570 1183 704 1262 adeoque
719 1183 756 1243 ad
773 1183 852 1244 solas
867 1184 927 1244 lere
943 1184 1102 1244 diametros
1118 1182 1305 1242 luminarium
1318 1183 1437 1244 iaciunt.
1466 1181 1542 1241 Naro
1557 1183 1629 1241 inter
1732 1213 1734 1216 ·

190 1269 195 1280 '
282 1273 376 1350 prima
398 1270 588 1332 fundamenta
609 1274 738 1348 cognitio
760 1270 834 1332 haec
857 1273 988 1332 refertur.
1012 1275 1103 1344 (Quae
1121 1282 1272 1343 sequuntur
1290 1275 1417 1344 legantur
1435 1273 1486 1328 rol.
1499 1273 1536 1330 II.
1549 1291 1575 1343 p.
1588 1275 1630 1343 78,

284 1362 356 1420 aient
375 1376 416 1427 ea,
435 1377 506 1432 qnae
523 1362 552 1417 in
569 1362 611 1418 hie
630 1362 717 1418 literis
741 1361 825 1418 relert
842 1363 978 1434 lieplerna
1002 1363 1052 1430 ,de
1069 1364 1247 1434 pneumaticis
1271 1369 1299 1420 et
1322 1364 1448 1421 machina
1464 1361 1631 1434 hydraulica,

282 1449 425 1508 retulimus
443 1465 527 1520 supra
544 1465 572 1520 p.
584 1450 657 1520 749).
687 1449 759 1506 Hinc
776 1449 833 1506 abit
850 1451 986 1520 Keplerne
1003 1450 1038 1505 ad
1058 1451 1241 1522 ,magnetica“
1265 1458 1292 1507 et
1309 1451 1411 1506 multus
1429 1456 1472 1506 eet
1490 1450 1518 1504 in
1536 1447 1633 1504 descri-

286 1537 375 1598 bendo
394 1551 477 1607 opera
497 1537 652 1592 (iilherti
669 1537 703 1593 de
720 1545 854 1607 magnete,
873 1537 946 1608 quod
966 1539 1044 1606 ,crite
1062 1537 1198 1594 biennium
1216 1538 1245 1593 in
1261 1537 1330 1593 febri
1342 1553 1393 1594 sua
1405 1543 1555 1608 quartanrd
1569 1535 1634 1604 legit

286 1624 347 1692 (cfr.
366 1624 420 1679 rol.
439 1625 490 1682 ΙΙΙ.
509 1640 536 1692 p.
555 1624 607 1680 443
626 1626 674 1692 ss.)
709 1625 806 1682 Finem
822 1625 889 1682 lacit
905 1626 1035 1697 longioris
1053 1625 1138 1695 hujus
1161 1624 1294 1696 epistolae
1317 1625 1359 1680 his
1383 1627 1484 1681 uerbis:
1508 1621 1555 1682 De
1569 1635 1636 1680 meo

285 1713 366 1768 statu
388 1708 460 1768 nihil
483 1707 610 1786 amplius
633 1711 773 1784 occurrit,
796 1725 886 1786 quem
908 1709 987 1787 qnod
1009 1727 1111 1788 spero,
1142 1712 1189 1769 nte
1220 1709 1302 1770 brevi
1327 1711 1584 1786 commigraturum
1606 1709 1635 1764 in

285 1794 385 1858 locum
408 1795 559 1856 editiorem
582 1803 612 1856 et
635 1797 892 1858 observationibus
920 1797 1115 1858 commodum.
1159 1795 1244 1857 Haec
1272 1799 1426 1874 occupatio
1448 1813 1496 1857 me
1518 1799 1550 1855 in
1574 1793 1637 1872 Op·

286 1885 352 1944 ticis
374 1883 522 1961 impediet
556 1883 645 1944 Mitto
668 1891 698 1946 et
720 1885 776 1945 hoc
798 1886 1038 1961 rejectamentum
1066 1879 1228 1944 studiorum
1251 1899 1382 1944 meorum
1404 1887 1639 1957 (Praenestinum),

288 1969 438 2046 iudignum
461 1969 565 2048 Magn.
587 1971 666 2046 Tua,
698 1971 751 2032 sed
778 1973 952 2034 mittendum
974 1981 1086 2048 tamen,
1117 1990 1154 2032 ne
1176 1979 1205 2034 te
1227 1979 1288 2033 tam
1309 1971 1466 2032 sollicitum
1496 1971 1534 2032 de
1567 1971 1639 2031 meis

242 2099 249 2118 .
283 2059 392 2124 euntis
414 2059 576 2138 quidquam
599 2077 699 2120 eorum
721 2060 823 2122 lateat.

287 2181 290 2190 ¹
391 2157 585 2215 Hernartns
602 2159 744 2230 respondit
762 2160 803 2230 (d.
816 2161 859 2217 18.
872 2160 967 2230 Febr.)
986 2160 1088 2229 gratias
1106 2173 1190 2228 agens
1208 2175 1259 2228 pro
1276 2161 1435 2216 transmisso
1451 2140 1640 2228 Prognostica

286 2243 383 2300 Monet
399 2243 555 2317 Keplarum,
573 2253 604 2303 ut
622 2261 693 2317 opue
711 2247 745 2304 de
763 2251 852 2305 Marte
869 2249 957 2318 primo
976 2263 1085 2316 quoque
1102 2253 1225 2317 ternpore
1242 2247 1366 2316 perficiat
1384 2247 1449 2314 ,dae
1462 2247 1523 2304 sich
1543 2247 1642 2302 elnmal

287 2333 337 2388 mit
353 2331 426 2387 Nutu
445 2340 473 2387 et
491 2349 552 2388 cnm
570 2333 696 2402 proiectu
715 2334 784 2390 wohl
802 2335 869 2392 nird
888 2334 973 2390 seben
991 2335 1083 2391 lassen
1101 2335 1155 2388 rnd
1172 2335 1230 2389 lme
1248 2333 1309 2390 dem
1321 2336 1411 2391 Herrn
1429 2337 1510 2391 einen
1530 2335 1645 2392 solchen

287 2421 392 2476 Namen
410 2419 533 2490 macheu,
553 2420 617 2476 dass
634 2436 696 2476 man
715 2423 849 2478 nunmehr
866 2437 919 2479 ron
937 2421 995 2478 Irne
1013 2422 1137 2492 dnsjenig
1154 2439 1187 2476 nu
1207 2430 1351 2492 generiem
1371 2439 1401 2480 so
1419 2439 1483 2480 man
1501 2441 1557 2480 von
1576 2437 1646 2494 ney-

287 2509 354 2566 land
371 2509 466 2580 Tyeho
484 2511 575 2568 Brahe
593 2512 711 2567 verhofft
728 2511 856 2580 gehabt¹‘.
878 2541 912 2557 -ψ
929 2511 981 2566 Die
999 2512 1043 2568 24.
1062 2511 1141 2566 Febr.
1161 2509 1232 2565 redit
1246 2511 1404 2567 Hernartna
1430 2511 1466 2567 ad
1483 2511 1647 2580 Prognosti-

288 2613 350 2655 onm
369 2599 430 2667 (,eo
449 2598 492 2653 ioh
511 2613 560 2668 gar
576 2615 643 2670 geru
661 2600 781 2670 gelmon,
800 2599 918 2655 etlichen
937 2597 1133 2665 communicirt,
1153 2597 1206 2654 und
1226 2597 1260 2653 ob
1278 2598 1323 2654 ich
1342 2597 1421 2664 wohl,
1440 2597 1484 2654 die
1496 2597 1650 2654 Wahrheit

288 2703 324 2742 ιιι
341 2687 463 2756 melden,
487 2687 537 2743 aul
559 2688 733 2758 dergleichen
750 2686 838 2756 trenig
855 2687 942 2754 haita,
962 2685 1011 2743 hat
1028 2701 1059 2742 es
1078 2685 1149 2742 doch
1167 2685 1277 2742 bishero
1301 2685 1414 2743 starchh
1432 2684 1649 2756 angetroffen“)‚

289 2773 372 2831 dubia
389 2775 532 2844 quaedam
542 2777 686 2846 proferena
705 2774 739 2831 de
751 2775 887 2830 historicis
901 2773 1071 2845 quibusdam,
1090 2789 1160 2845 qnae
1173 2772 1309 2844 Keplerns
1321 2773 1506 2831 immiscuerat
1525 2775 1589 2843 (cfr.
1601 2771 1652 2830 IV.

289 2879 317 2932 p.
337 2863 394 2932 89).
435 2864 477 2920 De
500 2863 582 2920 rebus
607 2863 694 2920 Gratti
716 2863 879 2933 peragendis
902 2861 986 2919 relert
1007 2861 1179 2918 Herwartns:
1216 2861 1273 2930 ,Zn
1298 2861 1380 2917 Grata
1402 2861 1481 2917 weiss
1505 2861 1553 2916 ich
1577 2859 1653 2915 mich

286 2949 344 3019 J'ert
361 2946 455 3006 keine'r
472 2952 524 3006 mir
540 2950 690 3006 sonderbar
708 2950 877 3020 Belrannten,
897 2950 941 3007 die
958 2951 999 3005 lm
1017 2951 1045 3006 in
1065 2951 1159 3006 selnen
1171 2949 1281 3021 negotia
1292 2949 1399 3019 privata
1410 2956 1514 3005 nutaen
1534 2949 1653 3018 lrbnten,

289 3053 324 3093 nu
342 3037 477 3107 erinnem,
496 3051 592 3094 ausser
610 3038 674 3094 dass
692 3039 743 3094 mir
760 3037 810 3092 der
827 3039 898 3093 Herr
910 3038 1081 3093 Bernhardin
1095 3053 1147 3095 vnn
1160 3037 1345 3106 Herherntein,
1364 3037 1421 3092 lrer
1433 3035 1554 3092 Dnrchl.
1569 3035 1654 3092 Stall-

290 3123 402 3180 maister
418 3125 549 3182 bekannt.
586 3126 629 3181 Da
646 3127 692 3182 ioh
709 3125 771 3181 dem
789 3125 879 3180 Herrn
898 3124 983 3181 durch
1002 3124 1097 3180 diesen
1114 3124 1189 3180 khan
1207 3121 1328 3180 nntzlieh
1347 3122 1524 3191 etenheim,
1553 3123 1606 3180 hat
1625 3135 1654 3176 er
1760 3124 1766 3130 '

289 3211 363 3267 mich
388 3209 471 3281 nillig
493 3212 548 3269 rnd
574 3215 684 3284 genaigt
686 3252 797 3272 ......
833 3210 972 3283 Tyehonis
990 3212 1080 3268 Brahe
1102 3212 1283 3268 instrumenta
1307 3213 1357 3268 nie
1378 3211 1450 3267 mich
1473 3209 1609 3268 bedhnlrt
1627 3209 1657 3265 in

290 3305 433 3368 utramque
457 3313 549 3354 aurem
573 3298 719 3356 dormiunt.
754 3300 803 3356 Ich
825 3299 879 3355 hab
907 3315 968 3356 eum
990 3299 1024 3356 D.
1043 3300 1160 3357 Pistor-io
1187 3301 1273 3356 daron
1300 3299 1406 3371 geredt3
1431 3315 1513 3355 nann
1542 3299 1587 3354 nit
1612 3297 1658 3354 die

291 3392 390 3455 gantae
407 3385 569 3456 disposition
587 3385 648 3442 dem
661 3387 751 3444 iterra
768 3389 935 3456 untergebcn
947 3395 1023 3457 nort
1042 3387 1101 3444 halt
1117 3388 1163 3444 ioh
1180 3388 1225 3442 thr
1241 3388 1313 3442 mein
1325 3386 1405 3441 Thail
1423 3386 1518 3442 nichts
1539 3387 1658 3456 dar-von,

291 3476 347 3533 end
363 3475 430 3532 nird
448 3476 520 3532 ohne
536 3474 648 3534 andffal
666 3477 716 3532 der
732 3473 813 3532 eti‘eot
830 3474 884 3530 den
901 3475 1030 3546 expensis
1048 3475 1089 3532 nit
1107 3475 1333 3545 correspondiren
1344 3474 1398 3532 end
1412 3489 1461 3547 per
1473 3487 1659 3544 consequens

294 3564 437 3634 algamaeh
455 3579 500 3620 res
517 3565 580 3635 ipsa
596 3565 772 3622 labaaoieren.

399 3651 444 3705 Ex
461 3652 639 3722 responsione
657 3652 803 3722 Kepleri
820 3655 905 3723 (qnae
922 3667 977 3708 non
995 3652 1101 3721 integra
1119 3655 1253 3720 superest,
1273 3643 1373 3706 data'c.
1392 3663 1517 3704 mensem
1532 3649 1661 3719 Maium)

292 3736 361 3794 haec
380 3728 416 3793 a'd
433 3737 517 3794 dtam
535 3740 688 3810 pertinent:
709 3781 716 3798 .
735 3779 767 3798 ..
793 3735 840 3795 Ad
862 3736 961 3796 literas
984 3735 1067 3810 duas,
1092 3753 1165 3811 quae
1188 3735 1226 3794 ad
1247 3748 1294 3794 mo
1317 3732 1436 3808 dedisti,
1467 3751 1532 3810 quo
1557 3737 1662 3794 minus

295 3823 438 3882 hactenns
461 3823 676 3900 responderim,
699 3838 791 3885 causa
811 3823 866 3883 luit
888 3826 1012 3900 primurn
1034 3826 1187 3902 negotium
1207 3821 1406 3896 domesticum,
1433 3819 1505 3880 dum
1532 3839 1665 3883 uxorem

294 3913 324 3970 in
340 3909 468 3987 Styriam
483 3914 585 3972 emitto
601 3913 768 3985 silnanus,
792 3910 898 3971 deinde
913 3909 1074 3988 (adjectae)
1097 3909 1153 3971 hac
1176 3909 1295 3970 tabulae
1318 3909 1435 3970 lunares
1453 3911 1664 3982 (oir.vol.111.

295 4017 325 4071 p.
342 4001 391 4058 691
413 4002 548 4070 ιι.)....
592 3997 627 4058 In
658 4001 730 4058 meis
760 4000 888 4076 negotiis
918 3999 1085 4058 domesticis
1113 4015 1158 4058 res
1187 4000 1229 4058 lta
1256 3997 1358 4058 habet:
1391 3996 1541 4058 haeredes
1576 3999 1668 4058 uxori

294 4101 379 4145 meae
402 4085 480 4145 diem
503 4084 640 4147 divisioni
663 4086 798 4147 dixerunt
821 4085 851 4146 S.
875 4084 1004 4163 Georgii.
1050 4085 1120 4146 Misi
1142 4102 1263 4145 uxorem
1285 4087 1473 4160 insonnem,
1499 4101 1668 4146 commen·

296 4171 396 4232 datam
416 4172 485 4233 illlis
508 4172 652 4234 Caesaris.
696 4173 766 4234 dam
788 4176 819 4236 lu
842 4189 877 4234 eo
900 4191 946 4234 res
968 4175 1106 4247 vertitur,
1128 4181 1162 4233 nt
1184 4190 1220 4234 ea
1243 4172 1458 4233 commendatio
1480 4175 1511 4232 si
1537 4175 1581 4234 ab
1607 4173 1669 4234 ali-

231 4329 235 4336 ,
297 4275 357 4337 quo
380 4261 452 4319 mihi
473 4261 592 4321 tarenta
613 4263 797 4339 suscipiatur,
822 4263 871 4338 qui
895 4260 1034 4338 quiequid
1057 4264 1087 4320 in
1110 4277 1205 4322 meam
1228 4263 1353 4338 gratiam
1374 4260 1453 4335 lacit,
1478 4259 1515 4319 id
1540 4261 1592 4321 his
1608 4263 1670 4320 im·

296 4356 400 4426 putare
423 4347 506 4410 velit.
539 4349 627 4410 tium
657 4352 763 4426 ltaque
782 4348 939 4409 modernus
963 4348 1162 4409 Cancellarins
1186 4365 1222 4409 ex
1244 4347 1373 4408 Bavaria
1396 4363 1433 4408 eo
1457 4345 1673 4424 descenderit,

297 4452 383 4512 spero
410 4444 523 4496 tautam
550 4438 625 4498 inter
647 4437 710 4498 Vos
738 4437 864 4497 futuram
892 4439 1043 4511 notitiam,
1074 4444 1107 4496 ut
1133 4437 1187 4496 abs
1211 4434 1314 4512 Magn.
1336 4434 1402 4494 'l'ua
1433 4437 1672 4497 commendatio

300 4523 380 4583 utilia
402 4541 467 4585 esse
488 4525 582 4602 possit
584 4567 692 4588 .....
730 4523 927 4586 Instrumenta
941 4525 1019 4601 qnod
1035 4525 1138 4583 scribis
1155 4523 1302 4583 dormiunt
1317 4521 1462 4614 equidem,
1488 4539 1537 4585 sc.
1557 4525 1674 4586 haere·

301 4609 371 4672 dum
394 4618 438 4672 eet
458 4613 601 4672 rationem
630 4611 762 4673 reddere.
807 4611 853 4672 De
875 4615 1012 4687 expensis
1041 4611 1113 4670 milri
1141 4610 1229 4688 piane
1251 4610 1324 4669 nihll
1353 4617 1480 4671 constat.
1533 4610 1675 4687 Quiesce

302 4703 332 4755 et
354 4701 384 4756 iu
406 4715 471 4760 meo
493 4700 602 4760 salario
616 4702 782 4776 acquiesco,
806 4699 890 4774 cujus
910 4699 1040 4759 subsidio
1063 4701 1093 4757 in
1116 4699 1253 4776 operibus
1267 4699 1340 4759 meis
1355 4696 1503 4777 paulatim
1521 4699 1677 4776 procedo.

300 4780 459 4864 Spinonem
482 4785 603 4866 Optices
626 4786 789 4849 doctrinam
809 4787 926 4864 suscepi
949 4793 979 4848 et
999 4787 1067 4866 plne
1090 4785 1127 4848 de
1142 4785 1374 4864 Paralipomeuis
1398 4785 1435 4847 ad
1452 4783 1678 4866 Vitellionem,
