3624 5554
820 388 899 448 ιιιι.
1306 311 1310 334 ⁶
1466 393 1532 467 709
1589 387 1594 396 ·

175 571 206 632 st
214 571 328 631 colculis
340 577 371 629 et
383 570 419 629 de
429 569 491 628 icco
502 567 615 640 numm,
632 570 739 626 smtste
751 563 786 623 de
796 564 867 623 Urso
879 569 908 621 et
919 561 1052 636 Tyrione
1069 563 1222 637 iterumque
1239 564 1274 624 de
1286 567 1442 642 eclipsibus,
1460 571 1533 631 sicut

174 662 209 719 de
224 661 381 720 redonibus
399 657 572 728 numericis,
591 672 685 714 meuse
703 653 858 725 Septembri
875 652 910 709 de
927 653 1023 710 iisdem
1042 654 1089 724 (V.
1108 655 1237 726 20-30).
1273 657 1371 715 Mense
1388 661 1534 718 Decembri

174 749 283 820 scripsit
305 747 460 818 Keplcrus:
486 742 550 820 Ego
573 743 629 804 stsi
645 741 702 802 hue
715 737 966 818 periculosissimo
982 743 1062 798 stetu
1085 737 1174 802 vuldo
1189 742 1351 818 perturbor,
1375 744 1532 806 urdomeoi

173 843 271 894 tomen
291 834 357 910 J'sm
378 829 551 892 methodum
574 837 604 891 et
625 831 720 909 prims
740 827 921 888 lineamento
942 823 1047 901 libelli,
1070 829 1117 887 cui
1139 828 1256 890 titulum
1272 831 1379 892 toclsm
1394 831 1431 894 dc
1443 833 1532 896 Hor·

174 924 293 984 cronice
316 919 431 980 mcccc·
452 918 622 980 dissertatio
644 915 899 1001 corrpspruplsicu.
922 945 966 958 -
1064 977 1065 980 ,

276 1019 322 1074 Ex
340 1015 464 1088 epistulis
477 1015 641 1086 quibusdum
655 1015 806 1073 amicorum
817 1013 854 1068 sd
866 1011 1016 1082 lieplerum
1028 1011 1100 1070 ditls
1118 1029 1228 1084 summu,
1238 1030 1332 1072 eorum
1344 1019 1533 1088 cognuscends

171 1115 227 1178 est,
251 1121 325 1178 quoe
346 1107 407 1176 ipse
431 1104 581 1174 scripserit.
619 1103 665 1160 Sic
683 1099 868 1158 cusrodus
892 1101 1126 1172 Dsiypodius
1148 1103 1315 1172 Argentinsc
1343 1105 1370 1162 d.
1396 1109 1530 1168 31.1>ec

171 1197 276 1267 scribit,
297 1194 393 1262 „lectis
411 1195 466 1251 tuis
484 1193 571 1250 literis
589 1200 665 1249 tuem
683 1191 711 1247 in
729 1189 784 1246 huc
802 1187 954 1244 studiorum
972 1203 1071 1258 genere
1084 1189 1263 1246 cruditionem
1280 1199 1364 1263 utque
1381 1193 1533 1255 doctrinam

169 1285 305 1342 intellexi.
328 1285 392 1340 Nou
405 1282 589 1352 eripuerunt,
609 1293 681 1350 quse
693 1275 797 1343 scribis,
817 1275 961 1346 requirunt
972 1276 1131 1348 simpliorem
1143 1281 1379 1350 responsionem“.
1402 1283 1533 1342 Jusuui

170 1372 336 1431 Homelic
354 1369 502 1442 (Lipsiensi
519 1367 657 1440 quondum
673 1363 884 1424 methemsticee
902 1363 1067 1436 professori,
1084 1365 1187 1422 celebri
1205 1371 1368 1426 constructis
1388 1373 1531 1443 ,crpsnis‘

169 1460 394 1531 mstlremstieis),
409 1459 468 1529 jum
485 1456 592 1513 medice
609 1459 638 1512 et
655 1453 778 1524 chymicc
795 1450 1033 1524 Merciburpensi
1053 1453 1165 1510 miseret
1183 1454 1375 1514 Celenderium
1399 1474 1480 1518 suum
1503 1461 1532 1518 iu

171 1565 276 1606 aunum
293 1548 372 1606 1599.
409 1547 470 1604 Νοι
483 1559 544 1601 esse
561 1547 660 1610 tutum,
678 1538 822 1609 respondit
839 1538 982 1596 Humelius
994 1543 1076 1607 (Oct),
1096 1539 1120 1596 si
1138 1541 1275 1613 Keplcrus
1292 1545 1468 1613 particularis
1485 1562 1533 1604 ex·

169 1641 233 1694 sete
251 1637 366 1700 noverit,
383 1634 419 1690 de
435 1633 477 1694 iis,
489 1631 623 1702 scribere,
643 1644 706 1687 curu
724 1640 780 1682 uon
797 1627 919 1698 ignoret,
942 1627 1143 1698 praedictiones
1161 1628 1318 1700 iupusmodi
1338 1633 1456 1705 pessime
1474 1651 1532 1693 ces·

169 1725 241 1782 sisse
259 1731 287 1781 et
304 1723 398 1780 multis
416 1719 562 1790 setrulcpis
581 1718 665 1774 exitio
684 1715 779 1775 fuisse.
808 1714 909 1773 Videre
927 1729 967 1784 se,
984 1714 1012 1771 in
1030 1716 1165 1771 entrrstis
1182 1718 1351 1775 themctibus
1368 1728 1533 1792 perpetuum

170 1829 234 1873 csse
252 1821 390 1871 ostrurum
409 1825 574 1868 consensum
596 1808 669 1864 circs
692 1804 800 1875 signum
817 1801 919 1860 Leonis
921 1842 1013 1864 .....
1048 1803 1143 1860 ιιιιιιι
1162 1819 1206 1874 se,
1228 1806 1303 1875 quod
1321 1805 1390 1864 sdec
1408 1808 1534 1880 insurget

169 1903 198 1960 in
217 1902 370 1959 docminom
388 1899 518 1967 Arsbum,
535 1889 698 1969 praesertim
715 1893 744 1948 iu
762 1891 858 1948 dumos
875 1892 1058 1962 plouetsrum,
1092 1893 1165 1949 Esse
1187 1894 1258 1950 euim
1276 1893 1428 1952 doctricem
1446 1905 1534 1956 sstrc·

169 1989 305 2048 numeru
325 2004 342 2044 s
359 1987 455 2058 primis
472 1985 596 2057 putribus
615 1981 694 2053 qussi
710 1994 763 2052 per
778 1993 875 2036 msuus
892 1979 1011 2050 posteris
1029 1979 1174 2049 troditem,
1196 1998 1248 2039 nec
1266 1999 1297 2040 se
1313 1983 1451 2055 dubitare,
1477 1987 1534 2044 No·

168 2079 245 2148 ism,
263 2075 394 2148 depetum
407 2080 436 2130 et
447 2074 557 2130 Seruum
570 2085 630 2126 eom
643 2067 823 2139 descripsisse
823 2105 919 2125 .....
953 2069 1012 2124 Ιιιι
1027 2073 1119 2141 tuum,
1137 2070 1235 2141 pergit,
1254 2071 1283 2128 in
1300 2072 1460 2131 Bchemism
1477 2075 1533 2134 dis·

140 2225 143 2232 ,
170 2165 286 2223 suudeu.
324 2163 354 2220 Si
370 2163 527 2218 innotesces
545 2157 713 2229 imperotori,
731 2160 763 2212 ut
781 2161 812 2212 ιι
831 2154 962 2212 ιιιοιιιο
980 2163 1102 2230 sperius,
1120 2173 1219 2228 posses
1235 2159 1285 2216 ιιι
1302 2162 1403 2219 melum
1421 2161 1533 2235 uliquud

170 2251 333 2308 conciliare:
351 2248 434 2306 mede
451 2247 526 2319 mihi,
544 2246 616 2303 bene
631 2245 680 2316 qui
698 2245 787 2315 istuis,
808 2246 878 2302 bene
896 2243 974 2301 vixit.
1003 2245 1152 2304 Prseteres
1171 2246 1292 2319 hospitis
1309 2253 1338 2306 et
1355 2251 1416 2308 viee
1433 2269 1452 2310 s
1468 2269 1533 2312 euu-

169 2339 282 2411 toploue
298 2355 353 2394 uon
372 2343 437 2394 suut
456 2343 530 2406 tuts3
549 2333 651 2390 rectius
668 2333 762 2405 itsque
777 2333 886 2390 (irsscii
899 2331 1044 2390 delitesces
1045 2373 1138 2392 .....
1163 2334 1243 2406 Quod
1254 2335 1340 2394 iulers
1353 2337 1388 2394 de
1401 2339 1533 2416 Turturis,
1635 2353 1642 2360 ·

168 2441 255 2497 quere
272 2441 328 2484 non
346 2425 430 2482 iidem
449 2422 522 2480 ducti
540 2421 671 2489 eoudsut‚
696 2437 759 2478 cum
783 2421 857 2479 idem
879 2419 1022 2478 nobiscum
1039 2420 1161 2478 hebesut
1181 2423 1305 2480 coelum:
1330 2423 1402 2482 ludis
1425 2428 1533 2500 upinc'r,

169 2520 234 2569 sunt
252 2511 326 2568 enim
350 2517 379 2567 et
400 2511 474 2566 iuter
495 2499 572 2580 ipsus
590 2507 701 2580 plurimi
718 2509 866 2580 ingeniosi,
890 2507 1056 2582 prudentes,
1074 2507 1140 2568 licet
1155 2509 1283 2580 ignorent
1300 2513 1454 2582 cetegorics
1471 2515 1534 2574 Ari·

169 2599 289 2658 rtutclis.

273 2685 411 2757 Keplerus
435 2683 502 2740 odiit
524 2683 557 2740 L.
575 2683 710 2740 Bsruuem
732 2681 928 2740 Hoitmsnn
946 2682 1126 2754 (clusinis),
1150 2689 1247 2754 petens
1270 2689 1302 2741 ut
1323 2699 1355 2742 se
1373 2686 1532 2759 imperatori

169 2775 213 2844 rel
230 2775 357 2848 Tychcni
375 2771 556 2830 commendet.
587 2771 718 2830 Obscuris
736 2771 808 2828 euim
827 2771 916 2829 serbis
934 2769 979 2827 hic
997 2771 1042 2829 13.
1054 2770 1121 2827 Dec.
1141 2771 1263 2842 scripsit:
1284 2773 1373 2844 ,quud
1386 2775 1436 2830 tibi
1449 2778 1532 2847 greti·

169 2861 462 2920 lico'udioccosicnem
479 2857 609 2930 praebes,
629 2859 756 2930 equidem
772 2859 878 2929 ucudcc
897 2864 925 2915 et
944 2859 1074 2929 gratulor.
1111 2856 1181 2913 Mihi
1198 2857 1321 2930 quidem,
1346 2861 1391 2917 cui
1408 2863 1532 2922 occidere

169 2951 235 3006 uiuit
253 2953 346 3020 potest
364 2947 483 3018 gratius,
507 2962 588 3017 qusm
608 2946 631 3003 si
649 2947 690 3002 tui
708 2947 843 3004 similibus
866 2945 1104 3018 prsecleriesimse
1126 2944 1210 3014 hujus
1233 2945 1365 3004 scientise
1382 2948 1532 3009 luminibus

171 3037 275 3109 aliquid
292 3036 418 3094 conterre
435 3049 557 3106 possum,
575 3035 650 3105 qued
667 3039 812 3107 suceptum
831 3036 875 3104 sit,
893 3035 943 3092 ribi
961 3049 1034 3103 reru,
1053 3032 1128 3103 quud
1145 3032 1247 3104 ingenii
1264 3039 1293 3089 ct
1311 3035 1451 3094 dectriuse
1469 3053 1532 3109 spe·

169 3128 257 3184 cimcn
275 3127 338 3183 lori
357 3124 535 3183 destinaveris
553 3130 582 3180 et
598 3121 736 3179 Mercurio
760 3123 843 3193 plone
866 3122 1002 3179 cummuni
1026 3122 1144 3178 numine.
1180 3121 1259 3182 Illius
1282 3123 1391 3194 quidem
1409 3128 1461 3182 sub
1478 3124 1531 3183 iul·

170 3215 241 3271 mine
258 3213 365 3285 disque
381 3219 411 3269 et
427 3227 549 3269 mserum
565 3210 709 3268 iturorum
727 3210 891 3268 dulcedenis
909 3225 971 3267 esse
988 3217 1016 3266 te
1034 3209 1116 3265 selim
1133 3209 1218 3280 scire,
1237 3211 1271 3266 de
1286 3211 1401 3268 ulterius
1411 3228 1531 3284 propen-

173 3303 249 3360 sione
266 3303 465 3374 experientism
483 3301 635 3372 incepimus
654 3297 745 3354 iecere
763 3297 837 3355 houd
855 3297 1028 3356 mediocrem.
1063 3298 1108 3357 Ad
1125 3303 1250 3368 austrum
1271 3312 1337 3356 sero
1361 3304 1390 3354 et
1407 3301 1532 3358 subscis-

174 3405 246 3461 num,
264 3389 303 3444 mi
320 3385 429 3446 domiue
447 3389 575 3460 Keplere,
593 3386 656 3442 uelo
672 3386 754 3444 etiem
771 3385 838 3442 mihi
857 3401 892 3442 ex
911 3385 1044 3443 Bohemis
1061 3384 1151 3442 sdhuc
1172 3386 1277 3444 desunt
1314 3387 1392 3459 Ques
1409 3389 1434 3445 si
1450 3405 1532 3447 rene·

170 3477 233 3544 rint,
251 3483 284 3534 ut
301 3491 336 3533 es
352 3475 512 3548 propediem
530 3480 736 3546 exspectemus,
761 3479 790 3530 et
804 3472 938 3545 temperis
958 3481 987 3532 et
1002 3473 1057 3531 leci
1074 3475 1209 3532 rodonem
1226 3475 1277 3532 tibi
1295 3490 1463 3547 exponemus
1482 3493 1531 3552 op·

171 3566 315 3636 remo-⁸

272 3651 420 3708 icouuis
438 3651 537 3723 Pspii
561 3655 618 3707 tres
640 3653 789 3720 supersunt
813 3647 961 3722 epistulse,
984 3647 1066 3706 dstse
1087 3646 1143 3706 ιιι
1160 3665 1238 3732 snse-
1252 3649 1370 3710 Oueldio
1390 3655 1530 3714 mensibus

169 3740 267 3813 Juniu,
286 3741 414 3809 Aumrsto
432 3747 461 3795 et
479 3738 604 3809 Octobri,
627 3736 657 3792 in
674 3751 789 3808 querum
806 3735 898 3808 priore
915 3735 950 3793 de
972 3737 1133 3794 munemisso
1151 3739 1331 3811 Prognostico
1349 3741 1429 3799 dicit:
1455 3743 1531 3817 „ple-

171 3833 213 3884 eet
239 3825 363 3884 studium
387 3827 416 3882 iu
441 3825 630 3883 emendatione
654 3824 879 3896 ssmcloplcerum
904 3825 1137 3899 praedictionum,
1171 3827 1275 3898 ingenii
1303 3829 1439 3888 subtiliter
1466 3847 1529 3903 per·

172 3915 272 3987 pmcet
309 3914 417 3985 tityrise
435 3920 536 3970 stotum
554 3927 649 3970 omues
663 3913 729 3970 boui
747 3909 900 3983 deplorent.
929 3911 1054 3970 Fuerunt
1065 3929 1155 3986 nuper
1171 3915 1276 3986 uliquet
1293 3925 1443 3976 conventus
1455 3919 1530 3990 priu-

171 4003 260 4072 cipnm
277 4000 461 4070 Frsncoiurti,
479 4001 668 4072 Mspdeburgi,
688 3999 861 4068 cominges,
879 3997 978 4069 quibus
991 4014 1041 4070 epu
1054 4017 1116 4057 cum
1127 4001 1307 4060 serenissimo
1319 4019 1380 4062 mec
1392 4005 1528 4062 interlui*

170 4091 194 4146 Ε
211 4089 335 4148 mdo
359 4089 428 4145 hoec
452 4089 652 4160 excerpsimus:
679 4087 831 4156 ,Acerbum
848 4085 916 4142 milri
940 4086 1061 4144 dolorem
1078 4097 1224 4147 moverunt
1244 4097 1310 4148 tuse
1327 4091 1438 4160 literee,
1463 4090 1528 4149 dum

170 4177 358 4250 muniturum
379 4177 563 4234 tristissimum
586 4175 719 4233 ccclesiae
741 4182 770 4233 et
794 4174 907 4232 schulse
928 4180 1035 4233 essuos
1059 4183 1160 4235 siclum
1164 4219 1257 4236 .....
1302 4179 1383 4251 Quod
1400 4179 1440 4234 ite
1456 4179 1528 4236 bene

168 4267 286 4325 colloces
304 4267 359 4323 lruc
371 4265 455 4322 udum
466 4272 544 4323 tuum
561 4265 589 4321 in
601 4263 759 4322 mechcmco
770 4263 971 4334 mcrhemoticc,
989 4281 1047 4324 rem
1064 4266 1188 4338 prolecto
1200 4273 1229 4324 te
1242 4267 1428 4338 dignissimum
1449 4267 1528 4340 iscis,

170 4368 218 4413 uec
240 4353 353 4427 petroni
380 4354 496 4411 deerunt
517 4353 619 4425 ingenii
640 4365 788 4426 progressu
811 4353 951 4424 temperis.
1001 4353 1030 4412 si
1054 4355 1149 4426 Tychu
1174 4355 1298 4412 Brsieus
1322 4355 1351 4410 iu
1373 4353 1438 4412 suls
1462 4355 1528 4413 Gee-

170 4443 237 4500 sorio
253 4457 302 4500 res
318 4456 385 4499 sose
404 4441 555 4498 constituet
571 4447 659 4512 tuque
676 4440 712 4498 od
730 4455 793 4496 eun
811 4440 953 4512 scripseris
965 4441 1090 4512 Prsgsm,
1109 4457 1242 4500 summum
1260 4443 1285 4499 ei
1304 4441 1468 4500 desiderium
1486 4445 1528 4502 tut

168 4532 296 4602 injicies.⁸
333 4529 366 4586 In
384 4527 474 4586 literis
492 4527 668 4585 dedidit.
686 4527 746 4586 Oct
765 4527 894 4599 legimus:
924 4527 1062 4596 ,Tomemi
1079 4529 1175 4587 literae
1197 4535 1262 4585 tuuc
1279 4529 1369 4586 tristis
1386 4530 1526 4605 nuncient,

169 4627 259 4690 mstoe
280 4619 350 4676 miii
370 4624 464 4675 temen
488 4623 560 4673 sunt.
572 4657 580 4676 .
593 4658 600 4672 .
614 4655 641 4673 ..
675 4617 839 4675 Rectissime
861 4618 981 4689 loceres,
1005 4618 1029 4673 si
1055 4618 1089 4674 de
1112 4617 1255 4675 occasione
1277 4617 1443 4689 inquireres,
1470 4636 1526 4692 qus

169 4709 324 4782 Tpcicnem
341 4707 451 4779 Propoe
473 4704 618 4763 couecuirs
639 4719 749 4777 posses,
772 4711 822 4763 out
839 4705 863 4764 si
880 4721 931 4777 per
952 4707 1055 4764 emices
1078 4706 1166 4763 selum
1188 4706 1294 4764 ibitur
1317 4707 1420 4781 scripu
1441 4715 1525 4782 etque
1546 4723 1549 4734 ·

166 4796 255 4860 litus
273 4796 404 4856 exlu'derl
421 4809 536 4852 sorores
553 4801 581 4850 et
597 4795 674 4866 prius
692 4793 838 4868 ollpuoties
854 4795 943 4858 literis
960 4811 1021 4856 cum
1038 4794 1087 4856 illu
1104 4793 1245 4858 conferres
1269 4795 1351 4882 elque
1367 4795 1525 4870 ismdiirior

165 4889 249 4965 tuso,
266 4903 353 4966 quem
369 4901 436 4946 euru
453 4881 627 4946 ssooedeout·¹
1028 4897 1031 4908 ·
