3624 5554
487 415 666 514 Bummsrium
682 413 819 476 iiistcrlss
837 415 1026 476 oeconomus
1043 416 1136 476 tetulo
1154 413 1228 475 ΧΠ.
1467 413 1530 491 665

271 593 410 666 Denique
427 595 500 652 iuter
515 595 602 652 libros
619 595 668 652 ills
685 599 774 652 setsto
793 593 881 652 editos
898 564 1005 652 nulium
1024 594 1248 666 deprehenderis,
1273 611 1327 668 quo
1345 601 1485 655 auctorem
1501 599 1531 656 id

169 687 314 752 spectasse
340 691 492 755 sppsrest,
516 690 548 740 ut
564 683 679 756 physice
701 689 750 739 snt
767 697 849 738 unum
867 681 1014 741 alteramve
1031 697 1124 738 eorum
1147 689 1252 755 partem
1274 684 1303 741 in
1321 685 1387 742 ertia
1406 693 1433 742 et
1451 686 1530 744 disci·
1636 666 1640 686 ⁵

170 771 262 844 plinse
280 771 402 830 iermem
420 770 566 843 redigeret.
599 773 676 829 Trite
693 772 738 829 ria
754 771 857 842 primus
875 770 1008 828 decedere
1026 787 1110 828 susus
1128 777 1170 828 est
1187 779 1216 829 et
1227 777 1323 830 auctor
1340 779 1415 830 certe
1427 775 1532 833 exstitit

174 865 289 916 ustnrse
301 859 421 916 redonis
434 861 517 916 rebus
534 875 587 916 usu
600 859 716 930 cognitis
727 857 877 916 drmandse
894 858 1075 928 philosophus
1087 859 1233 916 Frsncis
1242 875 1300 916 eus
1318 861 1409 917 Bsco
1428 863 1529 920 Veru-

173 947 294 1014 lsmus,
312 947 361 1018 qui
380 948 504 1018 quemvis
521 947 610 1004 miuus
628 947 748 1004 imbutus
766 946 965 1002 mathematicis
983 945 1104 1003 scientiis
1122 947 1279 1016 (lioperniei
1296 965 1367 1018 opus
1384 949 1530 1006 revolutio·

175 1051 239 1092 num
256 1041 352 1091 meme
369 1025 426 1090 non'
443 1035 662 1104 comprehendit,
689 1049 774 1106 qusre
791 1032 939 1089 Ptolemaei
962 1033 1061 1088 rstioni
1084 1031 1265 1104 edisserebat)
1287 1051 1344 1091 rem
1369 1053 1420 1093 sen
1437 1037 1527 1107 tetigit

176 1121 280 1192 timens,
297 1128 471 1178 uuonomos
488 1123 544 1180 hnc
561 1138 650 1191 usqne
667 1121 785 1178 motibus
803 1127 908 1177 uotum
926 1137 1070 1194 corporum
1082 1123 1242 1181 coelestium
1259 1124 1423 1194 invigilssse,
1442 1125 1529 1196 philo·

179 1211 281 1281 sophos
300 1226 366 1266 vero
384 1217 507 1268 motuum
525 1212 621 1267 horum
639 1223 735 1266 csusss
753 1209 942 1279 inquisivisse,
967 1217 1111 1281 utrumque
1128 1212 1283 1282 neglexisse
1301 1213 1413 1271 alterius
1432 1213 1531 1272 studio.

178 1301 258 1356 nmo
275 1298 373 1356 isissm
390 1299 524 1356 rodonem
542 1299 721 1356 deserendam
739 1298 846 1368 suadet,
866 1299 947 1356 unius
965 1306 994 1356 et
1005 1298 1128 1368 ejusdem
1146 1314 1208 1356 esse
1221 1299 1425 1358 observationes
1444 1309 1473 1357 et
1489 1303 1531 1360 in-

178 1385 339 1456 quisitiones
364 1401 507 1443 musarum
532 1393 662 1444 motuum.
700 1387 804 1444 hisdem
821 1387 928 1444 ratione
952 1385 1096 1444 trectsnda
1114 1401 1176 1442 esee
1194 1394 1287 1443 censet
1312 1387 1367 1443 siis
1391 1389 1532 1446 doctrines

179 1487 296 1542 genere,
314 1473 457 1528 historiam
475 1475 639 1540 naturslem,
662 1475 803 1545 physicum
821 1482 873 1530 etc.
892 1505 924 1516 -
943 1474 1066 1530 Eandem
1084 1475 1155 1530 dam
1173 1473 1312 1545 ingressus
1330 1481 1373 1531 est
1389 1475 1531 1547 popularis
1557 1467 1565 1486 ⁸

180 1561 307 1626 Bsconis,
326 1561 539 1619 Guilielmus
558 1561 746 1618 Giibertns
765 1563 819 1630 (etr.
837 1567 888 1618 vol.
907 1567 928 1618 1.
945 1581 972 1632 p.
993 1565 1067 1634 tos),
1094 1564 1142 1632 qui
1166 1563 1194 1618 iu
1214 1579 1297 1633 opere
1315 1579 1365 1620 sno
1386 1564 1436 1630 ,de
1452 1565 1531 1635 hisg-

178 1653 257 1706 uets‘
277 1655 402 1710 usturam
414 1651 547 1721 msguetis
560 1666 614 1722 qus
626 1651 716 1720 potuit
734 1647 881 1721 diligentis,
900 1665 1031 1707 revocans
1056 1665 1163 1720 semper
1181 1650 1216 1706 sd
1235 1651 1427 1721 experimento,
1446 1652 1532 1722 expli·

178 1753 239 1794 esre
258 1737 361 1796 studet.
390 1737 504 1794 Nullum
522 1737 663 1794 contendit
680 1753 780 1808 eorpus
798 1739 867 1794 sdeo
879 1737 967 1794 simile
984 1751 1045 1792 esse
1058 1738 1159 1793 Temno
1176 1753 1257 1809 quam
1275 1744 1437 1808 magnetem,
1455 1739 1531 1796 iiiam

178 1826 256 1894 qussi
274 1841 402 1894 magnum
421 1831 574 1895 magnetem
598 1825 702 1884 dicens.
739 1825 807 1881 Axis
825 1824 943 1880 Telluris
962 1826 1130 1896 mugnetieus
1148 1825 1332 1895 aprimordiis
1349 1826 1444 1882 mundi
1462 1842 1532 1883 sem·

180 1929 228 1984 per
245 1913 413 1970 invariabilis
432 1918 582 1983 permanet,
602 1927 674 1979 „non
692 1913 763 1984 enim
782 1913 841 1969 sine
852 1912 1007 1968 rmtissims
1019 1921 1143 1969 terrenae
1156 1913 1235 1969 molis
1248 1913 1421 1970 demolitione
1437 1913 1533 1969 immu-

178 2000 229 2058 tsri
248 2001 391 2057 netnrsles
408 2001 517 2056 termini
534 1999 614 2072 (poli,
633 2000 780 2070 sequetur)
804 2004 948 2071 possuntt.
986 2000 1073 2058 Globo
1097 2015 1162 2056 vero
1188 2002 1311 2058 terrestri
1336 2001 1403 2058 dicit
1424 2001 1534 2058 insitum

178 2103 237 2146 esse
255 2097 284 2144 et
296 2087 449 2145 ustursiam
461 2095 564 2144 motum
577 2089 649 2144 circa
666 2088 824 2154 huncario,
844 2087 919 2153 ,sine
936 2087 1008 2143 mulo
1027 2087 1118 2158 aliquo
1137 2093 1185 2144 aut
1196 2088 1319 2158 periculo
1334 2087 1456 2158 volvitur,
1475 2088 1534 2145 siue

177 2185 259 2248 rsptu
277 2177 461 2248 progreditur,
480 2175 547 2232 nihil
565 2176 700 2244 estquod
718 2174 853 2244 renititur,
871 2175 940 2230 nihil
958 2176 1031 2246 quod
1045 2176 1167 2234 cedendo
1183 2177 1252 2232 riam
1266 2177 1321 2233 det.
1348 2177 1454 2233 listune
1465 2192 1534 2233 sem·

176 2281 225 2336 per
241 2268 301 2337 sgit
317 2282 368 2336 per
385 2266 517 2336 pensiore
534 2265 619 2335 megia
639 2279 721 2333 quam
739 2262 834 2334 plere,
859 2272 943 2333 utque
967 2267 1052 2334 msgb
1076 2265 1175 2321 rationi
1201 2269 1426 2333 consentaneum,
1449 2281 1533 2320 unum

177 2357 307 2426 exiguum
326 2371 426 2424 eorpus
445 2353 563 2410 Telluris
587 2351 713 2408 diurnum
738 2351 936 2408 revolutionem
953 2353 1045 2410 iecere
1062 2353 1168 2421 potius,
1195 2365 1275 2422 quem
1298 2352 1429 2408 mundum
1445 2360 1534 2411 totum

176 2440 351 2502 mcumierri.
386 2441 564 2510 Reliquorum
581 2441 683 2496 Terree
702 2445 823 2496 motuum
840 2441 960 2496 rosiones
978 2447 1132 2510 prsetereo,
1149 2441 1207 2509 jam
1225 2442 1296 2498 enim
1314 2441 1405 2511 egitur
1426 2447 1534 2498 tentum

178 2529 343 2598 dedimus,
368 2545 423 2598 qno
447 2527 481 2583 sd
501 2528 591 2584 Solem
614 2527 764 2584 resoluitur
787 2534 815 2581 et
832 2528 986 2584 naturalem
1005 2527 1076 2583 diem
1095 2527 1206 2584 eflicit!⁴
1242 2529 1441 2584 Demonstrsns
1459 2528 1533 2586 huuc

176 2623 278 2672 motum
297 2616 438 2686 Giibertns
456 2618 540 2673 serbo
558 2613 673 2685 attingit
693 2614 766 2683 qnod
791 2613 886 2684 objicit
908 2615 1045 2671 Bruheus:
1070 2615 1190 2686 lapidem
1208 2614 1314 2671 sturni
1339 2615 1487 2671 demissum
1506 2623 1535 2672 et

175 2703 285 2774 globum
304 2703 508 2761 bombsrdicum
526 2719 621 2759 versus
639 2703 744 2757 Eurum
761 2700 805 2756 vel
822 2702 957 2759 oceasum
975 2703 1111 2760 emissum.
1148 2703 1244 2773 Decipi
1269 2701 1349 2768 dicit,
1375 2703 1422 2772 qni
1440 2703 1534 2772 hujus·

174 2791 246 2847 modi
264 2799 427 2860 arguments
445 2790 594 2862 proferent,
615 2805 671 2844 nen
689 2789 945 2860 auimsdrertentes‚
966 2791 1095 2857 ,Turrem
1113 2791 1210 2847 diurne
1221 2790 1392 2847 revolutione
1411 2806 1465 2846 uon
1478 2807 1534 2846 mo·

175 2879 230 2934 reri
248 2881 423 2948 separatione
443 2879 579 2937 solidioris
601 2877 837 2934 circumferendus
860 2879 920 2948 ejus
937 2893 955 2933 a
972 2877 1144 2934 circumfusis
1161 2877 1335 2948 corporibus,
1355 2879 1404 2934 sed
1422 2878 1534 2934 circum·

175 2966 237 3022 iuss
255 2966 368 3023 eiduris
385 2968 476 3022 omnis
493 2973 521 3022 et
538 2967 566 3022 iu
584 2967 638 3022 iilis
656 2966 759 3036 gravia
780 2965 975 3036 quovismodo
993 2965 1019 3020 vi
1038 2965 1128 3035 pulsu,
1147 2965 1227 3020 simul
1245 2973 1306 3020 cum
1325 2965 1434 3022 'ieliure
1453 2981 1534 3037 geue·

175 3056 225 3110 rsii
242 3055 420 3112 cobserentis
446 3055 618 3111 nniiormiter
639 3055 815 3125 procedere“.
850 3053 982 3110 Pienetas
1006 3054 1079 3108 circs
1097 3053 1187 3109 Solem
1210 3053 1313 3109 moveri
1337 3053 1455 3108 sdstruit
1483 3069 1533 3122 ,ex

175 3143 320 3212 Gopernici
339 3141 564 3213 hypothesibusi,
582 3143 695 3198 Turrem
713 3141 784 3212 365}
804 3140 1028 3196 conversionibus
1052 3157 1173 3196 anuum
1199 3157 1307 3197 cursum
1331 3141 1473 3196 absolvere
1490 3141 1535 3197 iti·

175 3229 235 3284 dem
254 3229 290 3284 ud
309 3239 427 3286 mentem
440 3231 585 3300 Copernlci
602 3230 728 3300 affirmet,
747 3242 837 3300 neque
855 3243 921 3296 sero
938 3229 1052 3298 propius
1069 3243 1127 3284 rem
1140 3227 1205 3288 edit,
1223 3244 1307 3299 quere
1321 3227 1457 3298 Koplenm
1469 3245 1534 3285 vere

175 3316 240 3372 dicit
258 3319 319 3380 (vol
337 3321 382 3372 Ill.
400 3335 428 3385 p.
447 3319 518 3384 tlt),
540 3318 693 3374 Giibertum
711 3317 746 3373 de
763 3331 855 3374 unuuo
874 3315 976 3370 Terrae
994 3321 1070 3371 motu
1087 3315 1256 3385 suspendere
1273 3315 1443 3384 sententium,
1462 3315 1533 3371 iorte

175 3405 237 3472 quia
255 3409 428 3460 mmonomus
447 3420 501 3460 non
520 3404 611 3463 inerit.
643 3405 706 3475 ipse
726 3404 865 3461 Giibertns
883 3403 911 3457 in
930 3402 999 3458 libro
1012 3403 1182 3472 (posthumo)
1204 3405 1261 3469 ,De
1272 3403 1373 3458 mundo
1391 3403 1533 3459 sublunari

173 3491 349 3562 philosophia
372 3497 459 3548 ιιονα1
485 3495 538 3556 (etr.
558 3495 607 3553 voi.
626 3498 658 3548 11.
677 3511 703 3561 p.
725 3498 766 3554 it)
791 3493 863 3547 iuter
889 3491 1128 3555 „mathematicos“
1152 3505 1182 3546 se
1206 3509 1260 3549 non
1285 3490 1388 3549 referre
1414 3491 1531 3562 videtur,

175 3581 282 3638 dicens:
308 3581 426 3637 maximo
450 3581 553 3636 honore
576 3579 652 3651 digni
669 3579 820 3636 doctissimi
838 3578 878 3633 ilii
896 3586 924 3634 et
946 3577 1091 3649 laboriosi,
1117 3580 1163 3649 qni
1181 3579 1354 3649 apperentiss
1379 3579 1532 3650 observare,

174 3677 265 3724 motus
283 3683 444 3726 mensurare
469 3675 610 3738 sategunt,
635 3685 730 3726 cursus
749 3667 886 3736 indicere,
912 3667 1038 3738 syzygias
1061 3666 1220 3736 ostendere,
1246 3667 1415 3736 geometricis
1434 3667 1486 3724 slis
1504 3669 1533 3725 in

176 3756 284 3812 eoelnm
302 3755 452 3812 escendere
464 3757 641 3828 contendunt,
660 3757 766 3814 etiemsi
778 3755 858 3812 seriis
871 3753 912 3809 illi
923 3761 1038 3811 utuntur
1049 3755 1189 3826 principiis
1203 3761 1231 3812 et
1244 3756 1428 3812 fundamentis
1440 3756 1533 3814 seriis·

176 3859 227 3912 qne
254 3841 463 3914 hypothesibus.
498 3843 556 3898 Nos
574 3861 637 3900 vero
655 3846 690 3902 de
708 3853 807 3902 nutum
824 3847 895 3903 eceli
912 3854 940 3902 et
958 3847 1128 3916 superiorum
1153 3865 1297 3919 corporum
1316 3849 1414 3904 dicturi
1431 3861 1532 3914 sumus,

175 3947 227 3986 nos
244 3931 283 3986 ita
301 3937 392 3988 mmeu
411 3932 478 4000 quin
495 3931 583 3988 honos
598 3933 691 4001 justus
708 3941 819 3990 manem
843 3934 1058 3990 mathematicos.
1090 3935 1207 4004 Propius
1225 3935 1330 3990 secedit
1350 3934 1486 3989 Giibertns
1504 3933 1532 3986 in

175 4019 227 4074 hoc
250 4019 320 4075 hbro
339 4019 375 4074 ud
396 4020 557 4075 sententium
577 4019 734 4090 Ceperuici,
752 4027 854 4076 motum
873 4036 982 4090 quoque
1007 4037 1127 4077 aunuum
1149 4022 1250 4076 Terrae
1273 4021 1363 4091 palam
1388 4019 1532 4088 accipiens.

142 4136 145 4145 ·
176 4106 288 4176 Scopius
304 4106 407 4164 ibidem
429 4105 514 4162 refert
530 4107 632 4178 placita
648 4107 795 4163 Jordsni
813 4109 932 4177 Brnni,
955 4107 1069 4164 infelicis
1086 4107 1160 4165 iliius
1186 4107 1343 4177 philosophi
1360 4105 1531 4172 Nolsneusis,
1604 4171 1612 4186 .

177 4195 220 4262 qui
236 4209 308 4252 suno
327 4196 408 4252 16⁰0.
427 4194 532 4250 Romus
554 4195 712 4250 combustus
730 4202 782 4250 est

274 4281 429 4340 liberioris
446 4278 543 4350 iudicii
560 4281 647 4335 virum
665 4299 747 4351 qusm
766 4297 861 4339 omues
879 4299 948 4352 quos
966 4283 994 4340 iu
1011 4283 1169 4355 preemissis
1180 4267 1312 4338 diximus
1336 4279 1484 4336 astronomi
1502 4295 1532 4336 se

176 4369 296 4438 prsebnit
312 4367 502 4440 philosophus
519 4366 566 4423 hic
583 4368 785 4432 celeberrimus,
805 4371 883 4439 cujus
901 4371 936 4426 de
951 4373 1108 4436 ‚uniuersot
1129 4371 1290 4427 seutentiam
1303 4369 1397 4438 psucis
1409 4367 1532 4424 exhrbui·

173 4474 229 4516 mus
245 4459 299 4518 sol.
318 4457 359 4514 11.
380 4473 410 4527 p.
430 4455 492 4512 568.
528 4455 572 4510 iix
590 4462 716 4526 poemste
739 4457 787 4514 iilo
810 4457 1001 4528 philosophico
1022 4461 1083 4526 „De
1102 4459 1264 4516 Mensis·
1284 4465 1335 4512 etc.
1358 4456 1411 4510 hos
1435 4469 1531 4515 sersus

172 4545 267 4606 ndum
284 4548 393 4619 planet,
413 4543 516 4612 quihus
535 4544 715 4615 (ioperuicum
733 4545 874 4614 prsediest
891 4546 1015 4602 Brunus:

419 4631 494 4688 Heio
512 4647 562 4702 ego
579 4639 606 4688 tc
622 4634 732 4704 oppcib
748 4633 906 4690 cmmoda
917 4635 1046 4704 praedite
1063 4640 1152 4690 mesto

417 4721 569 4792 Inpotens
585 4721 665 4792 apso
683 4721 793 4776 obsessi
809 4721 930 4790 Massia
947 4723 1012 4778 secli

419 4809 1159 4882 Noststs'pa'tstoocssosestssppressostrrpesti

420 4895 569 4957 umore
585 4899 741 4968 statem
758 4910 922 4971 generose
941 4895 1136 4968 Oopersice,
1155 4893 1251 4975 equa,
