3588 5540
827 420 906 479 reso.
1433 491 1435 496 ¹
1474 423 1541 496 919

286 595 423 668 Exempla
441 595 584 668 sportulae
602 595 729 655 distribui
745 597 818 654 inter
835 610 891 667 eos,
911 593 959 666 qni
975 599 1005 652 et
1018 595 1213 671 ,Rudoipbinas
1231 606 1404 672 acceperunt
1440 599 1496 658 Sed
1513 605 1543 658 et

184 683 326 740 dmentem
350 683 495 754 epistolam
514 683 589 756 dedi,
614 684 712 754 quibus
731 683 889 752 destinasti,
914 682 962 754 qni
979 683 1089 753 quidem
1106 685 1175 742 actis
1192 686 1286 756 gratiis
1312 686 1436 761 cliuoso
1452 693 1481 744 te
1498 701 1541 744 re·

184 771 370 917 sdutaugm
388 867 417 916 et
434 876 451 916 a
468 874 512 918 me
531 860 630 918 iterum
648 861 802 931 iterumque
826 865 856 917 et
871 859 941 931 reip.
964 857 1102 916 literariae
1125 860 1197 920 bono
1220 860 1372 920 diudsdme
1388 859 1541 935 prosperri-

183 947 409 1093 mequebviisleeusis
428 1035 561 1107 epistolae
579 1050 682 1108 quaeso
699 1035 743 1094 iac
761 1037 877 1094 habeam
895 1035 985 1094 adbuc
1002 1051 1087 1092 unam
1109 1041 1138 1093 et
1155 1035 1271 1094 altem
1294 1038 1463 1110 exemplum,
1487 1039 1541 1097 alsi

183 1129 275 1180 tamen
295 1138 310 1178 e
327 1130 449 1182 mercatu
467 1123 691 1182 Francolurtensi
710 1125 770 1194 ejus
788 1125 868 1196 copis
884 1125 942 1183 flet.
972 1121 1070 1180 Omnia
1086 1121 1198 1180 mirifice
1215 1124 1388 1196 placuerunt,
1405 1126 1540 1197 praelatio

183 1226 247 1267 reru
264 1227 349 1282 supra
365 1212 488 1281 modum,
506 1213 575 1270 adeo
594 1211 789 1282 circumspecte
806 1213 1000 1283 sapienterque
1016 1211 1181 1283 perscripta,
1200 1218 1233 1268 nt
1249 1229 1311 1270 cum
1327 1225 1422 1270 rerum
1438 1214 1542 1286 alioqui

182 1298 304 1442 ιοιιὲθιὲιέἑ
315 1313 487 1370 nequaquam
511 1297 679 1369 dissimules,
705 1301 840 1356 nemnem
862 1303 955 1356 tamen
972 1299 1001 1356 iu
1018 1299 1095 1356 buce
1119 1300 1286 1360 danastrum
1303 1301 1424 1373 partium
1441 1303 1540 1362 stadils

285 1472 371 1530 Scrib.
389 1473 500 1543 Argeut.
521 1473 548 1533 d.
569 1475 666 1546 tulta.
682 1473 776 1530 Martii
793 1474 859 1530 anni
877 1475 955 1534 1630.

286 1565 477 1644 Keplerus
500 1567 746 1646 Berncggero
768 1565 801 1628 S.
823 1565 858 1628 Ρ.
881 1567 921 1628 D.
958 1565 1128 1629 Clarissima
1150 1567 1205 1642 sir,
1228 1567 1389 1628 amicorum
1403 1584 1536 1631 meorum

144 1681 147 1689 ·
173 1671 269 1732 apex.
305 1653 416 1732 Recepi
439 1654 558 1716 tandem
581 1661 610 1715 et
631 1649 772 1731 generum
794 1654 1054 1732 filiamque-meam
1076 1661 1106 1716 et
1129 1661 1196 1716 tuas
1217 1654 1319 1716 literas
1341 1663 1372 1717 et
1393 1659 1484 1718 totius
1505 1659 1536 1717 in

184 1745 221 1803 iis
243 1758 371 1820 pompae
394 1745 530 1820 geminas
553 1745 712 1821 imaginem
735 1742 930 1818 luculentam,
955 1745 1083 1807 oratorio
1105 1742 1200 1822 stylo,
1224 1742 1305 1819 quod
1327 1743 1366 1804 ad
1388 1745 1538 1806 cumulum
1649 1797 1655 1806 ‚

183 1829 393 1890 beneficiorum
422 1829 551 1904 accedit,
579 1833 623 1891 sic
645 1829 837 1904 delineatam,
868 1837 901 1890 nt
928 1831 1050 1891 affectus
1072 1847 1155 1891 meos
1185 1830 1370 1892 cessantibus
1393 1831 1487 1893 oculis
1508 1835 1540 1892 in
1635 1853 1638 1862 ·

185 1935 247 1978 rem
269 1925 453 1994 praesentem
477 1917 644 1983 adduxeris.
674 1918 759 1978 Dixit
781 1917 902 1995 quidam
924 1917 1003 1996 apud
1026 1920 1180 1993 comlcum,
1203 1917 1365 1979 domestica
1378 1919 1460 1980 mala
1474 1937 1540 1982 esse

185 2006 301 2082 maj0ra
324 2006 469 2078 lacrumis,
494 2023 548 2084 ego
572 2006 696 2066 feliciori
718 2009 747 2064 in
770 2007 893 2066 materia
914 2006 1062 2080 imitabor,
1086 2013 1138 2066 tua
1152 2005 1295 2066 beneficia
1316 2009 1470 2084 superiora
1484 2025 1540 2086 ag·

184 2109 320 2168 noscens,
345 2111 433 2170 quarn
457 2099 490 2153 nt
512 2111 601 2172 super
622 2096 658 2155 iis
681 2109 717 2154 ex
740 2093 954 2170 dignitatesua
968 2110 1095 2170 meoque
1109 2093 1216 2154 aliectu
1237 2095 1349 2171 possim
1364 2095 1539 2156 exclamare.

183 2180 251 2241 Hoc
273 2180 370 2241 solum
394 2179 459 2242 dico
483 2181 635 2260 edicoque,
658 2197 705 2242 me
733 2197 830 2259 neque
853 2180 1017 2255 beneflciis,
1047 2197 1143 2258 neque
1175 2183 1308 2242 oratione
1337 2199 1438 2259 parem
1465 2200 1552 2259 esse,¹

184 2270 235 2346 qui
257 2276 355 2330 tecum
378 2276 496 2330 certem.
536 2268 624 2345 Quod
645 2278 788 2346 superest,
810 2267 884 2328 mibi
907 2268 984 2330 baec
1005 2271 1035 2328 iu
1058 2275 1209 2346 posterum
1232 2285 1302 2330 curs
1324 2270 1483 2346 incumbet,
1506 2277 1540 2331 ut

183 2365 213 2418 et
235 2373 313 2433 quae
335 2355 529 2417 commodasti
551 2356 726 2434 coniugibus
747 2357 842 2434 primo
865 2373 983 2433 quoque
998 2365 1129 2434 tempore
1143 2357 1306 2431 restituam,
1329 2363 1359 2418 et
1381 2357 1418 2418 de
1440 2357 1541 2435 aliqua

183 2446 283 2522 specie
304 2443 491 2519 gratitudinis
515 2447 642 2522 cogitem
664 2451 725 2504 taur
747 2447 779 2502 lu
801 2449 830 2506 te
844 2461 934 2521 quam
957 2447 987 2504 in
1010 2443 1127 2504 allincm
1143 2450 1234 2519 tuam,
1258 2443 1386 2522 danique
1400 2446 1430 2503 in
1446 2451 1540 2507 totam

184 2530 384 2608 academiam;
408 2533 531 2608 etquis
553 2535 669 2610 privato
693 2531 837 2594 beneficio
860 2530 979 2609 publice
1002 2549 1048 2592 me
1070 2534 1207 2593 mactasti
1236 2530 1356 2608 duxque
1378 2531 1449 2594 lacti
1470 2533 1541 2593 unta

183 2633 285 2680 versos
307 2621 337 2678 in
360 2626 450 2696 caput
471 2635 569 2680 meum
592 2622 745 2681 concitasti
767 2636 826 2681 non
850 2618 1094 2710 crqtinguendum
1117 2619 1170 2680 sed
1192 2618 1412 2696 honorandum,
1444 2620 1540 2684 veluti

182 2707 318 2766 tribunus
341 2723 377 2767 ex
400 2723 547 2784 areopago
570 2713 672 2768 auctor
693 2707 841 2784 plebisciti
863 2709 892 2765 in
915 2723 962 2768 me
986 2705 1281 2782 honorificentissimi,
1304 2707 1357 2766 tibi
1373 2709 1463 2768 ctiam
1478 2724 1539 2770 nou
1587 2719 1590 2722 ·

182 2795 323 2872 privatim
345 2801 479 2869 mutum,
511 2794 564 2855 scd
590 2794 708 2872 publice
737 2795 825 2856 etiarn
854 2796 965 2872 gratias
988 2811 1085 2872 agam.
1130 2793 1274 2870 Adeoque
1295 2795 1391 2872 prima
1412 2787 1487 2855 baec
1508 2796 1540 2854 in

183 2883 349 2960 proximum
373 2881 523 2942 octiduum
546 2889 647 2942 uosna
668 2882 717 2943 bic
740 2883 795 2944 erit
819 2881 1001 2955 deliberatio,
1024 2899 1101 2958 quae
1124 2885 1292 2943 neomaenia
1313 2897 1372 2940 uon
1395 2886 1490 2956 esset,
1513 2883 1540 2942 si

185 2967 432 3047 Gampidunensis
455 2971 623 3048 respublica
643 2969 734 3048 paulo
757 2969 948 3032 tolerabiliori
977 2969 1096 3030 lorinna
1127 2975 1257 3030 uteretur
1286 2985 1383 3045 ueqne
1410 2970 1442 3027 iu
1463 2970 1537 3030 nucis

183 3058 377 3134 pensionibus
399 3057 654 3135 repraesentandis
676 3056 874 3135 impediretur.
905 3057 981 3118 Nam
1006 3056 1086 3135 qnod
1099 3057 1203 3118 cadem
1217 3055 1416 3118 ntorlortuna
1430 3055 1536 3134 Lincil,

183 3145 248 3222 eins
270 3144 381 3205 doloris
403 3162 521 3205 sensum
544 3145 582 3206 ad
604 3152 635 3207 te
656 3147 809 3223 pervenire
831 3143 910 3206 uolo.

292 3231 468 3293 clarissimis
497 3236 567 3294 viris
589 3233 627 3292 D.
650 3234 689 3294 D.
718 3233 836 3295 Sebiuio
865 3231 1040 3311 promoturi,
1070 3231 1110 3293 D.
1132 3232 1170 3295 D.
1199 3229 1388 3293 Saltsmauno
1418 3231 1536 3308 privato

184 3321 344 3398 conjugum
365 3321 482 3397 patroni
505 3328 534 3382 et
557 3321 717 3383 consultori
741 3313 869 3398 optimo,
891 3320 929 3380 D:
953 3318 995 3378 M.
1018 3317 1160 3380 Malleolo
1182 3317 1391 3380 mathematico
1413 3319 1537 3397 ejusque

183 3410 277 3482 uxori,
300 3408 339 3470 D.
363 3409 402 3470 D.
425 3407 537 3469 Joanui
560 3408 695 3470 Schmidt
716 3407 868 3485 theologo,
891 3407 930 3466 D.
953 3406 993 3470 Dc
1016 3407 1064 3470 Jo.
1089 3407 1169 3468 lirld.
1185 3405 1319 3467 Schmidt
1340 3407 1448 3467 lauteri
1471 3423 1538 3469 mea

184 3495 327 3574 singulari
350 3494 558 3557 benevolentia
587 3499 722 3574 cognito,
752 3497 789 3556 D.
813 3496 853 3556 D.
881 3493 1015 3555 Bitscbio
1042 3497 1162 3571 rectori,
1192 3495 1231 3555 D.
1254 3494 1294 3556 D.
1316 3493 1537 3576 Lingelsbemio

183 3585 242 3644 mei
264 3583 491 3657 studiosissimo,
515 3590 545 3646 et
568 3584 674 3661 quibus
696 3600 765 3658 nou,
787 3583 944 3660 plurimum
966 3601 984 3642 a
1005 3599 1053 3642 me
1081 3582 1207 3644 salntem
1228 3581 1373 3648 adscribe.
1417 3581 1455 3643 Et
1474 3583 1538 3660 jam

183 3670 235 3731 ubl
256 3669 295 3732 ad
318 3687 439 3733 morem
462 3679 544 3732 tuam
566 3679 696 3748 rentum,
719 3673 747 3732 ei
769 3671 869 3733 lanata
891 3671 991 3732 omnia
1012 3670 1136 3747 ejusque
1159 3676 1189 3732 et
1202 3676 1273 3732 tuae
1295 3669 1406 3732 filiolae
1420 3669 1537 3732 smar-

184 3927 240 3963 cnm
258 3911 313 3964 iiiia
330 3913 453 3980 Kepplerl
470 3916 566 3978 notul,
585 3914 687 3964 dotibus
704 3913 783 3964 animi
801 3913 962 3978 corporisque
979 3925 1041 3964 sane
1058 3927 1135 3979 qnam
1152 3915 1317 3966 emadasima
1333 3914 1432 3976 virgins
1448 3914 1536 3962 tanm-

183 3999 232 4049 que
250 3989 324 4048 patre
342 3987 445 4035 omniuo
463 3984 552 4046 digna,
576 3984 722 4050 propediem
740 3985 782 4034 hic
800 3983 973 4036 celebrandas.
1007 3979 1064 4034 Etsl
1083 3988 1169 4036 summ
1186 3983 1227 4034 rel
1248 3985 1276 4034 in
1294 3985 1395 4034 nomine
1412 3981 1537 4048 Kspplsri

184 4057 247 4104 satis
264 4055 386 4119 ponderis
405 4054 492 4105 estad
511 4059 535 4104 te
553 4057 602 4106 huc
625 4054 834 4120 pertrahendum,
859 4055 900 4101 cni
922 4067 969 4104 nac
991 4054 1087 4116 gratius
1106 4058 1154 4112 (sat
1174 4055 1237 4114 scio)
1259 4069 1307 4104 nec
1330 4050 1536 4103 honorificentius

184 4123 295 4174 officinm
318 4123 399 4174 ullum
420 4130 547 4190 praestare
569 4130 656 4190 potas,
685 4127 784 4188 oportet
806 4129 891 4174 umen
913 4129 943 4172 nt
968 4123 1167 4190 superpondium
1188 4123 1294 4190 aliquod
1318 4122 1409 4173 addam
1434 4135 1536 4186 precum

183 4209 308 4258 mearum,
329 4197 433 4262 quibus,
451 4201 498 4244 aut
514 4197 673 4246 vehementer
689 4193 775 4256 ialior,
800 4195 848 4244 boc
866 4194 952 4260 dabla,
975 4201 1004 4244 nt
1022 4207 1054 4244 ne
1070 4194 1225 4260 reipublicae
1243 4196 1319 4258 hnic,
1335 4207 1366 4241 ue
1382 4191 1536 4258 academias,

183 4279 214 4314 ne
232 4266 296 4314 mihi
314 4265 423 4332 deniqne
441 4281 515 4327 nages
528 4267 765 4316 desideratissimum
777 4269 848 4314 tuum
861 4269 1031 4330 conspectum.
1067 4261 1157 4316 Audeo
1170 4267 1247 4315 etlam
1259 4277 1361 4328 sperare
1378 4275 1533 4312 summorum

183 4337 296 4385 virorum
314 4335 417 4386 Besoldl
440 4340 465 4386 at
483 4337 569 4385 Lausli
589 4337 768 4401 praesentiam.
804 4333 854 4386 Sed
872 4339 941 4384 tuam
958 4336 996 4386 ita
1013 4348 1101 4401 apere,
1127 4340 1156 4386 ut
1178 4333 1243 4385 ulbil
1259 4335 1395 4401 quicquam
1413 4331 1534 4384 dubitem.

185 4405 299 4470 Sponsus
318 4407 415 4467 rogavit
432 4411 477 4456 ant
493 4408 594 4468 rogabit
612 4411 677 4458 carte
696 4418 796 4454 carmen
814 4402 1002 4471 epithalamion,
1021 4406 1097 4471 quale
1115 4407 1138 4456 sl
1155 4405 1232 4455 etlam
1244 4418 1260 4453 a
1271 4403 1365 4454 Lauslo
1382 4403 1536 4468 impetraris,

183 4474 334 4526 beneficium
353 4475 550 4540 duplicaveris..
564 4511 592 4530 ..
627 4473 700 4529 Vale.
737 4475 839 4535 masat.
858 4477 883 4526 9.
901 4475 977 4529 Febr.
998 4477 1075 4528 1680.

288 4546 455 4598 Schicksrdus
477 4547 624 4597 invitationi
641 4559 693 4596 non
717 4546 862 4596 cusentum
880 4559 946 4609 sese,
972 4549 1079 4610 apparet
1103 4559 1135 4594 ex
1157 4543 1236 4594 literis
1254 4542 1281 4596 d.
1301 4544 1326 4592 1.
1344 4540 1423 4608 diali,
1442 4543 1537 4605 quibas

183 4619 265 4680 retest,
283 4631 311 4667 ss
328 4618 410 4666 ab-se
428 4622 617 4682 temporaque
638 4613 850 4681 ,epithalamioul‘
870 4617 978 4684 miserit,
1001 4617 1144 4667 universam
1162 4613 1214 4662 lars
1233 4613 1469 4674 Wdrttembsrgiam
1488 4614 1536 4663 ob·

183 4689 321 4753 unitatae,
339 4687 438 4736 scholas
455 4689 558 4737 rlsitars
572 4691 680 4750 jussum.
811 4699 816 4707 ·

289 4756 463 4818 Berueggerns
484 4759 560 4807 rsisrt
581 4756 618 4824 (ln
641 4755 722 4806 literis
744 4755 768 4806 d.
788 4757 831 4810 ts.
849 4753 924 4822 Maii)
947 4755 978 4806 ds
999 4755 1098 4821 nuptiis
1123 4751 1256 4802 celebratis
1277 4751 1424 4802 absentibus
1447 4753 1536 4804 amicis

183 4829 400 4892 inungeremus,
424 4829 566 4878 absentiam
588 4841 647 4877 raro
665 4825 811 4877 Schickardi
829 4829 889 4876 satta
912 4809 1056 4878 uoniam
1075 4825 1150 4874 babet
1171 4821 1291 4889 perieulis
1308 4819 1411 4874 illorum
1436 4825 1534 4896 tempo·

183 4915 246 4956 rum.
284 4895 517 4968 ,Epttbdamlum‘
535 4912 589 4954 nou
604 4898 725 4956 madium
742 4909 796 4950 esse
812 4898 936 4970 quaritur.
