3662 5544
252 383 318 453 840
759 383 823 442 Vita
840 385 955 442 tornata
975 383 1095 486 liepleri.

239 547 319 629 ‘quin
336 573 387 630 pre
406 563 454 618 tna
471 557 618 628 prudentia
636 559 718 619 ctiam
739 559 804 618 huic
822 561 987 618 dubitationi
1009 575 1152 617 occanere
1173 559 1291 618 taleas.t
1328 559 1453 616 Occurrit
1469 559 1605 630 liepierna

252 649 317 706 huic
332 647 527 714 „dubitationi‘
547 647 575 704 in
587 649 674 706 literis
686 652 842 723 praemissis
856 659 884 708 et
895 649 1072 708 annotatione
1084 648 1119 703 ad
1130 647 1268 704 Maecilini
1280 649 1382 718 literas,
1401 661 1479 718 quam
1492 647 1544 701 rol.
1558 645 1604 701 vt.

252 753 280 806 p.
304 736 343 791 te.
368 736 548 792 exhibuimus.
589 739 633 794 De
654 738 792 808 adjutore,
817 753 899 810 quem
923 737 1096 808 quaesiverat
1119 736 1256 806 lieplerns
1284 737 1438 806 Tubingae,
1466 733 1607 804 respondit

254 821 432 877 Maecilinus:
454 831 669 896 „exuaneorum
686 827 713 880 h.
733 843 756 883 e.
776 833 854 882 extra
871 826 978 882 illustre
996 823 1169 905 stipendium,
1188 825 1269 894 pauci
1288 831 1361 890 sunt,
1381 830 1409 877 et
1426 833 1489 878 num
1508 821 1606 890 aliquia

255 925 349 966 corum
366 910 395 966 in
412 911 518 968 calculo
536 921 659 982 promtus
677 915 721 985 sit,
740 916 840 972 nescio.
870 915 923 984 Qui
940 915 969 970 in
986 913 1025 970 itt.
1045 909 1181 982 stipendio
1201 911 1311 982 degunt,
1329 911 1422 981 plnres
1440 910 1503 965 huic
1516 908 1606 964 studio

254 997 363 1052 nonnisi
381 999 470 1056 coacti
488 1017 598 1068 operam
617 1003 695 1069 dant,
719 1005 754 1060 ad
773 1003 886 1072 madum
912 1001 1060 1071 magisterii
1081 1007 1188 1055 tantum
1208 999 1363 1070 adspirant,
1386 1005 1416 1053 nt
1438 997 1606 1054 conditiones

255 1091 464 1154 suaquarta!
489 1087 585 1144 Finem
597 1089 701 1146 iaciens
719 1092 830 1146 nunciat
842 1091 1014 1154 Maestlinus,
1032 1088 1190 1143 Roeslinnm
1207 1103 1295 1156 nuper
1314 1086 1419 1142 obiisse.
1448 1086 1525 1151 „lion
1543 1100 1607 1154 ergo

262 1176 291 1230 in
308 1174 507 1242 chronologicis
525 1169 753 1248 odiose'amplius
770 1179 889 1234 facesset
900 1177 1037 1245 negotium
1051 1177 1085 1242 (v.
1097 1193 1116 1228 s.
1130 1177 1202 1244 823).
1226 1175 1334 1230 Utinam
1352 1175 1380 1229 in
1397 1189 1461 1228 nera
1478 1171 1608 1240 religione

256 1263 372 1319 animam
390 1278 466 1318 snam
487 1263 595 1334 Christo
613 1265 854 1321 commendaverint
883 1263 1033 1334 Singularis
1052 1263 1122 1318 enim
1141 1263 1168 1318 in
1186 1262 1316 1332 religione
1339 1277 1446 1330 semper
1464 1261 1521 1329 init,
1540 1259 1610 1316 nolli
1706 1285 1707 1288 ¹

255 1350 451 1421 propemodum
470 1356 560 1404 certae
578 1350 712 1406 addictus.
749 1351 820 1421 Quid
838 1353 866 1406 in
884 1351 1013 1408 extremis
1032 1351 1132 1420 egerit,
1155 1351 1262 1419 nescio,
1286 1357 1317 1404 ut
1335 1367 1351 1404 a
1369 1349 1427 1403 Deo
1449 1347 1530 1404 suerit
1546 1346 1607 1402 illu-

257 1437 385 1506 minatus,
404 1441 495 1506 optc.“
526 1437 558 1492 ln
573 1439 789 1502 „additamento'‘
810 1440 972 1496 Maestlinns
990 1439 1131 1508 respondit
1149 1439 1184 1495 ad
1202 1439 1386 1508 quaestionem
1407 1437 1522 1506 opticam
1535 1435 1608 1505 liep-

256 1526 315 1597 lcri,
333 1541 415 1596 quam
433 1539 516 1595 snpra
534 1526 628 1596 paucis
647 1527 773 1583 diximus.

362 1612 405 1668 Ad
424 1613 523 1670 ultima-
531 1613 670 1670 Maestlidi
682 1614 772 1684 rerba,
792 1614 825 1671 dc
839 1615 960 1670 llocslini
973 1613 1048 1668 obitu
1061 1617 1090 1667 et
1101 1613 1163 1682 fide,
1182 1613 1316 1682 Kaplerns
1328 1613 1356 1667 in
1368 1613 1506 1667 literarum
1518 1617 1608 1680 poste·

258 1701 360 1758 riorum
389 1701 465 1756 exitu
489 1701 644 1770 respondit:
676 1699 804 1758 Domino
828 1701 864 1759 D.
896 1699 1051 1770 Roeslino,
1083 1697 1201 1772 quando
1229 1698 1292 1758 Deo
1322 1699 1363 1757 ita
1395 1698 1505 1766 visum,
1540 1711 1609 1770 grn-
1687 1697 1688 1700 ’

259 1787 384 1846 tuismet
413 1791 542 1846 aetatem
571 1795 721 1858 exactam,
754 1789 882 1863 quietern
912 1796 1037 1864 partam.
1091 1785 1326 1844 Fundamentum
1352 1789 1446 1862 ipsum
1469 1785 1608 1855 tenuisse,

259 1891 317 1932 nen
341 1873 452 1937 dubito.
496 1873 578 1932 Deus
609 1875 779 1936 miscreatur
810 1877 949 1934 uitiorum
977 1872 1082 1932 mentis
1106 1875 1195 1932 etiarn
1217 1879 1349 1945 nestrae,
1382 1873 1433 1948 qui
1461 1869 1610 1928 condonat

260 1960 480 2038 poenitentibus
502 1959 664 2020 voluntatis
687 1963 857 2038 pravitates,
881 1963 1053 2022 misereatur
1076 1977 1145 2020 vero
1169 1977 1226 2019 non
1250 1969 1364 2019 tantum
1388 1957 1609 2032 singularitatis,

261 2048 314 2110 aed
338 2049 426 2112 etiarn
449 2047 654 2125 popularitatis
672 2059 701 2109 et
716 2048 841 2111 fiduciae
856 2051 884 2108 iu
901 2050 1068 2114 rabbinisttt
1092 2049 1285 2108 terrestribus.
1308 2048 1354 2106 'lit
1376 2057 1416 2120 tu,
1442 2045 1610 2104 charissime

263 2135 455 2212 Praeceptor,
484 2135 722 2212 quandoquidem
753 2139 810 2198 ista
840 2155 898 2197 nen
926 2138 1032 2197 trustra
1054 2153 1109 2195 nec
1131 2134 1250 2211 frigide,
1281 2135 1333 2196 sad
1362 2132 1483 2194 corrsilio
1514 2131 1611 2192 honac

264 2217 472 2284 admonitionis
494 2225 646 2298 scripsisse
670 2223 791 2297 uideris,
823 2225 880 2286 huc
903 2224 938 2286 de
962 2243 1008 2284 me
1036 2224 1161 2292 habeas,
1193 2241 1239 2284 me
1267 2240 1318 2300 per
1340 2221 1396 2282 Dei
1426 2222 1550 2298 gratiam
1581 2221 1610 2277 in

264 2308 389 2387 simplici
413 2317 443 2370 ct
464 2309 552 2386 plano
584 2328 673 2371 sensu
703 2314 863 2390 scripturae
886 2315 1090 2390 acquiescere;
1115 2308 1223 2386 quodsi
1245 2329 1305 2386 qua
1328 2316 1372 2369 eat
1394 2307 1557 2369 corrsulatio
1581 2309 1612 2365 in

265 2413 410 2460 censensu
441 2397 499 2458 hcc
520 2396 733 2473 litigiosissimo
755 2401 865 2473 seculo,
889 2417 995 2476 genere
1018 2401 1146 2458 humane
1174 2399 1204 2460 in
1228 2404 1272 2457 tot
1293 2397 1391 2457 studia
1413 2397 1619 2456 diversissima

266 2485 373 2560 divise,
396 2487 471 2546 scite
493 2485 630 2562 amplius,
653 2503 699 2546 me
722 2489 752 2544 in
780 2488 956 2563 augustana
978 2488 1159 2547 consessione
1182 2487 1270 2560 inque
1298 2502 1384 2562 opere
1408 2483 1611 2543 Chemnitianc

267 2580 369 2633 contra
391 2571 547 2632 concilium
562 2572 763 2634 Tridentinum
785 2577 982 2650 acquiescere,
1005 2577 1033 2632 in
1058 2573 1226 2633 universum
1242 2570 1480 2648 nullumdcgma
1502 2570 1612 2639 lovere,

267 2658 346 2736 quod
361 2676 420 2718 non
431 2659 480 2720 vel
495 2659 572 2736 apud
586 2666 699 2720 veteres
715 2671 813 2739 patres
830 2661 877 2721 vel
892 2662 970 2738 apud
986 2661 1143 2738 hodiernae
1157 2667 1254 2737 partes
1269 2663 1340 2719 eitra
1350 2660 1431 2718 litero
1444 2658 1612 2735 reperiatur.

268 2747 326 2823 Qui
340 2764 386 2806 me
411 2749 550 2807 novitatis
565 2747 614 2807 sel
629 2751 767 2808 minimae
783 2758 912 2823 accurat,
929 2751 1063 2824 injuriam
1079 2749 1157 2808 iacit.
1189 2747 1253 2807 Hae
1269 2764 1327 2807 una
1341 2764 1370 2807 re
1395 2746 1482 2804 hilcur
1505 2759 1612 2804 monce

268 2833 425 2910 theologis,
442 2832 520 2910 quod
535 2851 637 2911 pacem
654 2843 723 2912 epto
739 2837 813 2896 inter
828 2837 1007 2910 reformatos,
1025 2854 1079 2897 nec
1094 2853 1195 2894 omnes
1211 2835 1435 2896 deformationes
1451 2849 1614 2910 exaggera·

269 2925 422 2997 tionesque
438 2919 609 2996 dogmatum
624 2922 864 2983 Calviuianorum
879 2925 1020 3000 approbo,
1043 2941 1097 2983 uec
1112 2923 1211 2983 uidere
1226 2939 1355 2999 possum,
1380 2925 1407 2979 in
1424 2919 1614 2980 laudamento
1704 2965 1706 2968 .

271 3008 307 3069 de
322 3024 447 3084 persona
461 3007 570 3068 *christi
593 3019 706 3070 tantum
729 3029 793 3071 esse
809 3011 972 3084 discrimen,
996 3014 1067 3089 quia
1082 3013 1211 3091 erimina,
1235 3027 1311 3086 qnae
1334 3011 1404 3086 ipsis
1420 3008 1468 3068 hic
1489 3005 1614 3067 Jesuitir

164 3099 166 3110 ⁴
271 3104 301 3156 et
316 3083 496 3156 calvinianis
510 3097 703 3172 intentantur,
727 3098 799 3157 mihi
814 3097 942 3158 nondum
958 3100 1165 3175 probaverunt,
1190 3096 1269 3173 quod
1284 3114 1342 3156 non
1358 3098 1450 3156 obiter
1462 3093 1540 3169 dieo,
1562 3094 1616 3153 sed

263 3184 445 3252 examinatis
465 3185 587 3259 integris
610 3184 690 3245 libris
713 3189 841 3263 ecapite
863 3186 901 3246 ad
918 3187 1037 3246 calcem.
1071 3185 1219 3244 deaurant
1241 3183 1359 3260 quidem
1380 3191 1496 3243 normes
1510 3182 1617 3242 haere·

246 3305 248 3312 ι
274 3286 341 3331 seca
365 3271 403 3330 cb
425 3267 563 3347 phrases3
591 3278 623 3331 at
644 3275 669 3330 si
692 3275 782 3332 nostri
806 3274 872 3334 illas
895 3275 1053 3351 explicent,
1076 3279 1113 3332 ut'
1132 3273 1180 3331 hic
1202 3273 1271 3330 mihi
1294 3272 1417 3344 factum,
1441 3270 1542 3330 mentri
1563 3287 1616 3328 err·

275 3357 350 3442 dem,
375 3374 451 3433 quae
474 3356 549 3417 aliae
572 3355 672 3418 dicunt
686 3361 781 3435 alteri,
804 3371 834 3420 et
858 3363 996 3421 vicissim.
1029 3359 1194 3436 Antequam
1210 3361 1423 3438 explicarentur
1437 3357 1516 3430 mihi,
1540 3375 1617 3432 quae
1663 3413 1666 3422 ,

275 3454 344 3506 sunt
366 3445 395 3504 in
417 3444 541 3506 formula
564 3447 736 3507 concordiae
766 3449 801 3508 de
832 3451 1076 3525 omnipraesentia
1105 3450 1214 3520 carnis,
1246 3449 1363 3507 omnino
1387 3445 1618 3525 Eutychianismi

275 3541 391 3594 nostros
412 3549 477 3592 reos
500 3531 618 3606 credidi,
643 3541 674 3593 at
696 3553 772 3596 rrunc
794 3540 982 3596 accusatione
1005 3535 1077 3596 cedo
1100 3545 1223 3612 accepta
1245 3533 1451 3608 declaratione,
1474 3540 1512 3592 at
1527 3535 1618 3592 vicis·

274 3623 331 3682 sim
353 3623 382 3678 in
404 3622 550 3680 sententia
572 3621 725 3682 confirmor
747 3615 783 3683 de
811 3627 1016 3684 convenientia
1046 3625 1075 3682 in
1106 3624 1304 3683 fundamento.
1350 3621 1407 3696 Qui
1432 3639 1477 3682 mc
1499 3628 1619 3696 propter

275 3711 332 3769 ista
354 3709 445 3767 saeris
468 3715 557 3782 arcet,
579 3711 707 3769 rationes
730 3714 831 3788 utique
854 3729 923 3770 auae
939 3713 1003 3772 Deo
1026 3712 1211 3787 approbabit,
1235 3727 1308 3787 quas
1332 3726 1387 3784 ego
1410 3725 1468 3768 non
1492 3710 1618 3768 excutio.

276 3791 536 3870 Possem'omnem
558 3793 779 3874 litemlsedare,
803 3801 828 3858 si
851 3799 992 3860 iurmulua
1020 3797 1194 3859 concordiae
1222 3798 1434 3858 subscriberem
1463 3795 1535 3854 nihil
1565 3813 1619 3854 er-

276 3885 395 3962 cipiens.
428 3883 468 3944 At
488 3883 560 3942 mihi
583 3886 613 3942 in
636 3885 723 3946 rebus
746 3888 940 3947 conscientiae
956 3886 1094 3946 simulare
1109 3903 1167 3947 uon
1190 3893 1235 3946 est
1256 3887 1413 3961 integrum:
1437 3883 1620 3944 subscribere

275 3991 340 4033 snm
362 3978 492 4049 paratus,
513 3973 539 4031 si
562 3971 753 4032 admittantur
772 3974 834 4050 iarn
856 3977 971 4051 positae
994 3991 1077 4034 meae
1100 3975 1297 4050 exceptiones.
1332 3972 1380 4031 lra
1402 3970 1619 4046 'l'hcolcgorurn

276 4061 489 4124 communicare
512 4057 590 4133 nolo,
613 4060 716 4121 iratres
738 4079 796 4122 non
816 4061 968 4139 judicabo,
992 4063 1043 4139 qni
1065 4063 1130 4122 sive
1153 4067 1244 4136 stent,
1268 4061 1332 4120 sive
1355 4056 1478 4130 cedant,
1509 4057 1619 4116 domini

275 4155 344 4208 aunt
366 4153 396 4210 ci
417 4147 519 4208 iratres
542 4149 608 4224 mei.
638 4148 772 4209 Praestat
795 4167 841 4210 mc
862 4167 984 4227 peccare
1001 4147 1176 4221 excusando,
1200 4149 1275 4208 hene
1290 4147 1447 4224 loquendo,
1471 4149 1499 4204 in
1516 4147 1620 4205 melius

276 4235 504 4312 interpretando,
527 4251 592 4294 cum
607 4252 665 4294 non
684 4237 738 4296 sim
755 4235 856 4298 docter
871 4238 1023 4311 ecclesiae,
1039 4253 1127 4312 quam
1142 4235 1317 4310 accusando,
1340 4233 1528 4306 detrahendo,
1551 4251 1621 4310 per·

277 4322 430 4398 vortendc;
453 4324 559 4399 quibus
581 4321 686 4383 studiis
709 4327 818 4404 siquis
841 4333 885 4386 est
899 4324 1024 4398 deditus,
1047 4325 1072 4382 is
1095 4326 1325 4401 persecutionem
1345 4323 1446 4397 nequit
1468 4321 1620 4393 sustinere,

276 4412 334 4469 nisi
356 4413 381 4470 si
402 4410 476 4470 torte
498 4427 580 4486 spem
602 4409 692 4471 habet
713 4413 826 4489 refugii.
864 4413 1008 4490 Expertus
1023 4411 1136 4488 loquer.
1176 4411 1311 4470 Clamant
1326 4407 1470 4482 Jesuitae,
1494 4407 1622 4468 clamant

278 4496 452 4571 Calviniaui,
475 4499 532 4556 sihi
556 4497 724 4559 inerticula
740 4499 775 4560 de
791 4517 916 4577 persona
932 4499 1039 4560 Christi
1063 4497 1124 4559 fieri
1148 4499 1283 4574 iujuriam
1306 4497 1413 4556 alibro
1437 4495 1620 4566 concordiae,

278 4584 370 4644 multa
391 4585 449 4644 sibi
472 4587 617 4661 imputari,
639 4586 716 4661 'quae
740 4589 797 4664 ipsi
820 4605 878 4646 non
901 4587 1035 4650 doceant.
1081 4585 1192 4661 Quodsi
1216 4586 1368 4645 subscribo
1391 4601 1449 4643 non
1473 4585 1621 4660 excipiens

278 4669 470 4746 illapnnota,
493 4666 545 4730 aiat
564 4671 693 4748 judicem
716 4692 763 4736 me
785 4676 862 4734 facio
885 4676 1082 4734 condemnans
1104 4674 1171 4734 illos
1187 4673 1321 4734 intentati
1336 4673 1472 4744 criminis,
1496 4679 1547 4730 aut
1570 4688 1622 4730 ac·

278 4764 395 4817 cusator
424 4755 553 4835 ipsorum
580 4759 619 4819 iic
650 4768 751 4821 centra
780 4763 987 4821 conscientiam
1010 4779 1120 4836 meam,
1150 4777 1226 4838 quac
1256 4763 1337 4837 ipsos
1365 4761 1463 4836 potius
1492 4756 1623 4818 defendit

278 4861 366 4920 quam
394 4847 568 4908 accusatio
598 4846 762 4923 aliquibus,
794 4850 863 4926 quia
891 4849 1011 4926 phrases
1033 4857 1150 4925 patrum
1179 4847 1320 4914 ecclesias
1347 4848 1495 4927 puriorum
1522 4851 1623 4910 tenent

278 4928 456 5011 modumque
476 4934 684 5012 interpretandi
705 4937 864 5016 scripturas
885 4939 916 4998 in
938 4937 995 5000 hoo
1016 4934 1150 5000 arficulo.
1335 4953 1338 4958 ·
