3624 5554
806 445 881 511 cccc.
1109 395 1129 484 .'
1446 439 1509 524 let

157 629 182 692 sl
204 631 271 711 quis
292 631 406 696 interea
429 631 464 696 de
486 652 533 696 me
555 651 641 696 casus
663 633 724 710 flat,
747 617 933 715 pollicebitur
955 631 998 694 M.
1022 637 1052 693 et
1074 619 1173 693 GJD.
1196 629 1301 712 Tychc
1317 649 1401 694 meae
1424 631 1509 694 uxori

158 721 185 777 in
211 720 318 798 literis,
350 740 424 801 quas
447 722 484 784 ad
506 741 553 784 me
575 725 685 785 scribet
707 726 736 782 in
759 724 902 802 styriam,
932 739 963 782 se
990 727 1171 794 curaturum,
1200 729 1233 780 ut
1259 719 1382 781 honeste
1405 719 1457 780 illa
1478 721 1509 782 lu

158 805 283 888 styriam
306 810 400 873 redire
424 813 525 890 possit,
550 829 673 888 eamque
696 811 734 871 ad
757 830 817 873 raro
840 815 989 870 sumtuum
1012 818 1120 869 certam
1144 817 1255 886 partem
1278 808 1451 870 numerabit.
1529 851 1532 861 .

258 909 429 966 Praemissus
448 908 593 980 liepleri
611 910 782 968 conditiones
802 903 871 968 hae'c
888 916 1041 982 sequuntur
1060 907 1235 980 Tychouis
1253 914 1399 964 annotata:

261 997 340 1069 Quae
364 998 399 1054 ad
423 999 565 1070 proposita
582 999 620 1054 Μ.
638 999 751 1070 Kepleri
774 997 917 1070 respondi,
941 996 1006 1054 mibi
1024 1013 1041 1052 a
1058 997 1091 1054 D.
1106 996 1141 1052 D.
1159 995 1204 1052 Jc.
1221 995 1348 1054 Jessenio
1371 995 1399 1052 in
1422 993 1510 1068 ipsius

158 1087 311 1160 praesentia
329 1085 498 1158 praelecta*)
518 1086 562 1143 die
580 1087 606 1142 5.
625 1086 690 1158 ltpr.
708 1103 779 1144 anno
799 1087 885 1144 1600.Ι
949 1157 952 1164 .

262 1179 288 1231 t.
307 1173 350 1230 Ad
368 1173 483 1244 primum
508 1173 547 1227 sic
564 1175 706 1244 respondi:
733 1175 809 1232 Scire
826 1167 916 1246 ipsum
935 1171 1096 1244 chlerum,
1124 1169 1151 1226 id
1170 1171 1200 1226 in
1217 1185 1277 1224 mes
1299 1173 1437 1240 potestate
1455 1185 1511 1226 uon

158 1275 216 1315 esse
240 1259 325 1318 situm
347 1262 463 1332 ideoque
487 1267 562 1317 certo
586 1261 745 1332 promittere
769 1279 823 1318 uon
845 1278 942 1334 pesse,
967 1261 1040 1332 quod
1058 1275 1145 1332 penes
1162 1275 1206 1314 me
1230 1273 1286 1314 nou
1304 1265 1358 1327 eat,
1383 1257 1511 1315 daturum

160 1345 337 1405 urlrilomiuus
355 1363 474 1418 operam,
493 1353 524 1404 ut
541 1365 593 1420 per
609 1350 679 1408 alios
698 1357 725 1408 et
744 1365 908 1420 quacunque
925 1351 1033 1408 ratione
1050 1347 1078 1404 id
1097 1345 1157 1402 fieri
1176 1353 1269 1417 queat,
1286 1345 1339 1400 hoc
1350 1360 1367 1400 a
1380 1345 1511 1418 Styriacis

158 1435 282 1494 Dominis
304 1436 443 1508 impetrari
465 1437 565 1508 possit,
590 1436 671 1492 etiam
689 1436 887 1494 intercessione
902 1436 1087 1508 superiorum,
1106 1433 1130 1490 sl
1149 1447 1218 1504 opus
1236 1431 1330 1502 luerit3
1357 1432 1400 1487 sin
1419 1437 1511 1488 autem

157 1523 305 1580 concedere
318 1523 344 1579 id
358 1524 452 1594 nolint,
471 1539 514 1579 me
526 1539 697 1596 nequaquam
711 1540 818 1594 cupere,
837 1529 868 1580 ut
880 1539 939 1580 mea
953 1523 987 1582 de
1007 1539 1089 1582 causa
1107 1523 1246 1596 quippiam
1259 1521 1310 1578 sibi
1323 1526 1398 1578 creet
1409 1521 1511 1602 incom-

156 1613 265 1668 modum
283 1619 332 1668 aut
350 1613 520 1684 dispendium
539 1613 622 1669 iaciat
644 1611 683 1668 rei
706 1611 858 1669 familiaris.
895 1613 962 1668 (ium
986 1611 1077 1682 potius
1100 1611 1138 1667 ibi
1157 1617 1278 1680 maneat,
1304 1617 1333 1666 et
1350 1609 1406 1665 sint
1423 1615 1455 1664 ut
1472 1609 1511 1666 ait

157 1699 234 1754 irrita
252 1699 358 1771 omnia,
378 1714 448 1769 qnae
466 1706 516 1754 aut
533 1700 604 1756 inter
621 1715 671 1757 nos
691 1708 754 1758 acta
771 1706 851 1764 suut,
873 1704 922 1754 unt
940 1701 969 1756 in
987 1705 1126 1772 posterum
1145 1697 1179 1756 de
1197 1697 1358 1772 migratione
1375 1697 1402 1752 in
1421 1695 1510 1753 Bche·

155 1786 235 1842 roiam
253 1786 300 1855 agi
317 1792 457 1856 poterunt.

256 1873 283 1928 2.
302 1873 413 1930 Sumtus
430 1873 599 1944 itinerarios,
619 1873 642 1930 si
660 1890 722 1930 cum
747 1871 863 1952 conjuge
880 1875 1027 1930 accesserit
1047 1879 1075 1930 et
1092 1875 1125 1932 iis
1144 1873 1178 1929 de
1196 1873 1296 1946 quibus
1313 1871 1447 1946 loquitur,
1467 1885 1511 1928 nae

153 1960 340 2031 praebiturum
360 1963 418 2032 jam
441 1968 523 2018 antea
546 1961 646 2031 obtuli,
661 1962 699 2032 ,iu
723 1977 777 2030 qua
802 1959 948 2016 etiamnum
965 1961 1139 2032 persisterem
1153 1963 1307 2032 sententia;
1333 1966 1441 2016 etcum
1460 1975 1510 2028 ego

153 2049 286 2118 nesciam,
311 2047 377 2120 quid
394 2049 422 2105 in
441 2049 488 2106 teli
505 2047 601 2106 itinera
620 2045 810 2104 insumendum
829 2049 878 2117 sit,
904 2055 1001 2118 utpote
1022 2049 1143 2106 locorum
1167 2049 1360 2117 hominumque
1383 2051 1411 2102 et
1430 2062 1511 2118 quam

152 2151 211 2190 care
228 2135 341 2191 vivatur
358 2135 476 2207 ignarus,
496 2151 542 2192 ecs
556 2144 662 2192 sumtus
675 2137 818 2192 aestimare
831 2153 885 2192 nou
903 2151 1027 2208 possem:
1050 2137 1144 2208 rogeri
1161 2137 1254 2214 itaque
1273 2141 1336 2194 aute
1349 2135 1407 2191 dies
1424 2133 1511 2190 iestca

150 2221 309 2292 Keptemm,
327 2226 358 2278 ut
375 2223 491 2292 ipsemet
508 2223 536 2280 id
554 2223 727 2292 consignaret
745 2231 794 2292 aut
805 2223 872 2279 mihi
890 2229 1019 2281 oretenus
1037 2231 1195 2296 exponeret,
1216 2222 1289 2294 quod
1308 2227 1337 2278 et
1353 2238 1425 2279 nunc
1442 2221 1510 2278 libe·

152 2325 208 2364 rum
225 2311 287 2382 ipsi
302 2309 411 2381 reliqui.

253 2397 284 2452 3.
304 2395 384 2465 Quod
402 2397 592 2468 proposuerim
609 2399 651 2454 illi
668 2397 758 2455 locum
776 2397 955 2455 habitationis
972 2399 1102 2470 Pragam,
1128 2416 1209 2471 quam
1229 2397 1263 2455 ab
1281 2397 1360 2454 initio
1378 2395 1510 2465 nominat,

149 2483 298 2554 respondi,
322 2499 461 2552 nunqnam
478 2483 506 2539 id
524 2501 542 2540 u
560 2501 603 2542 me
619 2485 722 2542 iactum
741 2487 858 2554 ssse⁸⁸l,
884 2487 968 2555 idque
987 2495 1081 2544 sancte
1098 2487 1245 2553 affirmari,
1270 2499 1330 2541 cunr
1349 2490 1377 2540 et
1394 2484 1511 2554 ipsemet

149 2572 268 2628 oblatam
290 2571 325 2625 sb
344 2571 421 2626 initio
438 2571 519 2627 isthic
537 2571 734 2630 habitationem
752 2574 903 2642 renuerim,
927 2576 999 2646 quod
1018 2575 1152 2644 viderem,
1177 2589 1221 2629 me
1238 2571 1274 2627 ibi
1294 2572 1350 2628 ctio
1368 2587 1423 2628 non
1442 2569 1511 2626 satie

147 2660 198 2716 imi
215 2674 308 2730 posse
325 2657 527 2730 philosophico,
546 2667 604 2716 tum
622 2677 731 2732 quoque
749 2661 811 2717 aliis
831 2662 983 2733 decausis,
1002 2669 1031 2718 et
1049 2663 1139 2732 ipsum
1152 2659 1302 2732 lleplerum
1319 2659 1385 2714 mihi
1398 2656 1510 2728 dixisse,

113 2737 115 2742 ·
146 2747 261 2818 erogem
283 2733 350 2802 'esse
368 2745 460 2801 murm
479 2748 737 2818 irrequietudinem
751 2735 971 2817 annexuimus).
1002 2748 1103 2804 norror
1117 2755 1145 2802 ec
1157 2745 1217 2816 noc,
1235 2746 1301 2801 mur
1313 2745 1427 2815 peenas
1440 2761 1510 2815 esse,

146 2835 200 2890 sire
217 2836 333 2904 Pragas
352 2833 389 2892 sit
400 2835 465 2890 'sive
482 2834 510 2892 in
530 2833 628 2908 Styria,
648 2835 670 2891 si
689 2834 756 2890 mihi
773 2835 872 2892 edesse
890 2835 930 2892 illi
949 2852 1004 2891 non
1022 2836 1138 2904 luberet,
1157 2835 1211 2891 imo
1225 2835 1361 2891 melleme
1374 2836 1508 2905 cumipse

146 2923 171 2976 in
189 2923 285 2994 styria
304 2937 384 2990 mea,
405 2922 521 2989 quaein
540 2915 728 2997 astronomicis
746 2921 845 2991 habeo,
863 2940 913 2995 per
930 2923 1025 2980 literas
1044 2923 1251 2992 communicare,
1269 2939 1350 2993 quam
1368 2919 1392 2978 si
1404 2923 1510 2991 Pragae

147 3009 265 3080 degeret,
286 3009 371 3078 cujus
389 3009 429 3063 rei
447 3023 522 3064 meas
542 3009 673 3077 quasdam
691 3003 821 3065 haberem
838 3011 968 3068 rationes.
986 3033 989 3043 ·
1006 3011 1033 3066 Si
1051 3015 1142 3066 tamen
1162 3012 1271 3085 omnino
1290 3007 1330 3066 illi
1348 3014 1435 3065 steret
1448 3024 1509 3065 een·

145 3098 243 3165 tentia,
271 3097 385 3166 Pragae
408 3111 469 3150 cunr
488 3095 607 3166 coniuge
624 3097 764 3168 habitare,
789 3113 840 3167 per
857 3115 901 3152 mo
919 3099 947 3153 id
964 3097 1006 3154 illi
1023 3097 1107 3154 licere
1126 3104 1154 3153 et
1171 3103 1278 3152 tantum
1296 3099 1407 3163 abesse,
1431 3103 1462 3152 ut
1479 3095 1509 3153 id

146 3187 223 3246 etiam
243 3189 268 3243 si
288 3201 405 3258 possem
429 3185 561 3256 impedire
579 3183 672 3254 velim,
697 3191 727 3240 ut
748 3187 841 3256 potius
865 3193 998 3256 quantum
1022 3186 1051 3240 in
1068 3199 1111 3240 me
1131 3183 1167 3239 sit
1189 3175 1292 3254 i'psum,
1316 3191 1347 3238 ut
1364 3182 1509 3239 scismatis

145 3275 193 3330 hac
211 3275 239 3330 in
259 3281 347 3344 parte
365 3272 496 3341 potiatur,
514 3286 575 3327 mea
592 3271 788 3328 intercessione
803 3271 900 3342 jurare
919 3273 1116 3338 constituerim,
1135 3271 1158 3326 sl
1177 3270 1247 3326 torte
1266 3271 1365 3326 Caesar
1382 3269 1421 3324 illi
1438 3271 1509 3327 sala·

143 3363 208 3418 riurn
227 3359 450 3418 clementissime
468 3359 618 3415 concedere
636 3359 718 3425 relit,
735 3376 789 3431 quo
808 3375 839 3416 ee
857 3359 998 3416 commode
1016 3360 1098 3416 isthic
1117 3367 1273 3417 sustentare
1292 3366 1384 3430 queat.
1419 3360 1457 3416 At
1475 3361 1510 3418 da

141 3467 198 3504 meo
217 3448 370 3523 quippiam
388 3445 444 3515 rlli,
464 3445 527 3502 dum
546 3447 583 3502 ibi
601 3453 701 3517 manet,
720 3447 892 3504 contribuere
910 3449 1026 3504 necdum
1044 3449 1187 3511 statuisse,
1205 3449 1234 3508 id
1251 3455 1344 3505 mmen
1362 3448 1507 3522 facturum,

141 3537 183 3591 ubi
201 3537 290 3592 sedes
311 3535 388 3599 illas,
407 3549 476 3603 quas
496 3535 571 3590 Caes.
589 3535 656 3605 blei.
675 3535 741 3590 milri
759 3535 970 3592 clementissime
988 3535 1112 3606 pollicita
1130 3545 1181 3608 est,
1199 3537 1237 3596 ibi
1255 3537 1296 3592 uti
1312 3553 1394 3608 spero
1412 3539 1510 3594 nactim

138 3623 228 3693 luero,
255 3632 289 3680 ut
314 3622 405 3692 gratis
429 3623 458 3677 in
481 3622 520 3677 eis
543 3622 656 3680 habitet.
700 3623 738 3678 Et
756 3624 780 3680 si
798 3627 869 3678 uxor‘
887 3623 947 3693 ejus
971 3638 1041 3692 quae
1057 3623 1129 3682 dicit
1151 3632 1294 3695 praestare
1315 3624 1432 3684 voluerit
1461 3627 1509 3682 ubi

130 3697 285 3768 'accessero
306 3709 413 3776 officia,
433 3709 554 3765 futurum
573 3709 601 3766 id
618 3709 685 3766 mibi
702 3717 845 3781 acceptum
863 3717 892 3766 et
910 3725 981 3780 quae
997 3711 1174 3780 requiruntur
1191 3714 1310 3770 libenter
1320 3713 1509 3770 subministra·

139 3805 237 3856 tnrnm.
276 3801 319 3855 At
338 3797 407 3867 quia
425 3797 546 3854 sinderi
564 3804 668 3868 potest,
692 3807 724 3855 ut
741 3799 800 3854 sina
819 3797 963 3869 dispendio
982 3804 1037 3853 tam
1056 3801 1200 3872 temporis,
1226 3818 1307 3872 quam
1325 3817 1420 3857 eorum
1438 3815 1510 3872 quae

139 3885 369 3948 faciendumne,
392 3892 500 3940 mstrrre
517 3888 614 3942 etrite
632 3894 811 3956 peragantur,
836 3887 890 3942 nisi
913 3885 993 3941 simul
1018 3901 1079 3942 esse
1101 3889 1239 3956 possimus
1262 3895 1345 3958 atque
1367 3889 1439 3943 inter
1454 3903 1508 3962 pos

139 3973 254 4030 subinde
268 3971 405 4042 conferre
418 3973 453 4026 de
466 3971 507 4042 iis,
527 3989 596 4043 quae
609 3973 786 4043 exsequenda
798 3979 870 4044 sunt,
883 3981 941 4029 tum
954 3989 1064 4045 quoque
1082 3975 1116 4030 ch
1136 3975 1370 4032 conversationem
1386 3981 1510 4030 mutuam

137 4065 217 4119 nulls
237 4079 285 4118 me
305 4071 342 4116 ut
361 4060 408 4114 hie
427 4062 575 4118 Benaticcs
593 4062 705 4134 degeret
723 4071 752 4118 et
770 4062 794 4119 si
811 4061 859 4118 ills
876 4063 921 4118 hic
938 4064 966 4117 in
984 4079 1048 4119 arcs
1071 4063 1137 4118 mihi
1157 4064 1316 4119 cohabitare
1334 4062 1391 4118 suis
1409 4061 1508 4117 ductus

139 4143 295 4208 raticnibos
316 4157 370 4204 aut
389 4149 471 4205 etiarn
490 4149 691 4220 suspicionibus
709 4154 854 4220 respueret
872 4155 900 4204 et
918 4165 1042 4206 camerae
1060 4150 1124 4208 illae
1142 4166 1198 4206 una
1216 4165 1277 4206 cum
1295 4149 1420 4218 coquina,
1439 4161 1508 4216 quas

139 4240 214 4306 prius
231 4239 281 4295 hic
301 4253 359 4310 pro
379 4251 410 4291 se
427 4238 544 4305 ipsemet
562 4237 645 4306 elegit
663 4243 747 4307 etque
765 4235 888 4306 expetiit,
908 4251 997 4306 neque
1014 4236 1092 4308 elice,
1112 4251 1292 4308 quaecunque
1304 4235 1349 4291 hic
1366 4247 1427 4290 esse
1445 4247 1508 4302 pos·

138 4329 198 4400 sint,
217 4323 441 4384 commoditates
460 4324 578 4394 amplius
595 4325 634 4380 illi
653 4325 796 4396 placeant,
819 4323 890 4380 velle
908 4339 950 4380 ure
968 4324 997 4379 in
1016 4325 1105 4381 vicina
1123 4325 1190 4380 urbe
1208 4323 1340 4379 lienatica
1357 4319 1391 4376 ds
1409 4337 1508 4390 oppor-

139 4417 211 4472 tunis
229 4415 360 4471 aedibus
378 4412 420 4468 illi
437 4413 609 4485 prospicere,
632 4413 679 4469 ubi
698 4429 760 4470 cerm
778 4411 895 4483 conjuge
913 4419 941 4468 et
960 4413 1017 4470 suis
1037 4413 1183 4483 tranquille
1201 4425 1307 4483 suoque
1324 4425 1399 4465 more
1416 4409 1508 4466 rivere

239 4644 273 4714 *)
293 4647 358 4698 Non
379 4644 498 4708 memlnl,
524 4643 649 4708 praelecta
666 4645 728 4695 haec
746 4659 800 4696 asse
817 4643 934 4707 Tyobenl
952 4659 968 4695 a
984 4643 1099 4696 Jasssnlo
1116 4645 1145 4694 ln
1162 4657 1218 4694 mea
1234 4643 1384 4706 pressantis.
1420 4641 1506 4704 'l'ycbc

137 4719 263 4787 quasdam
282 4713 429 4786 postulata
445 4728 502 4764 mea
518 4717 612 4780 partlm
628 4717 691 4776 legit
708 4717 772 4782 lpse,
790 4717 883 4778 partlm
901 4715 1019 4768 Jessanio
1038 4715 1143 4776 legenda
1161 4713 1239 4766 dedit.
1276 4710 1378 4778 lispler.

239 4787 287 4854 ⁸⁹)
308 4789 373 4850 Ego
393 4799 451 4835 vere
470 4798 520 4834 non
539 4785 614 4835 aliter
631 4800 688 4836 sum
705 4800 840 4852 persuasus
858 4791 884 4836 st
901 4789 939 4838 slc
958 4790 983 4835 et
1001 4787 1091 4848 scripsi
1109 4787 1136 4834 ln
1154 4781 1272 4845 Styrlam.
1309 4783 1342 4836 lt.

242 4857 306 4926 m)
328 4861 361 4910 Sl
382 4857 430 4905 boc
449 4855 517 4916 dlxi,
541 4870 593 4907 ποπ
610 4856 660 4906 fult
679 4857 709 4907 da
727 4870 782 4906 mea
801 4871 919 4925 persons,
944 4856 988 4907 aad
1007 4857 1038 4906 ds
1056 4855 1181 4916 uycnonu
1204 4855 1407 4916 intelligendum.
1443 4855 1507 4905 Dlxl

138 4934 237 5002 quiden
258 4931 371 4998 Pragss
392 4927 476 4978 carim
494 4927 556 4986 vlrl,
592 4927 625 4982 dt
641 4925 669 4978 ld
687 4933 832 4990 argumente
850 4933 897 4995 ast,
916 4928 947 4981 da
963 4925 1048 4992 Prusa
1065 4925 1220 5000 disputatum
1238 4929 1441 4990 messanum,
1469 4925 1506 4990 tt,
