3516 5540
281 376 346 447 678
592 375 772 438 summarium
790 381 927 440 Historiae
946 367 1138 481 d'stronomiae
1156 386 1249 443 seculo
1265 385 1338 445 XVI.

281 556 462 626 inquiruntur,
483 571 568 626 „quas
578 573 629 628 per
640 573 714 630 eum,
734 559 781 629 qui
792 560 931 630 perpolos
950 566 991 617 eet
1010 562 1104 619 circuli
1121 563 1242 620 inclinati
1260 561 1340 618 etad
1357 563 1448 620 rectos
1465 560 1585 632 angulos
1603 561 1637 630 ei,

282 646 329 715 qui
346 661 397 715 per
413 643 530 700 medinm
548 643 686 713 signorum
703 653 745 703 est
763 647 930 720 descriptus,
954 651 1102 706 maximnm
1121 650 1250 707 cuculum
1267 652 1471 718 ratiocinamur,
1498 649 1535 705 ad
1555 664 1638 718 quem

280 734 429 792 secundum
452 733 623 790 latitudinem
648 735 779 790 transitur
803 735 1015 794 considerantur.
1055 737 1107 793 iiis
1130 739 1283 810 praeceptis
1309 740 1352 796 ria
1382 739 1638 809 cognoscendarum

276 823 409 895 cujusque
427 821 599 878 latitudinum
617 821 780 891 apertorum.
816 824 884 879 Rem
906 825 1004 881 clarius
1029 826 1149 896 explicat
1169 826 1263 883 addita
1287 826 1480 898 delineatione,
1505 826 1559 882 hac
1578 824 1638 880 iere

277 914 383 968 ratione
400 927 480 966 neus:
505 909 553 966 AB
571 911 607 965 sit
628 911 713 966 sectio
732 913 881 968 eommunis
904 913 1009 968 zodiaci
1033 921 1061 970 et
1079 915 1172 970 circuli
1196 914 1231 973 ad
1250 921 1340 972 rectos
1360 913 1474 986 angulos
1493 915 1637 983 signorum

277 1000 387 1067 circulo,
407 999 453 1056 OD
471 998 594 1066 ejusdem
612 1013 674 1054 cum
691 1007 817 1055 eccentro
837 1000 982 1069 cujuslibet
1000 1003 1081 1058 trium
1099 1003 1270 1072 superiorum
1282 1001 1452 1071 planetarum
1469 1001 1568 1068 sectio,
1586 1015 1640 1069 par

1006 1090 1137 1148 maximos
1161 1093 1298 1147 austrinos
1321 1097 1349 1145 et
1372 1090 1496 1147 borentot
1522 1090 1638 1157 limites,

1007 1179 1174 1234 Euentrum
1197 1179 1317 1249 audiani,
1342 1175 1417 1233 ΒΕΘ
1437 1177 1531 1247 magni
1558 1175 1639 1232 orbis

1005 1267 1108 1322 Terrae
1127 1267 1284 1331 dimetiens,
1311 1267 1336 1320 D
1358 1264 1475 1321 latitudo
1500 1263 1638 1332 austrina,

1006 1355 1026 1408 G
1045 1353 1170 1411 borealis.
1206 1355 1250 1409 Ex
1269 1354 1332 1410 dato
1357 1353 1456 1422 angulo
1474 1351 1548 1408 BGD
1562 1353 1639 1420 (rna-

1005 1443 1079 1498 xima
1096 1443 1141 1499 iat.
1160 1444 1258 1512 anstr.)
1277 1450 1305 1496 et
1322 1443 1429 1497 ratione
1447 1441 1499 1495 EG
1516 1439 1553 1494 ad
1573 1427 1640 1507 ED{

1004 1531 1129 1597 provenit
1139 1529 1254 1600 angulus
1268 1529 1342 1584 GSD
1350 1525 1502 1596 (inclinatio
1513 1525 1642 1580 eccsntri

1005 1617 1122 1672 maxima
1149 1615 1271 1672 austrma
1293 1616 1329 1670 ad
1357 1613 1462 1670 rodiam
1490 1611 1641 1682 planum);

1005 1704 1086 1759 simili
1107 1703 1212 1760 ratione
1235 1703 1316 1760 datur
1337 1701 1455 1770 ugnus
1473 1700 1550 1757 DFE
1578 1700 1642 1767 (mi-

1005 1790 1228 1847 nimainolinatic
1242 1791 1385 1858 austrina).
1403 1787 1472 1843 lude
1485 1787 1642 1842 eliciuntur

1005 1880 1098 1950 auguli
1116 1879 1186 1934 ΑΕΘ
1204 1885 1232 1934 et
1250 1878 1335 1947 EGO,
1355 1877 1418 1946 „qui
1436 1875 1460 1932 si
1479 1873 1642 1931 observatis

1005 1967 1204 2035 consenuerint,
1228 1981 1278 2020 noa
1296 1965 1404 2019 minime
1421 1975 1532 2018 errasse
1549 1960 1642 2029 signi·

1003 2055 1132 2110 litabunt.
1179 2051 1447 2121 Exemplificabimus
1478 2053 1577 2104 autern
1603 2047 1643 2102 de

1003 2141 1104 2201 Marte:
1132 2141 1256 2209 Argutus
1279 2140 1352 2196 BGD
1372 2160 1407 2186 =
1425 2137 1458 2194 6ο
1481 2137 1542 2203 bb‘,
1571 2135 1644 2191 inde

1004 2227 1079 2283 GED
1097 2250 1130 2274 =
1145 2227 1215 2282 cuti
1227 2249 1263 2276 =
1277 2229 1306 2282 1⁰
1321 2227 1365 2280 bl'
1383 2224 1448 2290 iere,
1467 2223 1504 2278 ct'
1516 2224 1644 2291 angulus

1004 2315 1075 2370 CFA
1093 2337 1128 2362 =
1146 2315 1178 2369 ⁴⁰
1195 2315 1251 2374 30¹.
1268 2315 1403 2369 existente
1422 2311 1537 2380 planeta
1556 2327 1645 2366 acro-

1003 2402 1101 2471 nycho.
1137 2400 1265 2456 Similiter
1282 2403 1310 2455 iu
1328 2399 1455 2469 opposito
1474 2399 1552 2466 luco,
1573 2399 1646 2452 dum

1003 2507 1063 2546 oum
1082 2490 1146 2546 Sole
1164 2490 1259 2559 currit,
1284 2489 1307 2544 ei
1331 2487 1544 2572 assumserinpua
1561 2486 1645 2540 DFE

1003 2599 1038 2626 ε
1050 2579 1083 2642 5‘.
1101 2593 1135 2632 ex
1148 2577 1197 2631 Did
1217 2584 1245 2633 et
1262 2576 1311 2630 EF
1329 2575 1400 2633 datie
1417 2573 1557 2630 lateribus
1576 2569 1648 2628 cum

1003 2664 1103 2734 angulo
1122 2663 1205 2732 EFD,
1229 2662 1390 2719 babebimus
1408 2662 1487 2718 EDF
1511 2668 1543 2717 et
1562 2669 1648 2717 exte·

1005 2751 1103 2807 riorem
1121 2749 1198 2806 ΒΕΘ
1209 2773 1245 2798 =
1257 2751 1283 2806 9¹
1307 2765 1392 2819 prope
1411 2750 1543 2804 minimae
1561 2751 1649 2806 incli-

1004 2839 1136 2908 nationis,
1160 2837 1207 2907 qui
1225 2837 1306 2893 etiam
1323 2839 1429 2906 aperiet
1452 2838 1536 2894 nobis
1556 2839 1650 2909 CGE,

1002 2925 1102 2983 boreae
1119 2925 1279 2994 latitudinis,
1299 2941 1388 2994 scrop.
1407 2941 1496 2996 prope
1509 2928 1537 2982 ti.
1572 2927 1652 2980 Cum

905 3047 909 3058 ι
1003 3029 1068 3084 ergo
1086 3013 1260 3083 rejecerimne
1273 3012 1409 3068 minimam
1427 3011 1652 3066 inclinationem

1004 3119 1021 3156 a
1039 3101 1163 3170 maxima,
1182 3101 1209 3156 h.
1223 3117 1248 3154 e.
1261 3101 1287 3157 9‘
1305 3101 1340 3154 ab
1353 3099 1384 3152 1⁰
1396 3101 1449 3163 51¹,
1467 3098 1654 3166 relinquitur

1004 3191 1035 3243 1⁰
1053 3188 1112 3256 41⁴,
1133 3193 1230 3254 estque
1248 3184 1355 3240 libratio
1378 3184 1462 3252 hujus
1481 3183 1654 3242 inclinatio-

1004 3275 1047 3330 nis
1065 3281 1094 3328 et
1111 3273 1221 3329 dimidia
1239 3289 1329 3343 scrup.
1352 3273 1402 3346 bb}
1423 3273 1510 3326 iere.“
1552 3274 1655 3328 Simili

1006 3361 1086 3416 modo
1098 3361 1213 3418 aliorum
1221 3355 1340 3416 'duorum
1352 3361 1530 3430 superiorum
1542 3363 1656 3432 anguli

1005 3449 1211 3505 inclinationum
1227 3464 1288 3524 cum
1307 3448 1502 3504 latitudinibus
1523 3449 1655 3515 elicium-

1003 3541 1061 3592 tur:
1081 3536 1157 3592 Jovis
1174 3535 1313 3591 inclinatio
1333 3535 1450 3590 maxima
1470 3537 1500 3592 1⁰
1514 3537 1574 3606 42¹,
1594 3539 1655 3594 rni-

921 3624 924 3638 '
1004 3624 1076 3679 nima
1094 3625 1124 3678 1⁰
1145 3625 1200 3688 18‘3
1227 3623 1337 3678 Saturni
1354 3624 1385 3678 2⁰
1404 3623 1448 3678 tt¹
1475 3629 1505 3678 et
1532 3624 1656 3696 2⁰16¹,

1005 3717 1050 3777 „et
1068 3711 1211 3766 abscessus
1228 3710 1378 3766 lautndinis
1397 3725 1412 3764 a
1426 3709 1577 3778 signorum
1591 3713 1656 3768 cir-

1002 3797 1064 3854 culo
1082 3798 1193 3853 Saturni
1210 3797 1241 3850 3⁰
1258 3797 1293 3865 3¹,
1309 3797 1387 3852 Jovie
1401 3799 1497 3854 1⁰6&
1527 3799 1659 3858 Eadem

1001 3887 1106 3942 ratione
1117 3885 1179 3954 agit
1196 3884 1361 3954 Cupernicus
1379 3887 1413 3942 de
1437 3885 1658 3947 latitudinibus

272 3969 444 4039 planetarum
463 3971 629 4041 inferiorum,
648 3989 715 4043 quas
732 3973 820 4030 tribus
838 3973 903 4030 dicit
915 3973 1051 4030 involutas
1064 3987 1124 4029 esse
1137 3971 1349 4041 evagationibus,
1367 3988 1439 4040 quae
1451 3975 1659 4043 appellantur

273 4059 427 4128 decimatio,
446 4060 592 4130 obliquatio
611 4066 639 4115 et
656 4061 780 4130 deviatio,
800 4069 828 4116 et
844 4061 958 4117 redeunt
977 4060 1012 4116 ad
1030 4059 1201 4116 latitudinem
1219 4060 1433 4128 geocemricum
1452 4060 1658 4122 beliocentri·

271 4163 331 4203 cam
348 4155 377 4204 et
393 4165 461 4219 eam,
479 4163 560 4219 quam
579 4144 703 4203 effectam
721 4153 814 4203 censet
827 4147 990 4218 Cupernious
1004 4163 1038 4204 ex
1051 4147 1217 4204 involutione
1229 4146 1392 4202 circulorum
1412 4150 1658 4210 eecentrioorum

271 4253 333 4292 cum
351 4236 488 4306 epicyclis.
525 4235 576 4290 iiic
594 4251 702 4305 qnoque
719 4235 790 4292 sicut
807 4233 837 4288 in
853 4235 988 4304 prioribus
1007 4234 1236 4304 deprehendimus
1256 4233 1435 4303 Gopernicum
1454 4236 1658 4297 insistentem

245 4397 249 4408 Ι
270 4325 389 4393 uestigiis
407 4323 566 4390 Ptolemaei,
584 4339 602 4377 a
619 4339 673 4391 quo
692 4339 773 4392 quam
785 4323 893 4383 minime
903 4322 1087 4378 recedendum
1100 4337 1161 4377 esse
1175 4328 1274 4378 censet.
1307 4321 1406 4378 Editor
1418 4324 1516 4391 operis
1533 4327 1659 4398 cuper.

269 4411 336 4481 uici,
354 4411 485 4467 Nicotaus
503 4409 658 4480 Matienius,
684 4409 719 4466 ad
737 4417 820 4478 caput
837 4410 962 4465 munium
979 4409 1042 4466 libri
1060 4409 1105 4465 Vi.
1120 4425 1161 4482 9¹
1176 4406 1291 4474 tabuiis,
1316 4423 1385 4478 uuas
1402 4408 1525 4466 inseruit
1545 4419 1660 4473 textui

272 4497 444 4570 Goperniona
462 4513 578 4568 sequena
598 4497 782 4568 „exemplant
803 4497 957 4564 sollicitet,
983 4496 1105 4566 qnamria
1123 4495 1279 4554 tabularum
1297 4509 1363 4552 neus
1381 4497 1451 4552 eatis
1472 4497 1613 4560 dilucide
1638 4523 1660 4564 a

272 4584 432 4654 copermioo
451 4589 584 4654 tradatur,
602 4600 646 4641 ree
664 4585 807 4641 dilucidior
823 4584 881 4640 tint.

1469 4671 1475 4705 i
