3624 5554
494 407 672 468 summanum
689 409 827 470 maome
844 409 1034 470 mucrones
1051 409 1145 469 aaran
1162 408 1289 468 xva·
1391 389 1402 404 '
1487 379 1551 480 ees

186 597 248 638 nem
266 591 295 642 et
313 585 389 644 alios
408 587 507 645 fecisse
523 588 606 656 rides,
624 587 773 646 Ptolemaei
789 603 895 645 errores
912 587 1048 660 ineptiore
1064 588 1145 645 modo
1163 585 1369 658 corrigentibus.
1399 585 1479 644 Unde
1495 585 1552 644 leo·

187 677 253 742 tum,
271 681 304 730 ιιι
323 675 514 732 calendarium
531 683 723 746 restauratum,
741 693 795 746 quo
813 691 977 747 quemquam
994 691 1048 732 non
1067 675 1190 733 omnibns
1208 675 1280 732 vitiis
1299 682 1416 746 purgato
1432 691 1478 732 res
1489 691 1551 748 pro·

190 769 264 816 mota
281 778 348 818 esse
370 771 447 820 recte
466 765 578 835 dicitnr,
600 766 835 822 vehementissime
852 765 1058 835 impugnaretur
1076 771 1104 821 et
1121 763 1327 835 exspectatione
1345 765 1432 820 serius
1454 765 1552 834 proba·

191 855 280 919 retur;
305 849 411 907 iactum
439 852 593 922 sataliam,
619 859 712 909 utres
731 853 873 924 telescopii
897 869 949 923 ope
972 855 1097 910 detectae
1119 854 1154 909 ab
1173 851 1334 909 adversariis
1352 865 1429 906 sacro
1447 851 1551 920 impetn

191 937 347 995 furentibus
372 929 552 1011 negarentur3
575 940 677 998 lactum
694 939 828 1012 ‚denique
854 948 885 998 ιιι
901 941 1015 1012 physica
1033 948 1061 997 ιι
1078 941 1192 998 historia
1210 939 1342 996 naturalis
1361 939 1476 996 eundem
1494 938 1551 995 lere

193 1024 283 1082 locum
301 1026 466 1096 obtinerent,
485 1045 565 1100 quem
583 1030 745 1087 Aristoteles
764 1031 878 1100 ejnsque
896 1033 1045 1086 sectatores
1063 1029 1126 1084 iude
1144 1045 1161 1084 a
1179 1027 1268 1084 medio
1286 1043 1352 1084 aevo
1371 1025 1450 1098 quasi
1466 1025 1551 1082 fixum
1572 1085 1576 1100 ι
1666 1097 1672 1110 ¹

193 1114 402 1173 constituerant.
445 1117 548 1172 (loutra
568 1116 715 1185 astrologia
745 1117 864 1174 maxima
888 1116 1004 1172 florebat
1027 1116 1204 1185 anctoritate,
1230 1115 1326 1186 panus
1349 1120 1454 1171 tentum
1477 1113 1551 1171 illius

190 1201 286 1273 jugum
309 1202 527 1272 excutientibus3
551 1203 623 1258 illius
646 1203 757 1260 oracula
777 1205 864 1274 pluris
885 1211 971 1273 eraut,
989 1221 1070 1275 quam
1089 1205 1223 1272 integrum
1245 1202 1428 1258 astronomiae
1451 1201 1550 1273 lumen,

192 1289 262 1344 acles
287 1295 319 1345 nt
342 1295 560 1346 astronomorum
584 1305 675 1358 nemo,
700 1291 753 1347 nisi
770 1293 809 1346 illi
828 1301 901 1348 esset
922 1292 1061 1362 addictus,
1087 1289 1223 1363 stipendio
1247 1291 1388 1362 proposito
1412 1289 1551 1360 gauderet.

195 1375 313 1432 Cardani
331 1379 440 1448 quidem
458 1378 598 1436 etPortae
616 1385 645 1434 et
656 1379 766 1436 lluddii
777 1379 944 1450 libripluris
956 1380 1138 1449 habebantur,
1156 1394 1238 1450 qnam
1250 1393 1407 1448 pancorum,
1420 1378 1466 1449 qui
1484 1376 1553 1434 libe·
1602 1392 1606 1403 ¹

192 1467 265 1520 riore
280 1466 385 1535 judicio
404 1466 559 1534 utebantur,
578 1481 673 1536 opera,
691 1473 740 1522 ant
758 1469 781 1524 si
799 1467 863 1539 quid
882 1467 922 1526 elli
938 1467 1085 1537 habebant,
1104 1467 1177 1538 qnod
1189 1474 1284 1538 posset
1301 1465 1424 1538 probari,
1441 1481 1486 1522 res
1505 1467 1552 1522 ob·

194 1568 289 1610 scuras
306 1555 483 1612 involvebant
498 1555 587 1610 rerbis
606 1554 807 1611 obscurioribus
826 1562 855 1610 et
873 1555 1076 1626 superstitionis
1096 1555 1206 1610 somniis
1225 1555 1384 1611 obruebant

301 1641 427 1698 Siderum
452 1643 701 1710 cognoscendorum
728 1660 772 1700 ars
797 1645 871 1714 apud
901 1645 1049 1715 plerosque
1072 1642 1156 1713 paulo
1179 1643 1266 1714 magis
1289 1660 1370 1714 qnam
1392 1643 1482 1713 priseo
1505 1651 1553 1700 ant

195 1728 285 1785 medio
302 1743 370 1785 asro
388 1737 449 1787 erat
468 1729 585 1787 exculta.
621 1731 760 1802 'l'ycbonis
778 1733 888 1803 quidem
905 1731 1014 1802 ingenio
1033 1731 1191 1798 excellenti,
1217 1731 1353 1788 industris
1369 1731 1508 1788 indelessa
1525 1740 1552 1789 et

197 1816 295 1886 grandi
318 1833 400 1887 qnam
424 1819 555 1888 parandis
577 1820 765 1876 instrumentis
792 1821 946 1876 insumebat
971 1819 1088 1892 pecunia
1112 1819 1231 1876 siderum
1257 1821 1488 1878 observandarum
1506 1836 1550 1877 ars

194 1908 292 1961 mirum
309 1906 339 1966 in
358 1905 467 1962 modum
485 1913 635 1972 ancta‘est,
654 1906 751 1964 stellae
769 1907 841 1963 fixae
858 1908 958 1964 tabulis
971 1908 1125 1978 descriptae
1143 1915 1208 1964 suut
1226 1909 1331 1964 ratione
1349 1908 1430 1980 longe
1443 1923 1553 1965 accura-

195 1997 281 2056 tiore,
300 2009 381 2064 qnam
399 1994 463 2051 illae
482 2010 553 2064 ques
570 1999 717 2051 occurrunt
733 1993 791 2050 lere
808 2011 897 2065 nsque
916 1995 950 2050 ad
969 1996 1051 2052 finem
1069 1995 1156 2052 seculi
1173 1996 1252 2061 XVI,
1267 1994 1440 2066 planetarum
1457 2011 1553 2052 cursus

195 2083 281 2152 magis
299 2081 441 2151 magisque
459 2082 494 2137 ad
512 2098 571 2137 eam
589 2098 711 2138 normam
729 2083 820 2139 aslacti
839 2091 917 2152 sunt,
941 2101 996 2154 qua
1013 2083 1048 2140 ad
1066 2083 1186 2141 calculos
1204 2083 1326 2142 revocari
1345 2091 1466 2154 possent
1499 2083 1554 2140 Sed

194 2171 293 2240 reliqui
311 2176 421 2240 praeter
438 2170 595 2240 'hebonem
614 2177 643 2226 et
659 2170 863 2241 baudgrarium
880 2170 1054 2230 Guilielraum
1067 2171 1288 2228 ιιιιιιιιιιιιιιιιιιιι
1306 2169 1351 2226 his
1363 2169 1480 2240 auxiliis,
1499 2186 1553 2240 quo

195 2257 311 2324 ιιιιιιιιι,
337 2262 369 2314 ut
386 2265 415 2314 et
432 2263 491 2316 arte
509 2265 537 2314 et
555 2259 751 2316 exercitatione
774 2259 937 2316 observandi
958 2259 1122 2318 laborarent
1157 2259 1230 2328 Quid
1247 2257 1356 2326 mirum,
1377 2258 1449 2328 qnod
1468 2265 1554 2316 estro
1633 2246 1637 2258 ’

195 2345 267 2400 ucmi
284 2345 334 2402 illa
350 2351 441 2402 aetate
458 2345 607 2402 ιιιιιιιιιιιιιι
625 2345 763 2404 amoribus
779 2346 912 2417 implicati
929 2353 1007 2416 sunt,
1025 2346 1125 2416 quibos
1143 2347 1204 2404 libri
1224 2362 1318 2406 eorum
1336 2345 1497 2418 disciplinae
1514 2346 1555 2403 in·
1585 2333 1590 2342 ’

196 2439 335 2490 memento
354 2431 507 2499 officerent,
526 2447 690 2502 quamquam
708 2449 725 2488 a
741 2433 880 2492 nonnullis
898 2435 1061 2490 auxiliorum
1079 2434 1200 2505 lnopisrn
1217 2435 1320 2506 ingenii
1338 2435 1489 2492 subtilitate
1507 2450 1554 2490 ex·

196 2527 352 2591 superatam
364 2535 426 2576 esse
437 2521 531 2589 negari
543 2537 599 2578 non
610 2527 711 2591 potest
739 2521 806 2576 Tale
818 2521 951 2578 auxilinm
962 2521 1090 2594 praebuit
1101 2521 1266 2580 mucronis
1277 2521 1357 2576 initio
1370 2521 1455 2578 seculi
1468 2521 1554 2576 XVII.

191 2607 261 2677 juris
280 2606 422 2664 consultus
441 2609 619 2676 Augustanus
630 2609 788 2674 loannes,
801 2610 972 2680 Bayerus,
992 2607 1089 2668 stellas
1100 2609 1172 2668 lixas
1182 2607 1286 2666 tabulis
1297 2607 1429 2679 referens,
1447 2607 1555 2677 'lycho-

193 2696 235 2752 nis
254 2695 411 2766 catalogum
429 2705 555 2761 secutus„
581 2695 662 2764 longe
686 2695 775 2765 majus
799 2711 862 2752 vero
886 2695 1024 2754 demotum
1046 2697 1240 2768 telssoopinm,
1267 2712 1322 2765 quo
1349 2696 1420 2752 Solis
1443 2696 1554 2764 rotatio,

193 2783 271 2840 Josis
288 2783 422 2840 satellites
441 2791 471 2840 et
486 2784 602 2842 Veneris
614 2783 716 2854 pheses
734 2784 763 2840 in
781 2791 932 2854 conspectu
948 2785 1129 2855 ponebantur,
1147 2799 1202 2852 qno
1216 2782 1360 2853 Gopsrnici
1373 2783 1442 2838 ratio
1455 2797 1555 2838 norum

195 2872 315 2930 obtinuit
326 2879 515 2943 argumentum
529 2881 557 2930 et
577 2888 648 2942 qnae
659 2872 831 2943 planetarum
848 2879 971 2932 motuum
983 2872 1029 2930 lex
1041 2879 1115 2930 esset
1132 2870 1314 2940 mvestigandi
1331 2871 1375 2926 ria
1394 2875 1490 2940 aperta
1502 2877 1554 2926 est.

299 2961 332 3016 ln
350 2960 527 3032 geometricis
545 2969 574 3018 st
591 2961 770 3018 arithmeticis
788 2960 903 3018 ducibus
920 2961 1070 3018 utebantur
1082 2959 1142 3018 aeri
1152 2958 1225 3016 illins
1237 2958 1421 3016 mathematici
1434 2957 1554 3025 Graecis,

193 3047 265 3119 qnod
283 3055 401 3118 apparet
419 3063 454 3102 ex
472 3050 578 3117 graecis
595 3049 795 3106 mathematicis
814 3049 968 3106 sexcenties
1010 3047 1098 3104 editis.
1135 3045 1351 3116 Trigonometrie
1368 3045 1402 3100 ab
1419 3043 1555 3102 nasibus

195 3135 222 3190 in
239 3149 339 3192 noram
364 3133 481 3192 ιοιιιιιιιι
497 3135 616 3206 redacta
635 3151 652 3191 a
669 3137 898 3205 ltegionrontano,
924 3134 1089 3205 Gopcruico,
1112 3132 1246 3190 Rhaetico
1265 3132 1340 3190 culta
1358 3138 1386 3188 et
1402 3138 1495 3208 anem,
1514 3132 1555 3186 in·

193 3223 280 3279 renn'a
292 3221 476 3278 lrmbonibns
488 3221 664 3280 decimalibus
676 3229 705 3280 st
715 3223 862 3292 praecipue
879 3220 1048 3292 legeritbmis
1060 3221 1158 3291 (1614)
1177 3218 1362 3289 expediendis,
1381 3235 1451 3288 qnae
1471 3225 1554 3276 antea

195 3311 309 3380 luerent,
329 3310 540 3388 difflopltatibns
558 3310 694 3379 egregium
707 3312 814 3380 accepit
824 3303 1020 3382 acljnme'ntum,
1038 3326 1093 3382 qno
1105 3325 1170 3366 rere
1183 3307 1319 3379 Keplsrns
1332 3323 1394 3364 sero
1406 3306 1553 3364 admodum

194 3397 231 3452 nti
249 3397 347 3468 potuit,
365 3413 423 3454 non
442 3397 531 3454 minus
550 3412 582 3452 ac
599 3396 694 3464 torma,
714 3414 797 3467 quam
811 3400 919 3469 accepit
935 3398 1104 3468 algebraicus
1116 3397 1239 3454 calemus
1252 3413 1269 3454 a
1280 3397 1362 3452 Vieta
1374 3401 1403 3452 ct
1415 3396 1552 3462 llariotto‚

194 3499 251 3540 sero
269 3484 420 3542 ιιιιοιιιιιι
432 3483 552 3554 Keplsre
566 3483 692 3553 innotuit,
710 3486 750 3542 ita
768 3491 799 3542 ιιι
815 3485 953 3544 rarissime
965 3501 999 3542 ao
1016 3485 1291 3573 utereturtlleplerns
1304 3483 1340 3542 ad
1352 3483 1474 3542 calemus
1490 3497 1555 3540 snos

193 3574 398 3632 astronomicus.
