3624 5554
229 375 294 450 728
735 375 800 435 vita
816 375 932 434 loannis
949 372 1069 447 liepleri.

227 551 300 610 seins
318 560 347 610 et
368 550 502 623 imperare
520 557 681 622 consuetus,
705 550 764 610 siue
783 552 865 610 dubio
884 551 1034 623 Keplcrnm
1052 547 1148 606 eodem
1165 547 1246 606 modo
1264 547 1369 616 habuit,
1387 564 1441 620 qno
1459 545 1581 617 reliquos

228 655 294 696 snos
318 638 530 708 „domesticos“,
557 638 752 710 ,discipulos¹‚
778 643 1006 709 ,amanuenses“;
1036 645 1136 694 testem
1159 637 1291 694 hahemus
1314 637 1473 707 epistolam,
1500 649 1582 704 quam

226 741 311 798 supra
328 728 365 796 (p.
383 727 482 798 'libia
499 729 574 797 uota)
592 727 687 796 paucis
705 729 838 798 diximus,
861 728 990 798 scriptam
1008 741 1025 782 a
1043 723 1162 796 Keplero
1180 725 1224 780 die
1243 727 1268 782 6.
1287 723 1395 792 Martii,
1421 724 1484 780 dum
1503 724 1582 780 initio

224 813 326 885 Aprilis
336 814 426 884 pactio
439 813 509 870 iuter
517 814 674 885 Tyobonem
686 821 714 870 et
721 816 870 886 Keplerum
882 815 957 872 iacta
968 813 1029 872 init.
1056 814 1099 868 lix
1112 813 1163 868 hac
1175 811 1306 882 epistola,
1320 828 1482 882 quamquam
1496 810 1583 866 altera

132 937 133 944 .
226 902 289 958 talis
302 918 357 958 non
375 907 466 958 exstat
478 903 505 957 in
518 900 572 958 illis
586 901 733 972 codicibus,
746 918 802 959 non
813 903 872 959 sinc
885 900 1118 958 verisimilitudine
1131 899 1294 956 concludere
1306 900 1385 969 licet,
1403 898 1552 970 Keplerum
1565 912 1583 952 a

228 988 361 1059 Tyehone
378 989 413 1046 ad
432 987 528 1044 cadem
547 989 657 1044 cernua
675 989 827 1046 adhibitum
846 1005 914 1060 esso,
935 990 969 1044 ad
988 1005 1059 1059 quae
1077 988 1175 1059 reliqui
1194 987 1354 1054 ,studiosi“.
1380 987 1449 1055 Quis
1466 985 1583 1052 dubitet,

227 1075 291 1145 quie
314 1075 424 1146 gravius
442 1076 470 1132 id
491 1076 585 1132 tulerit
601 1076 750 1147 chlcrus,
771 1078 878 1146 maq'ora
897 1077 986 1134 animo
1003 1076 1140 1134 moliens?
1170 1075 1255 1132 Simul
1273 1075 1435 1145 promissum
1458 1075 1583 1130 Caesaris

231 1162 359 1218 salarium
383 1163 417 1220 de
440 1163 484 1220 die
502 1164 529 1219 iu
548 1163 620 1220 diem
638 1165 903 1235 procrastinahatur;
927 1163 1008 1221 simul
1028 1167 1204 1233 ,procerumt
1225 1162 1409 1233 Styriaoorum
1433 1176 1583 1218 consensus

228 1266 283 1306 uon
296 1250 395 1308 allatus
409 1259 460 1320 est,
473 1268 527 1323 qno
541 1251 661 1322 Keplero
675 1253 753 1308 venia
765 1252 875 1310 daretur
887 1253 993 1322 Prspao
1007 1251 1200 1318 commorandi,
1220 1249 1319 1327 salario
1333 1251 1455 1321 Styriaco
1468 1249 1584 1306 ulterius

226 1337 345 1396 iurandi.
382 1339 458 1396 ilaec
476 1340 518 1394 val
537 1339 636 1396 similia
653 1340 681 1394 in
700 1356 784 1397 causa
801 1339 886 1398 inisse
905 1341 1038 1408 ridentur,
1057 1347 1088 1396 ιιι
1105 1338 1239 1408 Keplerus
1257 1338 1354 1396 relicta
1370 1337 1506 1394 Benatica
1518 1338 1584 1393 Pra-

228 1441 290 1497 gam
309 1425 412 1483 rediret
430 1427 464 1482 ad
477 1427 671 1484 Hoffmsnuum
691 1443 780 1497 coque
796 1429 951 1486 inconsulto
970 1429 1064 1484 literas
1083 1425 1189 1482 dederit
1201 1426 1325 1496 Tychoni
1343 1425 1454 1482 nimium
1466 1424 1580 1480 acerbas

225 1520 255 1568 et
275 1513 470 1582 ,rualsenem
495 1513 658 1572 solutionem
684 1517 758 1585 pacti
781 1516 914 1574 indicans.
950 1517 1059 1574 Litoras
1082 1515 1133 1570 has
1155 1516 1230 1584 ipsas
1253 1529 1308 1568 non
1329 1511 1359 1568 in
1376 1511 1516 1570 codicibus
1536 1511 1582 1568 de·

228 1599 433 1670 prehendimus,
452 1601 501 1656 sed
519 1600 570 1656 has
589 1601 726 1672 Tychonis
747 1604 781 1660 ad
798 1602 955 1659 lessenium
980 1603 1058 1658 datas
1077 1601 1102 1658 d.
1122 1601 1147 1658 8.
1165 1600 1280 1672 Aprilis:
1304 1601 1375 1657 (lum
1392 1608 1425 1662 tu
1441 1599 1487 1656 hic
1504 1615 1584 1670 speo-

226 1693 300 1743 tator
317 1694 346 1743 ct
363 1686 471 1744 auditor
487 1688 573 1746 iueris
591 1705 695 1759 eorum,
715 1705 785 1762 qnae
798 1708 816 1746 a
828 1689 948 1761 lieploro
968 1691 1040 1748 dioto
1057 1689 1185 1758 iactaque
1204 1693 1268 1744 sunt
1285 1688 1335 1743 sub
1354 1688 1441 1759 ipsius
1460 1687 1583 1743 discessu

227 1781 257 1829 et
275 1773 356 1830 siranl
376 1775 512 1844 quomodo
530 1782 630 1846 postca
643 1777 725 1846 juxta
743 1793 860 1849 currum,
879 1778 945 1834 mihi
963 1778 1159 1846 valedicturus,
1185 1775 1339 1848 petulantia
1357 1777 1473 1846 quadam
1492 1791 1584 1832 coram

227 1861 296 1918 duco
313 1878 381 1932 prae
398 1879 429 1918 se
447 1863 531 1920 terret
555 1871 638 1936 atque
657 1879 690 1922 ea
712 1867 769 1937 ria,
795 1866 869 1936 quod
887 1865 1002 1922 affectus
1021 1881 1086 1921 suos
1103 1879 1199 1935 regere
1223 1880 1278 1919 non
1295 1869 1401 1933 posset,
1428 1869 1582 1932 excusarat,

226 1964 330 2019 egoque
344 1965 360 2004 a
372 1949 572 2006 condonatione
584 1968 639 2008 non
652 1953 757 2010 alienus
776 1969 865 2009 casem
877 1953 982 2023 tibique
994 1953 1023 2008 in
1036 1968 1128 2008 aurem
1147 1952 1294 2020 susurrari,
1312 1957 1343 2005 ut
1356 1951 1487 2022 efficeres,
1507 1950 1583 2006 illum

227 2037 333 2108 Pergae
350 2037 438 2095 literis
456 2039 553 2093 adme
572 2038 644 2096 datis
662 2041 690 2096 id
708 2042 797 2111 ipsum
815 2041 926 2110 testari,
946 2041 1018 2110 quod
1037 2040 1109 2096 mule
1127 2039 1217 2109 ipsum
1235 2035 1349 2106 habeat,
1369 2044 1401 2094 se
1417 2037 1457 2092 aic
1475 2038 1583 2093 exorbi-

226 2131 302 2181 tasse
320 2141 475 2197 asperaque
493 2142 581 2182 meam
599 2127 627 2182 in
646 2131 759 2198 gratiam
777 2129 875 2198 redire,
895 2129 968 2198 quod
987 2135 1015 2182 et
1033 2136 1061 2184 tu
1079 2127 1214 2183 iacturum
1227 2123 1320 2194 aiebas
1341 2131 1369 2178 ct
1386 2130 1485 2194 sponte
1502 2133 1585 2179 autea

227 2215 296 2271 mihi
313 2216 427 2273 seorsim
446 2216 563 2285 dixeras,
582 2223 611 2272 te
622 2218 651 2272 in
663 2216 758 2273 itincre
770 2217 859 2286 ipsum
872 2217 944 2272 sorio
957 2216 1166 2284 admoniturum,
1184 2213 1239 2268 imo
1252 2213 1491 2282 reprehensorum,
1510 2213 1585 2282 qnod

229 2317 260 2358 sa
278 2309 335 2358 tam
353 2305 518 2374 impotenter
537 2310 565 2360 ct
582 2304 669 2360 bilose
687 2305 816 2374 gesserit,
839 2315 937 2360 contra
955 2320 1036 2374 quam
1055 2304 1134 2360 decet
1150 2303 1238 2358 uirum
1255 2302 1365 2359 doctum
1384 2309 1412 2358 et
1429 2303 1584 2371 honestum,

224 2389 327 2447 idcirco
351 2391 430 2446 mitto
448 2391 498 2446 tibi
520 2391 566 2446 bic
589 2391 709 2450 inclusas
733 2393 820 2464 ipsius
844 2393 953 2462 literas,
978 2407 1094 2462 quornm
1118 2389 1246 2447 effrenem
1263 2391 1440 2460 petulantiam
1459 2396 1487 2446 ot
1505 2389 1584 2444 nimia

227 2483 399 2546 arrogantem
417 2477 588 2536 dicacitatem
607 2491 658 2534 nec
676 2495 726 2549 per
744 2494 835 2534 meum
853 2479 952 2545 vinum,
971 2493 1084 2549 uesper
1096 2493 1186 2534 meum
1199 2485 1373 2546 contemtum,
1391 2493 1442 2534 noc
1455 2477 1585 2548 quicquid

228 2565 361 2636 ejusmodi
380 2565 456 2624 aliud
474 2581 607 2624 excusare
625 2568 739 2636 poterit,
764 2565 817 2623 nisi
835 2573 863 2624 et
880 2573 946 2624 tuuc
964 2567 1084 2622 fumosus
1106 2566 1158 2622 iuit
1176 2568 1229 2637 (uti
1247 2567 1318 2624 forte
1337 2567 1420 2638 hrq'us
1438 2566 1525 2623 morbi
1542 2581 1585 2622 ae-

228 2655 310 2725 mina,
329 2655 411 2710 etium
430 2671 492 2710 cum
511 2654 563 2711 cibi
582 2655 699 2710 maximo
719 2660 846 2710 constare
863 2654 978 2718 ridetur.
998 2655 1068 2710 clam
1080 2653 1175 2724 iuvet),
1193 2671 1254 2710 cum
1266 2655 1320 2709 ista
1332 2654 1484 2732 composito
1496 2654 1586 2710 animo

227 2743 368 2802 seriberat.
403 2743 546 2800 Miraberis
564 2742 683 2800 hominis
700 2742 729 2797 in
746 2742 851 2798 malitia
875 2741 943 2797 citra
965 2757 1045 2796 omne
1069 2757 1159 2797 meum
1180 2742 1306 2798 meritum
1329 2743 1515 2814 pertinaciam,
1534 2755 1586 2798 nec

229 2830 300 2886 iorte
318 2829 435 2886 babebis
453 2826 531 2885 alind
547 2829 613 2899 quid
632 2828 722 2899 dicas,
749 2845 830 2897 quam
849 2844 892 2884 me
910 2843 971 2883 mea
989 2828 1157 2884 humanitate
1176 2829 1312 2898 effecisse,
1331 2837 1363 2885 ut
1378 2829 1431 2886 isto
1449 2830 1585 2886 hominem

229 2923 343 2973 exueret
358 2922 441 2986 atque
459 2918 488 2972 in
505 2914 632 2986 rapidum
650 2930 759 2984 canem,
783 2930 865 2984 quem
884 2931 935 2971 suo
954 2917 1095 2972 stomacho
1115 2933 1145 2972 so
1163 2916 1294 2972 aemulari
1312 2916 1403 2972 dicero
1419 2916 1517 2972 solitus
1536 2922 1586 2978 est,

227 3003 476 3060 mansiormaretur.
512 3005 621 3074 Inspice
639 3005 729 3074 igitur·
740 3012 769 3058 et
787 3004 905 3074 despice,
924 3003 997 3074 quod
1016 3013 1047 3060 et
1062 3021 1113 3074 ego
1132 3003 1251 3062 faciam?
1277 3005 1344 3073 Quis
1361 3005 1432 3060 enim
1451 3003 1587 3060 iaremcm

228 3093 347 3149 scienter
365 3099 394 3148 et
409 3092 534 3149 volenter
551 3092 630 3148 iacile
647 3091 776 3146 ¹oneraret?
795 3090 824 3146 Si
835 3091 925 3160 ipsum
937 3091 964 3146 in
984 3092 1028 3146 ria
1039 3091 1206 3149 admonuisti
1223 3099 1251 3150 ct
1269 3100 1299 3148 ut
1310 3093 1432 3148 rationes
1443 3091 1585 3158 inveniret,

227 3193 332 3235 mecum
351 3177 441 3234 denuo
459 3179 488 3235 iu
507 3178 652 3235 amicitiam
672 3177 814 3247 redeundi,
832 3172 995 3235 adhortatus
1013 3194 1058 3247 es,
1082 3180 1143 3236 side
1160 3193 1272 3250 quaeso,
1291 3179 1388 3251 quales
1405 3177 1511 3234 fructus
1530 3176 1586 3233 edi·

228 3265 299 3320 derit
316 3271 366 3320 tua
384 3265 543 3322 admonitio.
579 3265 653 3321 Nolo
673 3281 735 3320 cum
754 3273 809 3320 tum
827 3265 937 3335 procaci
955 3267 1048 3335 lingua
1065 3269 1205 3338 praedito,
1231 3283 1282 3325 uec
1299 3267 1449 3324 modestiae
1466 3272 1514 3321 aut
1531 3265 1585 3320 rir-

228 3353 296 3408 tutis
314 3369 408 3408 curam
425 3353 552 3418 habente,
571 3353 735 3410 contendere
754 3351 852 3408 verbis.
890 3353 958 3408 (inm
976 3368 1010 3408 ex
1028 3353 1072 3410 his
1090 3355 1233 3412 malitiosis
1252 3356 1338 3412 literis
1354 3356 1418 3426 plus
1437 3353 1506 3410 satis
1526 3367 1589 3422 per-

229 3442 419 3512 cipiam„enm
437 3456 492 3496 non
511 3457 691 3508 reversurum,
709 3441 750 3497 uti
768 3440 849 3496 etium
868 3456 922 3496 uon
942 3440 1037 3514 cupio,
1062 3443 1177 3512 ipsemet
1194 3443 1221 3499 in
1241 3443 1323 3513 culpa
1340 3450 1398 3511 ost,
1418 3443 1492 3514 qnod
1509 3439 1589 3510 polii·

144 3521 146 3530 ’
231 3529 291 3585 citis
310 3535 383 3585 stare
401 3543 535 3598 nequeam
554 3534 582 3582 et
600 3543 684 3597 super
700 3527 761 3593 hoc,
781 3528 855 3598 quod
872 3528 901 3583 iu
919 3529 1037 3598 epistola
1051 3530 1108 3600 jam
1126 3531 1210 3588 missa
1224 3531 1293 3602 jecit
1309 3531 1524 3596 fundamentum,
1542 3531 1588 3586 six

230 3623 294 3673 utar
312 3633 345 3672 co
362 3623 493 3686 tanquam
511 3615 676 3685 architecto,
704 3617 749 3670 cui
773 3617 877 3687 aliquid
896 3633 931 3672 ex
948 3617 1016 3674 meis
1036 3605 1270 3676 observationibus
1288 3625 1316 3676 et
1335 3617 1475 3674 laboribus
1494 3634 1603 3689 superr-¹

229 3712 358 3762 struatur.
396 3704 446 3758 llle
462 3703 522 3775 ipse
540 3719 584 3760 mc
598 3703 657 3774 Jam
675 3705 761 3774 magis
780 3714 898 3775 mutum,
918 3721 1002 3776 quam·
1017 3714 1100 3764 antas
1117 3707 1170 3778 ini,
1194 3706 1326 3776 reddidit,
1349 3707 1429 3777 genio
1448 3706 1490 3762 uti
1506 3722 1588 3776 spero

228 3797 300 3852 bono
318 3792 371 3847 mci
389 3807 482 3848 curam
499 3792 619 3850 babeute
638 3800 665 3870 et
683 3793 773 3848 omnia
791 3793 830 3850 sic
847 3794 875 3849 in
899 3810 988 3850 meum
1012 3795 1182 3851 commodum
1207 3795 1348 3865 dirigente.
1384 3795 1476 3850 Nolim
1494 3800 1588 3850 tamen

229 3882 270 3938 uti
288 3883 406 3952 cuipiam
424 3882 476 3936 has
493 3881 673 3952 lieplerianas
698 3880 792 3938 literas
811 3881 941 3938 ostendas
965 3889 993 3937 et
1019 3898 1054 3938 uo
1072 3882 1232 3951 qnidam-1).
1251 3882 1428 3950 Hoffmanno,
1454 3889 1502 3937 ant
1526 3899 1588 3938 cum

226 3971 289 4040 ipso
302 3970 424 4040 Koptero
442 3971 494 4027 hac
512 3970 547 4026 dc
565 3987 595 4026 re
614 3969 784 4048 expostulem
800 3969 849 4024 sed
869 3987 930 4026 cum
949 3970 1003 4026 boc
1014 3969 1113 4026 nuncio
1127 3970 1197 4025 benc
1210 3971 1353 4028 conclusas
1369 3969 1437 4026 mibi
1454 3973 1587 4027 remittas.

228 4063 257 4119 Si
275 4069 366 4118 umen
384 4059 544 4129 olefecerie,
563 4059 652 4129 ipsum
671 4057 744 4129 apud
762 4058 796 4113 D.
815 4056 1009 4124 Hoffmannarn
1026 4058 1070 4112 vel
1090 4058 1159 4114 alios
1177 4075 1220 4115 me
1238 4059 1431 4115 calumniatum
1456 4075 1525 4128 esse,
1545 4061 1590 4116 iac

229 4148 301 4220 quod
320 4150 421 4206 bonum
440 4153 468 4204 et
486 4147 623 4216 integrum
641 4146 728 4201 airum
747 4145 833 4202 decet.
862 4145 975 4202 Interim
993 4146 1075 4202 etiam
1093 4161 1129 4202 an
1147 4147 1221 4218 apud
1233 4147 1361 4204 Ursinnm
1379 4153 1488 4212 (Ursum)
1505 4147 1588 4204 istum

229 4238 332 4309 aliquid
344 4237 374 4294 in
385 4251 473 4292 meam
486 4233 677 4292 contumeliam
689 4234 772 4290 tacite
781 4232 916 4302 moliatur,
928 4249 978 4304 per
988 4233 1095 4290 terbum
1109 4234 1151 4314 qel
1160 4241 1286 4304 quartam
1297 4250 1407 4290 manum
1418 4234 1526 4305 inquire
1535 4241 1587 4292 etc.

333 4325 377 4380 hd
390 4322 585 4395 Hoffmannum
598 4321 625 4379 d.
640 4322 666 4378 o.
677 4321 782 4393 Aprilis
799 4321 869 4378 baec
881 4321 994 4377 dederat
1006 4321 1111 4392 Tycha:
1124 4315 1248 4380 illustris
1266 4331 1295 4380 ct
1311 4339 1444 4392 generose
1461 4326 1513 4390 sir,
1533 4326 1588 4381 Do·

229 4417 301 4472 mino
319 4419 347 4472 et
365 4413 451 4468 amice
469 4410 713 4469 honorandissime.
750 4410 832 4468 Redit
857 4426 928 4466 nunc
946 4409 1063 4480 Praqam
1083 4411 1120 4466 lli.
1142 4412 1277 4482 Keplerus
1302 4419 1329 4467 ct
1350 4411 1415 4468 licet
1432 4427 1532 4470 suasor
1548 4411 1588 4468 illi

229 4502 342 4572 merim,
360 4507 392 4557 ut
411 4499 554 4556 domestici
576 4500 644 4570 mei,
669 4501 717 4572 qui
735 4501 883 4558 etiamnum
900 4497 1012 4556 Pilsnae
1029 4505 1072 4554 cst
1089 4505 1118 4554 ct
1135 4499 1208 4554 inter
1230 4499 1285 4554 alia
1305 4499 1334 4554 in
1356 4501 1469 4570 negotio
1487 4500 1587 4556 dictum

229 4590 378 4660 Keplerum
398 4593 580 4645 conternante
598 4575 736 4659 ealliditat,
754 4588 881 4658 reditum,
900 4603 981 4657 quem
997 4585 1070 4642 intra
1088 4601 1191 4656 paucos
1210 4587 1267 4642 dies
1286 4585 1408 4642 futorum
1426 4601 1522 4658 sparo,
1541 4603 1586 4642 ex·

229 4681 354 4748 pecteret
360 4715 367 4744 ,
386 4682 418 4733 nt
435 4676 500 4746 quid
519 4674 579 4731 lieri
596 4675 685 4746 possit
703 4677 803 4734 cenius
822 4675 966 4744 sciremus,
985 4675 1145 4745 pracsertim
1163 4691 1224 4731 cum
1244 4689 1308 4745 spes
1332 4674 1425 4745 aliqua
1447 4674 1520 4732 lacta
1543 4674 1586 4742 sit,

230 4777 307 4821 suam
325 4763 402 4820 caes.
420 4763 489 4834 Mai.
506 4762 687 4834 petitionibus
704 4764 773 4820 mois
791 4761 948 4820 humillimis
966 4762 1176 4820 clementissimo
1193 4760 1313 4820 annuere
1329 4761 1412 4828 velle,
1439 4770 1522 4833 atque
1540 4763 1586 4818 de·

229 4867 303 4910 mum
321 4849 425 4924 aliquid
441 4851 495 4912 rati
513 4851 678 4910 concludere
696 4865 847 4926 possemus,
864 4855 956 4910 umen
973 4866 1035 4908 curu
1047 4851 1137 4926 ipsum
1148 4849 1323 4910 nihilominus
1335 4851 1438 4912 abitum
1456 4851 1587 4914 insuaue
