3624 5554
257 417 322 492 726
769 408 1103 481 vroroonouuepse.

255 595 352 666 possit.
387 590 451 648 Dixi
469 605 531 648 nam
548 587 659 660 quidem
675 585 856 644 Boleslariam
873 601 917 655 ms
934 599 988 642 non
1007 584 1151 641 'admodum
1170 583 1331 658 abhorrere,
1351 585 1374 642 si
1392 585 1428 642 rbi
1448 601 1510 644 esse
1522 587 1607 660 malit,

256 689 376 738 attamen
394 677 451 733 illic
470 676 602 748 deliquia
620 681 647 731 et
665 673 829 730 carbonibus
847 691 902 729 non
921 673 960 728 ita
978 679 1061 742 atqua
1079 673 1125 728 hic
1141 673 1194 744 ipsi
1207 675 1364 745 prospicere
1382 692 1472 744 posse,
1491 693 1542 733 neo
1553 685 1609 752 tam

257 785 339 838 saepe
357 768 499 824 internos
518 771 601 834 atquo
620 778 689 832 opus
708 763 791 820 luerit
809 761 934 820 conierre
948 761 987 816 sio
1000 761 1118 831 daretur,
1137 761 1229 818 multis
1243 763 1452 820 difficultatibus
1464 781 1520 820 rem
1534 765 1610 822 illam

253 853 402 912 involutam
422 869 491 922 esse,
510 869 560 908 nec
578 859 668 907 tamen
689 853 711 906 si
729 851 875 907 admodum
893 849 1016 922 indigeat
1028 851 1203 905 renuiturum.
1237 851 1279 907 De
1292 851 1435 908 Brandisio
1448 869 1491 907 me
1504 854 1609 910 nullam

254 944 353 1000 fecisse
371 941 549 1016 mentionem,
568 939 633 994 mihi
652 939 722 993 enim
741 937 768 993 id
786 937 856 993 idem
875 937 960 996 ferme
978 937 1099 1006 videtur,
1119 953 1151 991 ac
1169 939 1193 992 si
1211 937 1317 1008 Pragae
1335 921 1423 1016 esset:
1451 941 1496 995 nbi
1518 942 1542 996 si
1560 943 1610 997 ali·

254 1027 364 1102 quaudo
381 1029 558 1100 habitaverit,
581 1033 647 1082 tunc
665 1023 820 1094 dispiciam,
845 1025 910 1095 quid
927 1023 954 1079 in
974 1032 1114 1094 posterum
1129 1026 1211 1095 juxta
1236 1026 1295 1096 ejus
1315 1025 1450 1083 desideria
1468 1037 1609 1099 praestare

256 1135 355 1190 queam
372 1117 415 1174 uel
434 1133 522 1187 secus,
542 1115 614 1184 qood
634 1115 714 1169 etiarn
732 1114 798 1171 mihi
816 1114 844 1170 in
864 1129 970 1170 ornnem
989 1121 1116 1170 eventurn
1134 1112 1246 1168 liberum
1259 1129 1378 1172 reservo.
1410 1115 1486 1186 Quae
1499 1117 1534 1173 dc
1546 1137 1609 1174 cou-

253 1205 407 1264 lusionibus
430 1203 610 1260 oeconomieis
630 1210 658 1256 et
674 1199 762 1256 turbis
787 1199 951 1256 familiarum
969 1202 1065 1268 interr,
1091 1201 1225 1274 replicare
1248 1221 1290 1260 nse
1309 1205 1395 1274 nolle,
1421 1223 1483 1263 cuna
1501 1209 1609 1279 quidvis

253 1299 406 1350 metuentes
430 1293 482 1348 sibi
504 1291 578 1346 mille
602 1289 736 1362 ejusmodi
761 1289 893 1360 suspicari
912 1297 1006 1360 cipro
1029 1289 1118 1346 lubitu
1137 1307 1301 1362 exasperare
1324 1301 1433 1364 queant
1473 1295 1609 1354 stamen

254 1378 419 1452 ejuscemodi
438 1379 502 1448 quid
521 1377 556 1434 ad
575 1393 618 1433 me
636 1378 770 1450 perlatum
791 1377 875 1446 soret,
901 1375 1060 1434 effecturum
1086 1395 1135 1448 pro
1154 1378 1225 1434 virili
1249 1387 1279 1436 ut
1302 1381 1471 1438 emendetur.
1507 1385 1609 1441 Existi·

253 1485 327 1525 mare
346 1476 437 1526 autem
455 1483 506 1538 me,
525 1467 599 1538 quod
618 1481 668 1521 nec
687 1482 737 1534 ego
756 1481 807 1524 neo
824 1465 960 1536 quispiam
977 1481 1099 1521 meorum
1112 1465 1268 1538 Keplerum,
1287 1469 1392 1526 interea
1409 1471 1473 1528 dum
1486 1471 1530 1528 hic
1549 1473 1609 1544 luit,

251 1559 335 1613 uerbo
353 1563 401 1612 aut
418 1555 491 1611 lacto
504 1554 594 1610 ullove
606 1554 686 1610 modo
704 1554 821 1611 laeserit.
847 1551 876 1610 Si
895 1561 984 1611 autem
1004 1556 1031 1610 id
1045 1555 1167 1624 contigit,
1186 1571 1229 1610 me
1248 1575 1361 1629 prorsus
1380 1561 1465 1616 inscio
1484 1569 1512 1617 et
1524 1563 1608 1619 invito

251 1647 357 1703 iactum
374 1661 442 1702 esse.
473 1644 516 1700 De
534 1643 576 1714 iis,
596 1659 666 1714 qnae
685 1644 800 1730 ipsemet
811 1643 949 1714 patienter
966 1639 1083 1708 tulerim,
1102 1643 1176 1699 nolle
1188 1643 1254 1716 quid
1265 1647 1377 1719 referre,
1395 1665 1430 1703 ne
1443 1663 1524 1718 aegre
1536 1649 1609 1705 serre

251 1733 347 1790 videar
364 1740 412 1789 aut
429 1731 547 1787 animum
565 1747 631 1800 erga
648 1729 737 1802 ipsum
755 1730 917 1788 benevolum
936 1731 1082 1786 remittere.

357 1821 382 1876 d.
402 1819 473 1889 Quid
491 1819 531 1876 illi
550 1818 642 1876 salarii
659 1818 721 1876 loco
739 1835 790 1892 pro
810 1820 868 1875 suis
886 1819 1025 1875 laboribus
1044 1819 1071 1873 in
1089 1835 1120 1874 re
1138 1819 1319 1876 astronomica
1337 1821 1477 1877 annuatim
1494 1832 1605 1894 praeter

251 1909 387 1980 viaticum,
406 1909 514 1979 dequo
534 1915 626 1973 antea,
645 1909 765 1968 tribuere
785 1907 878 1972 selim,
897 1906 954 1962 dixi
972 1923 1016 1961 me
1034 1904 1100 1961 nibil
1120 1907 1186 1962 certi
1204 1906 1257 1962 hac
1277 1907 1310 1962 de
1328 1924 1358 1964 re
1375 1915 1497 1967 statuere
1516 1928 1606 1982 posse,

254 2005 401 2067 antequam
420 1996 454 2051 ab
471 1997 532 2066 ipso
551 1997 668 2064 audiam,
686 1993 752 2068 quid
770 2001 857 2068 petat,
876 2011 966 2065 neque
985 1993 1055 2049 enim
1073 1995 1141 2049 mihi
1159 1993 1245 2067 ipsius
1262 2011 1306 2052 res
1324 1996 1363 2051 ita
1375 2007 1534 2067 perspectas
1548 2017 1610 2056 esse

252 2091 300 2140 aut
317 2090 453 2155 constare,
473 2086 573 2154 quibus
592 2102 661 2155 opus
674 2083 783 2155 habeat,
803 2089 884 2156 atque
902 2083 1023 2154 ipsimet:
1042 2081 1159 2152 ideoque
1179 2083 1259 2138 etiarn
1278 2091 1342 2139 ante
1357 2085 1464 2141 Pascha
1482 2101 1543 2142 enm
1561 2089 1608 2144 ad·

251 2165 398 2238 mbnnisse,
417 2179 448 2226 ut
465 2171 519 2231 boc
536 2171 639 2242 pariter
651 2178 767 2242 notaret,
786 2187 837 2242 me,
857 2171 908 2240 etsi
927 2187 988 2228 eum
1002 2171 1088 2227 ditare
1102 2188 1242 2243 nequeam,
1262 2175 1301 2230 uti
1316 2191 1402 2246 neque
1415 2193 1465 2248 ego
1479 2195 1513 2234 ex
1525 2180 1609 2250 hujus

252 2259 324 2314 orbis
343 2259 506 2314 tractatione
525 2259 666 2330 quippiam
683 2255 753 2315 lucri
771 2259 912 2315 habuerim
931 2267 980 2314 aut
997 2275 1055 2314 rem
1069 2259 1190 2328 fecerim,
1210 2261 1258 2316 saal
1273 2262 1365 2332 potius
1383 2280 1415 2320 eo
1428 2265 1545 2334 mperes
1563 2283 1609 2322 ex·

250 2363 352 2418 pensas
370 2346 562 2416 anstinuedm,
581 2346 655 2403 nolle
672 2353 764 2402 tamen
783 2355 814 2402 ιιι
831 2362 893 2402 mea
911 2346 945 2402 de
963 2361 1046 2401 causa
1064 2345 1117 2402 sibi
1136 2356 1210 2404 creet
1226 2348 1426 2408 incommodum
1442 2362 1490 2409 aut
1501 2355 1610 2425 dispen-

251 2435 323 2496 dium
343 2453 453 2493 suarum
475 2452 565 2492 rorum
583 2435 674 2492 iaciat.
700 2439 737 2490 At
755 2435 778 2490 ai
797 2434 973 2500 existimaret,
992 2435 1020 2488 in
1033 2435 1124 2506 Styria
1142 2435 1248 2491 Graecii
1268 2438 1435 2495 commodius
1452 2440 1481 2495 id
1499 2442 1608 2499 efficere

249 2540 341 2596 posse,
361 2541 411 2594 per
429 2538 472 2578 rue
491 2529 519 2578 et
535 2523 576 2578 illi
594 2523 647 2578 boc
665 2523 755 2591 licere,
777 2529 839 2578 cum
857 2519 897 2575 illi
916 2537 998 2591 quam
1017 2522 1119 2594 optime
1138 2523 1255 2592 cupiam.

356 2611 381 2667 5.
400 2608 472 2682 Quid
491 2611 592 2682 egerim
611 2610 670 2680 ejus
690 2609 724 2690 dc
743 2623 826 2664 causa
844 2609 958 2680 Pragaa,
978 2626 1033 2678 quo
1052 2609 1132 2664 etiam
1151 2611 1258 2668 nomine
1277 2613 1400 2684 proxime
1418 2631 1450 2671 eo
1470 2617 1548 2673 simul
1567 2635 1609 2676 as·

251 2707 340 2758 sumto
357 2699 498 2772 proiectus
516 2717 584 2772 snm,
604 2708 632 2756 et
650 2695 787 2769 quomodo
800 2711 874 2754 meos
888 2696 922 2753 dc
941 2698 1050 2765 negotio
1068 2699 1142 2782 illius
1160 2699 1189 2754 in
1207 2698 1269 2755 aula
1282 2697 1454 2759 sollicitando
1472 2693 1609 2762 instruxe·
1653 2731 1656 2740 ι
1704 2729 1709 2738 ·
1810 2769 1811 2776 χ

251 2791 310 2861 rim,
328 2789 444 2860 ipsomet
463 2789 548 2844 norit.
586 2785 629 2845 Ad
648 2801 719 2856 quae
738 2802 798 2842 cum
818 2785 933 2842 necdum
954 2785 1106 2854 categorice
1125 2801 1286 2858 responsum
1306 2788 1350 2856 sit,
1369 2789 1417 2843 sed
1436 2790 1528 2862 potius
1547 2807 1629 2862 spes.

249 2877 332 2946 iacta,
351 2877 443 2932 omnia
461 2893 495 2930 ex
514 2883 577 2931 voto
597 2891 766 2946 successura,
787 2873 855 2930 nibil
874 2881 950 2930 certo
969 2874 1096 2931 addicere
1115 2892 1211 2945 posse,
1236 2883 1382 2946 antequam
1402 2879 1513 2950 Daniel,
1532 2898 1609 2941 meus

250 2961 425 3033 domesticus,
443 2979 569 3020 reversus
587 2965 678 3030 luerit,
698 2973 746 3019 aut
764 2979 780 3018 a
798 2963 890 3034 Magn.
909 2963 1025 3020 Domino
1046 2965 1205 3030 Garaducio,
1223 2982 1291 3034 quas
1310 2981 1340 3020 sc
1358 2965 1424 3020 mihi
1442 2967 1475 3022 de
1495 2967 1609 3039 singulis

252 3051 447 3121 rescripturum
466 3051 615 3122 Tegnaglio
634 3059 729 3107 nostro
748 3051 825 3120 dixit,
842 3051 938 3108 literas
955 3053 1121 3134 acceperim,
1139 3058 1197 3106 tum
1217 3069 1326 3122 quoque
1345 3069 1362 3108 a
1380 3054 1495 3110 Domino
1513 3057 1610 3114 Barre·

251 3141 327 3212 vitio,
346 3141 369 3196 si
387 3139 410 3197 is
429 3139 580 3198 rescribere
599 3139 723 3214 voluerit.
759 3139 788 3196 Si
806 3156 823 3195 s
842 3141 983 3196 (1ιιοι.Μιο
1001 3139 1046 3195 bic
1063 3149 1191 3211 receptus
1210 3139 1307 3210 inerit,
1327 3141 1474 3198 autetiam
1496 3159 1557 3201 mea
1575 3146 1609 3203 de

257 3245 340 3288 causa
357 3228 412 3286 tale
430 3229 496 3300 quid
514 3229 570 3299 fiet,
589 3245 670 3300 sporo
690 3247 739 3286 nos
758 3229 848 3285 media
866 3227 1032 3291 inventuros,
1052 3237 1083 3284 ut
1100 3229 1145 3282 bic
1163 3245 1218 3284 non
1236 3229 1333 3286 saltem
1352 3229 1501 3302 commiade,
1520 3231 1568 3288 sed
1583 3241 1611 3290 et

250 3323 315 3372 tnto
333 3315 424 3387 degat,
443 3317 550 3388 injuriis
569 3317 685 3374 aliorum
704 3325 781 3374 extra
797 3318 843 3386 jus
862 3333 917 3372 non
936 3317 1088 3386 expositus,
1107 3317 1182 3387 quod
1200 3323 1228 3372 et
1239 3301 1295 3386 'per
1314 3333 1343 3372 se
1361 3333 1478 3387 aequum
1497 3327 1548 3374 est.

355 3405 381 3462 ti.
399 3403 507 3462 Literas
519 3403 606 3476 ipsius
619 3405 707 3474 uxori,
726 3413 808 3475 prout
820 3405 932 3474 expetit,
952 3403 1070 3460 scribere
1083 3419 1139 3457 non
1151 3400 1400 3472 tergiversatumm,
1413 3421 1474 3460 cnm
1488 3413 1516 3462 et
1529 3413 1610 3464 antea

251 3491 279 3548 id
297 3491 386 3564 ipsum
405 3499 503 3564 sponte
522 3492 681 3563 obtulerim,
705 3491 785 3548 modo
804 3491 880 3564 prius
898 3492 970 3548 inter
991 3507 1041 3547 nos
1060 3490 1231 3548 conuenisset
1250 3499 1278 3548 et
1295 3490 1416 3563 plenarie
1441 3500 1611 3550 transactam

254 3584 382 3648 esset-et
401 3595 470 3650 quae
489 3579 634 3636 scribenda
651 3581 707 3636 sint
725 3577 877 3635 omnimodo
895 3587 1060 3636 constarent
1068 3578 1093 3648 *i

358 3672 384 3726 l.
403 3667 432 3724 Si
450 3668 574 3738 pecuniis
592 3668 696 3726 interea
715 3669 778 3724 dum
797 3667 841 3722 hic
860 3674 902 3722 est
920 3682 990 3738 opus
1001 3667 1118 3724 haberet
1130 3663 1273 3738 Keplerus‚
1293 3667 1411 3724 libenter
1429 3685 1471 3724 me
1485 3671 1518 3737 ei,
1539 3671 1610 3726 siout

253 3761 373 3828 pateret,
396 3763 490 3814 mutuo
510 3756 650 3824 daturum,
674 3755 760 3812 donec
779 3773 813 3812 ex
833 3753 925 3826 Styria
942 3771 1010 3826 quas
1028 3753 1129 3812 isthinc
1147 3761 1289 3824 exspectat
1306 3755 1468 3824 obtinuerit,
1490 3757 1563 3828 quod
1581 3765 1610 3816 et

256 3851 339 3902 antea
355 3861 399 3902 mo
417 3845 552 3902 iacturum
571 3843 611 3899 illi
628 3843 766 3915 pollicitus
787 3859 884 3900 essem.
1094 3911 1098 3924 ι

355 3935 382 3991 8.
409 3933 484 4003 Quae
511 3939 605 3990 octavo
634 3931 693 3988 loco
715 3932 844 4004 proponit
868 3931 948 3988 etiam
977 3929 1057 3986 iacilo
1081 3935 1221 4000 praestare
1244 3945 1341 4002 posse,
1367 3931 1390 3986 si
1415 3941 1524 3990 caetera
1548 3951 1608 3992 suc·

254 4023 393 4080 cesserint.
681 4075 683 4083 ,

356 4111 380 4168 9.
398 4109 444 4166 llis
463 4108 571 4166 nonnisi
588 4107 716 4178 pavitur
740 4107 773 4164 de
796 4107 886 4164 censis
911 4103 1040 4164 aliorsum
1067 4105 1180 4176 iturum,
1205 4107 1245 4162 uti
1267 4121 1356 4177 neque
1379 4107 1494 4178 patriam
1513 4107 1608 4165 leuiter

252 4199 358 4270 reliqui.
395 4196 424 4252 Si
446 4204 536 4254 tamen
560 4195 709 4252 necessitas
733 4195 826 4267 aliqua
850 4195 889 4252 sic
910 4196 1023 4256 urserit,
1048 4192 1223 4251 nibilominus
1248 4195 1333 4266 ipsius
1355 4194 1525 4252 indemnitati
1544 4213 1605 4267 pro·

253 4293 377 4358 spectum
394 4286 438 4343 iri.
472 4284 510 4342 at
527 4283 601 4356 quod
619 4283 653 4340 de
672 4282 873 4340 conditionibus
893 4297 979 4354 usque
998 4281 1032 4337 ad
1050 4281 1113 4337 anni
1131 4282 1211 4338 finem
1226 4282 1361 4340 duraturis
1374 4281 1472 4352 adfert,
1491 4282 1606 4352 admitti,

253 4381 356 4432 utnon
375 4389 444 4444 opus
463 4374 499 4436 sit
516 4372 607 4443 ipsum
625 4372 679 4427 alio
699 4376 781 4441 quam
799 4370 864 4426 velit
881 4371 985 4427 interea
1003 4369 1159 4426 concedere.
1363 4431 1366 4438 Ι

358 4463 403 4519 10.
422 4460 499 4530 Quae
519 4459 614 4516 ultimo
633 4457 693 4514 loeo
712 4459 854 4530 proponit,
875 4459 898 4513 si
915 4459 955 4514 ita
972 4455 1065 4522 deret,
1083 4473 1200 4526 aequum
1212 4465 1292 4536 ¹esset
1309 4465 1340 4513 ut
1357 4457 1411 4515 hoc
1428 4465 1605 4528 praestarem,

256 4551 361 4608 edumei
380 4552 415 4607 de
434 4566 466 4606 eo
484 4549 556 4606 inter
578 4563 628 4604 nos
651 4552 744 4605 actum
767 4562 906 4618 nunquam
931 4545 1038 4602 inisset.

358 4641 425 4696 Gum
448 4641 523 4696 hunc
539 4637 567 4692 in
585 4635 695 4692 modum
712 4635 748 4692 ad
766 4633 874 4704 singula
897 4633 1108 4703 respondissem,
1128 4631 1184 4688 dixi
1201 4631 1384 4690 conclusionis
1400 4631 1462 4688 loco
1480 4632 1514 4688 ad
1533 4633 1605 4702 Kep-

253 4726 351 4800 lernm,
369 4727 416 4799 qul
433 4727 535 4784 ιιιίιιιιιι
552 4725 670 4797 Pragam
687 4735 782 4781 versas
800 4722 835 4779 ad
853 4727 1012 4794 sequentem
1031 4719 1102 4777 diem
1119 4719 1294 4776 nihilominus
1312 4719 1436 4790 urgebat,
1454 4719 1478 4775 si
1495 4707 1551 4790 ipsi
1565 4719 1605 4775 sic

360 4904 386 4973 ⁴)
404 4910 439 4960 uo
455 4909 530 4988 uxori
546 4921 615 4962 nasas
632 4905 734 4973 scribat,
751 4919 803 4958 aon
815 4903 892 4971 pattt,
910 4915 937 4956 ss
948 4902 1004 4968 ipra
1016 4901 1122 4952 obtulit:
1143 4899 1327 4968 uindicarem,
1345 4913 1397 4950 non
1410 4912 1475 4970 opos
1486 4912 1551 4956 seso.
1570 4899 1603 4952 li.
