3516 5540
263 389 328 458 596
579 386 758 446 Sammonion
776 385 915 444 Historiae
931 385 1121 445 nmonomiae
1138 384 1230 444 esculo
1248 385 1321 444 XVI.

264 569 387 622 noemam
410 562 512 632 legem,
538 565 570 616 ιιι
586 561 783 633 prophetarum
806 563 968 628 testimoniis
989 563 1076 620 multo
1099 568 1180 620 antea
1201 563 1425 634 pronunciatum,
1449 561 1488 619 ita
1511 562 1624 618 meana

264 657 400 706 astrorum
425 650 485 719 lege
511 649 664 705 ordinatam
687 658 771 722 atque
795 653 958 722 praefixam,
985 659 1016 707 ιιι
1039 648 1266 720 quemadmodum
1288 650 1424 708 elementa
1447 656 1476 706 et
1502 649 1625 718 arborea,

263 737 371 794 belluae
389 744 417 792 et
436 736 581 792 daemones
600 736 640 792 illi
659 748 818 810 paruerunt,
837 740 876 796 ita
894 742 976 798 etiam
993 744 1082 794 astra“
1102 745 1155 796 etc.

365 828 504 883 Uardanus
523 827 706 884 astronomica
724 834 833 883 secutus
851 826 1038 882 Ptolemaeum
1056 825 1085 880 in
1104 842 1184 884 nsum
1197 825 1364 897 astrologiae
1375 825 1465 896 uertit,
1483 839 1534 881 nec
1545 823 1624 895 qnid·

261 930 342 984 quam
365 912 483 984 profert,
513 931 568 982 quo
592 929 622 970 sc
645 915 828 970 astronomiae
854 915 1011 985 peritiorem
1041 913 1181 984 exhibeat,
1205 929 1287 982 quam
1316 912 1363 969 alii
1391 912 1522 981 astrologi
1553 927 1624 968 snae

261 1003 358 1060 ιοιιιιι
369 1000 486 1057 fuerunt.
511 1001 588 1072 Quae
600 1003 781 1058 astronomica
794 1009 941 1059 occurrunt
958 1003 986 1057 in
1005 1002 1083 1058 libris
1097 1001 1213 1057 (tardani
1224 1000 1297 1056 infra
1307 1000 1404 1070 peuda
1416 999 1546 1068 dicemus,
1560 999 1622 1069 jam
1722 1029 1727 1036 ·

261 1091 294 1146 dc
306 1089 470 1158 astrologica
482 1088 542 1156 eius
554 1089 659 1144 ratione
672 1090 806 1158 quaedam
818 1105 853 1144 ex
870 1090 938 1146 libro
958 1089 1017 1158 ejus
1030 1089 1215 1158 excerpimus,
1234 1089 1331 1159 quibus
1349 1087 1467 1144 lectores
1486 1103 1531 1156 ea,
1551 1103 1624 1156 quae

260 1176 407 1246 origanum
425 1175 511 1230 secuti
525 1177 579 1232 vol.
592 1177 613 1230 1.
630 1192 659 1245 p.
673 1177 723 1233 293
737 1193 760 1230 a.
778 1177 980 1247 proposuimus,
998 1175 1117 1246 penitius
1135 1177 1290 1246 intelligant
1308 1183 1337 1230 et
1354 1190 1389 1230 ex
1402 1175 1520 1236 Uardani
1535 1183 1625 1232 amre·

258 1263 330 1332 logia
349 1263 482 1332 judicium
507 1263 579 1318 ferre
603 1262 710 1333 possint
733 1263 768 1318 de
791 1263 991 1332 astrologorum
1015 1263 1099 1319 seculi
1121 1263 1195 1326 XVI.
1220 1262 1335 1332 deliriie,
1360 1261 1457 1332 qmbue
1481 1261 1564 1330 (sicut
1585 1277 1624 1316 ex

259 1357 338 1420 parte
356 1350 465 1420 quidem
483 1348 564 1405 etiam
582 1350 711 1418 lieplcro)
731 1351 871 1406 Cardenus
890 1350 946 1406 dux
963 1358 993 1406 et
1009 1367 1106 1407 norma
1124 1359 1191 1407 erat.
1230 1351 1374 1408 Naturam
1391 1348 1563 1419 planetarum
1581 1351 1625 1404 sic

258 1437 387 1492 describit
405 1437 560 1492 Cardenus:
589 1439 763 1500 ,Saturnus
788 1442 894 1501 frigidus
918 1451 957 1490 est
980 1445 1087 1492 manime
1105 1443 1248 1507 orientalia,
1272 1444 1354 1492 siccus
1372 1443 1481 1491 maxima
1499 1441 1623 1490 occiden-

256 1511 326 1574 talis,
345 1509 433 1576 malus,
454 1518 642 1574 terraemotus,
661 1513 732 1562 nives
746 1518 769 1558 et
782 1514 893 1576 pruinas,
911 1519 1004 1576 pestes,
1022 1527 1135 1562 annonae
1155 1515 1294 1578 penuriam,
1314 1513 1468 1575 servitutem,
1487 1511 1623 1576 invidiam,

258 1595 340 1629 mores
358 1580 437 1629 melos
455 1581 572 1642 ostendit,
591 1583 709 1645 proprius
728 1584 815 1630 mortis
840 1579 1000 1642 significator.
1036 1583 1052 1631 J
1061 1585 1171 1648 upitor
1195 1583 1302 1632 calidior
1325 1596 1401 1646 qnam
1425 1581 1553 1630 humidior
1571 1591 1622 1642 ost,

261 1651 367 1700 calorem
381 1657 456 1712 auget
469 1651 642 1714 occidentalis,
662 1652 838 1700 humiditatem
853 1651 998 1718 edentulis,
1016 1653 1106 1716 bouus,
1124 1656 1212 1702 ventos
1231 1659 1256 1702 et
1267 1653 1330 1700 aiirls
1343 1653 1518 1700 sahrbritatem
1531 1655 1621 1699 ostan-

258 1723 304 1786 (ιιι,
323 1722 532 1782 incolumitatem,
550 1723 669 1786 quietem,
689 1723 769 1770 bonos
787 1735 877 1784 mores,
897 1723 1074 1771 abundantiam
1087 1726 1183 1789 victne3
1202 1723 1320 1788 proprius
1337 1720 1488 1783 religionum
1506 1725 1532 1770 st
1550 1719 1622 1769 divi-

260 1794 352 1839 tiarum
371 1789 525 1852 significator
543 1797 587 1840 est.
624 1791 708 1840 biars
727 1793 817 1843 siccior
834 1790 909 1852 longa
927 1807 1003 1857 quam
1022 1794 1130 1860 calidus,
1149 1792 1278 1842 orientalis
1296 1789 1414 1854 calorem,
1434 1791 1551 1842 occidens
1568 1793 1622 1840 sic·

259 1865 360 1909 citatem
377 1871 465 1926 auget3
487 1861 575 1926 malus,
595 1863 703 1928 fulgura,
722 1867 883 1926 tempestates
897 1867 922 1910 et
934 1863 1060 1911 siccitates
1074 1864 1190 1922 ostendit,
1209 1868 1327 1928 cometas,
1346 1864 1405 1928 irae,
1425 1867 1516 1911 mortes
1528 1875 1622 1926 repen-

260 1934 336 1989 tinas,
356 1933 543 1998 crudelitatem5
563 1935 601 1980 est
613 1938 695 1980 autem
708 1934 826 1996 proprius
845 1929 1000 1992 significator
1018 1935 1192 1982 infirmitatum
1210 1933 1385 2000 violentarum,
1404 1937 1432 1980 ut
1449 1933 1580 1980 vulnerum
1596 1938 1624 1980 ot

258 2003 443 2055 contusionem.
481 2000 534 2052 Sol
553 1999 649 2050 calidus
667 2001 755 2067 valde,
775 2004 871 2067 lienus,
891 2005 1048 2051 serenitatem
1067 2009 1091 2051 et
1109 2005 1256 2068 ubertatem,
1274 2001 1357 2059 fidem,
1375 2003 1622 2064 magnanimitatem,

259 2069 426 2135 splendorem,
445 2073 578 2137 iustitiam,
599 2073 677 2120 honos
695 2086 775 2120 morae
794 2073 913 2138 ostendit,
932 2075 1050 2136 proprius
1068 2076 1134 2122 vitae
1152 2071 1306 2134 significator
1322 2077 1367 2124 eat.
1398 2070 1530 2133 Signldoat
1542 2075 1622 2120 etlam

257 2143 337 2189 bonos
355 2143 491 2207 principes,
508 2143 606 2203 judices
625 2148 649 2190 ot
666 2141 749 2203 logum
767 2143 994 2196 administratores.
1032 2145 1138 2192 Venus
1155 2145 1258 2194 humida
1275 2141 1426 2208 plurimum,
1451 2141 1536 2191 calida
1552 2157 1621 2204 pau·

259 2209 354 2276 lulum;
375 2213 450 2276 bona,
470 2211 595 2272 siguificat
613 2217 725 2274 tempora
741 2213 854 2274 humida,
874 2213 940 2260 leves
959 2215 1059 2276 pluuias
1078 2219 1103 2262 et
1122 2216 1268 2276 ubertatem,
1287 2215 1376 2279 otium,
1394 2213 1619 2276 intemperantiam

258 2286 282 2329 et
305 2281 430 2330 modicam
453 2283 612 2345 sapientiam.
650 2281 758 2346 Propria
781 2279 946 2342 significatrix
971 2289 1009 2332 est
1026 2281 1184 2347 voluptatum
1208 2288 1233 2332 et
1251 2281 1409 2346 deliciarum;
1435 2296 1489 2330 cnm
1509 2281 1621 2330 Saturno

258 2349 384 2412 significat
402 2366 499 2400 venena
517 2367 546 2400 ac
565 2352 684 2400 libidines
702 2358 798 2416 turpes.
835 2351 1013 2402 hiorcurlus
1032 2355 1127 2418 siccus,
1146 2359 1298 2418 temperatus
1317 2355 1343 2400 in
1362 2354 1465 2414 activis,
1487 2353 1621 2400 orientalis

255 2422 353 2470 modico
372 2419 483 2488 calidus;
504 2430 559 2470 oum
579 2423 687 2471 Saturno
706 2436 827 2475 summam
845 2420 1031 2484 infidelitatem,
1049 2437 1105 2472 cnm
1124 2425 1182 2474 Sola
1199 2437 1341 2488 supremam
1360 2419 1443 2484 fidem,
1462 2435 1519 2471 cum
1532 2421 1620 2471 Marta

255 2493 391 2540 maximam
409 2493 576 2554 proditionem
596 2498 620 2541 et
638 2494 794 2545 violentiam.
832 2489 895 2541 Onm
914 2493 1010 2542 Venere
1036 2499 1061 2542 et
1077 2495 1140 2544 Jove
1166 2508 1215 2542 non
1242 2496 1305 2543 hena
1328 2494 1449 2558 sociatum
1477 2506 1534 2540 oum
1551 2492 1622 2541 ,losa

256 2563 317 2609 facit
335 2563 470 2610 advocatos
490 2569 514 2610 ct
531 2568 666 2626 patronos,
692 2565 799 2611 exterius
824 2563 927 2626 quidem
950 2565 1098 2612 auctoritate
1123 2571 1147 2612 ot
1166 2565 1277 2612 moribus
1300 2577 1405 2626 granea,
1432 2563 1572 2612 ambitione
1593 2569 1621 2612 et

256 2645 353 2679 summa
371 2635 476 2680 avaritia
488 2633 594 2681 interius
605 2631 763 2695 laborantes;
783 2646 839 2681 cum
858 2633 955 2681 Venere
968 2641 1052 2681 autem
1065 2633 1240 2699 industriosos,
1260 2635 1376 2696 musicos,
1396 2638 1423 2680 at
1440 2631 1506 2681 nihil
1524 2629 1621 2692 flagitii

254 2703 488 2765 praetermittentes.
525 2703 575 2750 Dat
592 2703 727 2763 grandines
746 2708 771 2750 et
789 2703 1143 2767 sterilitates,‘apparitlones
1168 2706 1267 2770 igneas3
1292 2703 1354 2752 facit
1371 2704 1466 2751 lusores
1491 2707 1516 2751 at
1538 2701 1619 2769 fures,

256 2785 307 2820 uon
326 2777 364 2820 est
376 2775 471 2822 amicus
484 2775 558 2822 vitas.
588 2774 675 2821 Luna
694 2773 800 2821 humida
810 2774 978 2833 vehomenter,
997 2773 1079 2822 salida
1090 2777 1237 2839 paululum
1255 2772 1355 2837 pluvias
1367 2775 1461 2822 multas
1473 2779 1499 2821 st
1511 2787 1620 2834 mqnaa

256 2841 375 2905 ostendit,
393 2845 518 2892 tractuum
537 2845 730 2906 corruptionem,
748 2846 857 2906 morbos,
876 2844 903 2890 in
921 2844 961 2892 his
979 2844 1112 2897 lumniam.
1143 2843 1191 2894 Est
1207 2845 1290 2893 amica
1301 2845 1374 2904 vitae,
1393 2845 1498 2908 propria
1515 2844 1619 2904 signiti-

255 2915 334 2960 catrix
353 2912 543 2977 popularitatis,
562 2914 701 2970 servitutis;
721 2918 794 2973 auget
806 2913 932 2961 fomnnam
945 2917 1054 2963 maxime
1067 2928 1122 2963 cum
1135 2913 1207 2980 Jove,
1225 2915 1348 2979 plurimas
1361 2921 1443 2962 eutem
1462 2927 1518 2962 cum
1532 2911 1620 2962 umes

256 2982 366 3030 ostendit
383 2985 543 3031 infelicitates
562 2988 587 3030 et
605 2983 735 3032 oculorum
751 2985 906 3046 passionem.

357 3053 614 3116 DeDomihusicir.
633 3051 748 3118 1.taa)·.
785 3053 868 3101 Prima
886 3053 975 3102 domus
994 3045 1119 3114 sign'idcst
1143 3067 1232 3118 corpus
1256 3058 1281 3102 et
1302 3055 1425 3117 animam,
1450 3053 1483 3104 ll.
1504 3053 1620 3102 fructum

253 3123 331 3182 ritae,
345 3121 427 3172 idest
445 3125 556 3188 divitias,
582 3124 628 3176 lli.
649 3139 679 3172 aa
696 3137 761 3187 quae
780 3129 839 3172 sunt
857 3124 888 3171 ad
907 3122 966 3172 illas
985 3125 1076 3172 itinera
1094 3129 1118 3172 et
1136 3126 1249 3189 labores,
1268 3125 1313 3176 iv.
1327 3137 1392 3187 qnae
1410 3129 1469 3186 post
1485 3135 1532 3172 uos
1546 3129 1619 3190 sunt,

228 3247 230 3253 Ι
253 3195 331 3256 igitur
350 3199 374 3240 et
391 3195 494 3257 praedia
513 3205 537 3242 et
556 3194 651 3256 domos,
672 3200 696 3242 ot
714 3195 814 3259 famam,
834 3199 859 3242 at
876 3199 980 3256 patrem,
998 3199 1026 3242 ιιι
1044 3207 1096 3242 rem
1114 3196 1289 3258 antiquiorem,
1308 3197 1341 3246 V.
1360 3192 1433 3255 illios,
1452 3195 1498 3244 Vi.
1511 3207 1619 3244 aarum·

254 3276 310 3320 nas,
328 3265 437 3326 morbos,
456 3265 557 3326 bestias,
576 3278 668 3330 servos,
689 3278 753 3328 qnae
772 3265 857 3312 omnia
875 3265 901 3312 in
918 3270 1045 3327 posterum
1058 3264 1216 3327 propagandi
1235 3279 1309 3314 censs
1322 3262 1360 3311 vel
1374 3277 1463 3312 nomeu
1477 3261 1517 3312 vel
1533 3279 1619 3328 genus

254 3333 326 3380 nobis
344 3339 386 3381 aut
406 3336 544 3382 necessaria
562 3340 634 3398 suut,
660 3340 702 3382 aut
725 3335 799 3382 nohis
816 3331 962 3382 nolentibus
985 3335 1116 3395 eveniunt,
1144 3335 1200 3382 Vll.
1219 3341 1331 3397 mortem,
1357 3335 1417 3398 quis
1435 3335 1574 3397 opponitur
1594 3335 1617 3396 1,

253 3415 319 3466 quas
337 3400 464 3463 significat
475 3406 560 3468 vitam,
579 3410 604 3452 et
617 3418 703 3470 genus,
722 3405 813 3468 hostes,
831 3404 956 3468 inimicos,
975 3417 1087 3466 uxorem,
1107 3403 1176 3452 Vlll.
1188 3405 1353 3453 haereditates
1366 3408 1391 3452 et
1403 3405 1477 3452 funus
1491 3409 1516 3452 et
1527 3401 1618 3467 quall-

253 3477 333 3520 talem
352 3474 478 3522 cadaveris
495 3478 554 3538 post
571 3481 685 3539 mortem,
703 3475 749 3526 lX.
769 3471 895 3534 signifieat
912 3475 1004 3522 itinera
1022 3479 1047 3522 et
1064 3473 1160 3538 legam,
1179 3489 1237 3522 nam
1254 3474 1368 3523 homines
1385 3481 1490 3537 proptor
1507 3478 1619 3524 mamam

254 3542 286 3589 de
298 3543 352 3603 loge
365 3545 482 3606 cogitant,
501 3551 526 3592 et
543 3545 590 3592 iter
608 3546 749 3607 suscipiunt
766 3552 869 3608 propter
881 3549 978 3592 motum
996 3549 1039 3592 aut
1058 3547 1257 3607 contentionem,
1275 3558 1334 3592 nam
1357 3546 1447 3592 itinera
1464 3544 1617 3594 divitiarum

254 3625 329 3660 caum
341 3613 386 3663 111.
406 3613 541 3676 siguificat,
559 3617 656 3678 quael.
671 3615 739 3666 etii,
759 3616 868 3664 inservit.
891 3615 932 3663 Sic
944 3613 978 3666 X.
997 3611 1122 3674 significet
1135 3619 1226 3663 statum
1244 3617 1310 3662 vitae
1328 3619 1357 3662 ut
1374 3615 1409 3674 l.,
1429 3615 1506 3662 sitam
1525 3615 1616 3680 igitur,

253 3681 300 3735 Xl.
320 3696 382 3744 quae
400 3690 539 3747 sequuntur
556 3685 589 3732 ad
607 3686 673 3733 vitae
692 3691 791 3740 statum,
809 3682 906 3732 scilicet
923 3686 1019 3732 amicos
1038 3689 1063 3730 et
1080 3685 1185 3746 gandia,
1211 3689 1235 3732 et
1253 3683 1311 3734 Xll.
1330 3697 1394 3746 quae
1414 3683 1445 3731 ad
1463 3684 1525 3732 haec
1543 3691 1616 3750 sunt,

185 3745 191 3754 “
254 3765 287 3802 sc.
307 3751 420 3816 labores,
444 3755 573 3819 tristitiam
601 3755 664 3804 haec
689 3757 755 3803 onim
777 3756 852 3818 quael
870 3754 1012 3803 necessaria
1029 3755 1137 3802 suntad
1163 3759 1254 3804 statum
1279 3756 1345 3802 eltae
1371 3753 1549 3802 continendum
1568 3761 1619 3803 aut

252 3824 402 3887 parandum.

359 3896 398 3944 De
415 3897 527 3960 planctis
545 3897 575 3942 in
592 3895 699 3957 simpatia
717 3894 841 3943 ἀοιιιιὸιιι.
880 3893 1003 3944 Saturnus
1022 3893 1150 3943 solertiam
1170 3891 1307 3960 significat,
1325 3893 1426 3958 Jupiter
1442 3893 1617 3962 prudentiam,
1660 3903 1662 3908 '
1747 3917 1748 3924 ι

253 3967 326 4016 ambo
350 3967 460 4014 animum
486 3965 565 4026 magis
583 3969 685 4028 rogant,
709 3963 775 4011 Mars
798 3964 875 4012 rohnr
900 3965 1011 4028 corporis
1030 3970 1054 4012 et
1073 3963 1115 4012 Sol
1134 3967 1287 4028 agilitatem,
1312 3965 1396 4013 Venus
1419 3966 1524 4024 gratiam
1542 3967 1618 4016 circa

253 4050 342 4093 moras.
363 4035 502 4084 Mercurius
521 4037 645 4101 actiones,
664 4035 736 4081 Luna
754 4033 844 4081 famam
864 4039 888 4082 et
906 4035 1022 4099 diritias;
1050 4039 1076 4082 et
1093 4035 1130 4082 sic
1147 4033 1247 4083 inmune
1265 4035 1375 4082 maxime
1394 4037 1426 4082 ab
1445 4034 1485 4083 his
1503 4033 1617 4084 iuferio-

254 4109 326 4156 rihns
344 4109 447 4167 regitur.
483 4105 510 4156 Si
529 4107 605 4154 fuerit
623 4107 649 4152 in
667 4103 689 4154 I.
708 4102 747 4151 vol
766 4104 900 4166 Saturnus,
924 4105 1035 4152 animum
1059 4117 1159 4168 gravem
1176 4105 1305 4152 habebunt
1322 4109 1347 4152 et
1365 4104 1395 4152 ad
1414 4117 1505 4164 magns
1523 4106 1615 4154 luten·

254 4177 361 4245 dentem,
380 4178 502 4241 optimum
525 4177 551 4224 in
574 4175 745 4238 principibus,
769 4172 864 4222 malum
886 4176 912 4222 in
930 4176 1051 4239 privatim
1077 4175 1200 4225 sisciam
1223 4179 1248 4223 at
1271 4173 1388 4238 diarum,
1415 4180 1488 4223 eruut
1511 4176 1617 4225 robusti

254 4263 370 4312 eorpora;
390 4251 412 4295 si
430 4249 467 4295 ibi
486 4247 561 4294 inerit
579 4245 718 4294 Mercurius
737 4245 777 4292 vel
796 4244 888 4305 Venus,
907 4246 933 4292 in
947 4245 1050 4305 agendis
1062 4247 1176 4305 gratiam,
1197 4247 1321 4307 optimum
1340 4246 1366 4292 iu
1384 4247 1497 4310 privatis,
1514 4243 1618 4296 umam

253 4319 281 4365 in
299 4319 465 4382 principibus.
502 4317 657 4366 Saturnus
681 4315 707 4361 in
726 4313 758 4366 X.
778 4326 906 4362 aerumnas
932 4319 956 4362 et
979 4314 1077 4364 labores
1100 4329 1197 4378 semper
1221 4311 1348 4375 significat
1373 4325 1398 4363 et
1420 4319 1516 4379 quanto
1543 4320 1617 4380 apici

254 4389 435 4452 propinquior,
460 4401 488 4434 eo
507 4387 608 4446 gravius
626 4381 731 4448 affliglt3
756 4383 848 4431 dicitur
865 4389 949 4432 autem
968 4386 1044 4434 stella
1062 4398 1115 4434 esse
1133 4375 1160 4433 in
1180 4386 1252 4449 apice
1270 4386 1374 4449 domna,
1393 4399 1457 4448 quae
1475 4383 1515 4432 illi
1535 4399 1615 4435 coas-

254 4457 361 4504 cendens
378 4471 430 4504 non
447 4455 505 4521 plus
523 4451 736 4518 trihus'partihue
755 4453 830 4502 distat
848 4455 880 4501 ad
898 4456 1048 4503 anteriorem
1066 4457 1148 4504 locum
1167 4461 1212 4504 aut
1224 4456 1239 4503 h
1252 4460 1318 4519 post.
1337 4453 1444 4503 Planets
1462 4459 1545 4503 autom
1567 4471 1619 4520 per

255 4525 550 4590 menandrianos,
572 4531 632 4588 post
654 4538 733 4588 usqne
751 4522 784 4571 ad
802 4525 844 4572 25.
882 4525 911 4572 ln
929 4525 974 4577 Xl.
1001 4527 1045 4574 dat
1066 4528 1159 4576 amicos
1182 4523 1274 4576 infidos
1292 4530 1319 4574 et
1341 4537 1429 4586 sagum
1452 4539 1618 4592 parvamque

254 4592 420 4659 voluptatem,
438 4598 465 4644 iu
485 4597 544 4645 llll.
563 4595 605 4643 dat
623 4607 740 4662 carceres,
760 4591 843 4641 hostes
862 4595 986 4660 occultos,
1004 4597 1116 4658 pericula
1133 4609 1230 4658 mgna.
1267 4597 1297 4644 ln
1315 4597 1436 4648 Lentem
1455 4596 1530 4646 domo
1549 4597 1618 4647 facit

254 4661 402 4724 laboriosos,
420 4681 515 4732 segnes,
534 4667 817 4731 triatea,.contnmaces;
837 4666 919 4728 prima
936 4671 1017 4713 aetate
1036 4667 1126 4714 multas
1150 4679 1282 4714 aerumnas
1300 4671 1427 4733 praestat3
1453 4665 1479 4713 in
1499 4669 1619 4717 secunda

254 4733 454 4797 indigeremus,
474 4739 502 4784 in
520 4737 593 4784 rebus
613 4734 765 4798 quibusdam
783 4747 882 4782 avarum
901 4739 925 4782 ct
942 4738 1090 4794 generaliter
1106 4735 1303 4797 infortunatum,
1321 4738 1347 4784 ln
1365 4739 1441 4784 tertia
1459 4749 1517 4784 vero
1538 4751 1617 4799 syco-

255 4804 372 4868 phantas,
390 4805 526 4854 haereticos
545 4812 570 4854 et
587 4807 666 4854 malos
684 4806 779 4866 afflues,
799 4809 842 4853 aut
859 4817 916 4853 cnm
933 4803 985 4852 illis
1002 4805 1103 4868 litigare
1122 4808 1199 4866 cogit,
1219 4807 1245 4854 ln
1262 4807 1307 4859 lv.
1326 4806 1459 4855 fundorum
1478 4809 1619 4860 custodem

256 4879 282 4932 et
298 4871 401 4926 madan
418 4876 550 4942 ronanam,
567 4877 594 4926 iu
613 4872 869 4941 tabescentium,
888 4875 1012 4940 quosdam
1030 4879 1105 4926 otiam
1117 4881 1204 4944 necat,
1222 4877 1250 4928 iu
1269 4877 1313 4932 VI.
1327 4888 1414 4940 marm
1431 4881 1458 4926 et
1474 4877 1619 4938 disemos
