3612 5538
284 403 372 474 suos
795 407 1130 482 00.οωοφοι

283 583 393 644 mundo
415 583 593 646 incredibilis
615 605 651 648 ae
672 605 762 668 prope
785 587 886 650 diviua
907 593 953 650 ris
975 593 1029 666 sit,
1053 611 1072 653 a
1093 591 1164 652 Sole
1186 593 1263 652 mim
1285 593 1380 650 omnis
1400 599 1496 652 metm
1517 599 1547 652 et
1569 594 1630 654 rita

284 681 315 731 ct
337 674 522 732 conservatio
544 683 574 733 et
596 683 717 736 oruatm
739 676 911 739 coelestium
931 687 962 739 et
984 683 1170 754 terrestrium,
1193 679 1268 740 adeo
1291 687 1324 738 ut
1341 695 1403 756 qno
1416 682 1534 758 propius
1557 697 1630 740 eou-

283 758 439 836 templcris,
462 758 519 820 hoc
542 760 627 839 plura
647 766 679 822 in
702 765 753 824 illo
776 783 835 825 uno
858 770 992 828 invenias
1014 769 1171 828 miracula:
1194 767 1297 828 decere
1321 766 1525 848 philosophum
1547 769 1629 828 arbi-

282 856 350 920 tror,
375 865 476 908 omnes
498 859 620 911 naturae
643 851 797 914 thesauros
818 857 916 914 rimari
938 853 976 915 ad
1000 853 1139 933 dogmata
1161 864 1244 916 tanto
1265 853 1405 916 miraculo
1427 857 1631 916 conrmientia

282 933 485 1013 proferenda.“
502 981 511 997 .
529 983 536 998 .
554 981 585 996 ..
622 938 701 1000 Solis
723 944 875 1002 materiam
897 943 968 1004 dicit
989 942 1234 1020 simplicissimam
1255 960 1320 1003 asse
1342 951 1372 1002 et
1392 947 1519 1003 maxime
1540 961 1629 1003 unam

282 1033 313 1083 et
334 1026 527 1102 purissimam,
551 1043 641 1102 quare
667 1046 745 1106 „uon
768 1031 904 1091 obstaulo
919 1049 1034 1091 summa
1048 1031 1201 1104 densitate,
1224 1030 1303 1090 Solis
1325 1046 1431 1108 corpus
1452 1031 1630 1110 pellucidum

280 1129 346 1172 csse
368 1129 495 1188 aequum
516 1111 592 1192 est“.
636 1115 723 1176 Hanc
744 1121 983 1196 perspicuitatem
1005 1119 1106 1178 uihnit
1127 1116 1274 1197 Keplerus
1299 1116 1373 1196 ,soli
1402 1135 1475 1178 suae
1495 1121 1629 1196 propriae

280 1199 357 1272 luci,
385 1217 441 1258 non
465 1202 584 1277 alienis,
615 1220 710 1280 neque
734 1209 919 1283 perspicuum
943 1207 1008 1266 ideo
1031 1209 1084 1265 crit
1107 1209 1184 1265 Solis
1207 1203 1342 1284 corpns“.
1387 1206 1498 1282 Pergit:
1531 1207 1629 1286 „Quia

282 1287 360 1347 Solis
383 1287 511 1347 oiiicinm
534 1291 562 1346 iu
586 1291 696 1350 mundo
719 1292 775 1352 hoo
797 1302 850 1367 est,
873 1294 954 1371 quod
977 1294 1071 1352 cordis
1095 1297 1124 1351 10
1146 1293 1266 1356 animali
1288 1297 1370 1369 (nam
1392 1302 1423 1352 et
1444 1294 1627 1372 planetarum

281 1385 378 1435 motus
401 1393 435 1434 ex
459 1375 529 1438 Sole
557 1377 718 1455 dispensari
748 1383 777 1436 10
808 1391 890 1458 parta
920 1383 1116 1442 astronomiae
1147 1383 1269 1459 physica
1290 1381 1450 1458 prohaho),
1480 1391 1512 1440 nt
1533 1383 1625 1441 risam

280 1463 394 1523 seilicet
415 1463 484 1523 huic
505 1467 679 1541 aspectabili
701 1467 810 1526 mundo
833 1468 1000 1546 dispenset:
1024 1473 1163 1528 animum
1185 1486 1303 1544 quoquc
1325 1472 1398 1528 tanti
1422 1471 1549 1527 muneris
1572 1469 1627 1528 ad·

281 1553 450 1623 ministrant,
472 1568 525 1611 sen
540 1553 626 1612 melis
638 1556 817 1631 fucsdtutern
833 1558 956 1616 mutem
970 1559 1000 1616 iu
1015 1573 1136 1635 corpore
1150 1555 1230 1616 Solis
1243 1559 1337 1616 inesse
1353 1573 1472 1616 uacuae
1486 1553 1561 1616 cat“
1591 1557 1627 1616 ln

278 1639 354 1699 libro
370 1637 413 1697 de
428 1638 551 1699 Stella
568 1639 675 1702 liora
690 1641 820 1723 (loos),
843 1646 872 1702 in
887 1661 947 1720 quo
962 1647 1140 1704 suarusimu
1153 1647 1284 1704 oratione
1299 1643 1391 1702 multa
1406 1645 1500 1720 tangit
1514 1661 1573 1703 non
1588 1643 1626 1704 ad

280 1728 486 1786 astronomiam
503 1727 656 1802 incientis,
679 1738 712 1788 οι
727 1730 900 1791 divisionem
914 1731 1029 1791 zodiaci
1046 1741 1075 1792 et
1089 1735 1208 1792 nomina
1230 1735 1388 1809 imaginum
1411 1735 1440 1790 10
1456 1731 1538 1792 0οι10
1552 1732 1627 1792 stel-

278 1815 357 1889 lato,
380 1813 479 1874 muudi
502 1818 744 1890 lmmensitatem,
768 1819 956 1896 astrologiam
972 1819 1174 1896 (0000101110
1196 1821 1255 1879 siut
1275 1820 1435 1893 retinenda,
1455 1836 1531 1895 quac
1554 1821 1625 1896 reji-

279 1899 402 1982 cienda),
419 1904 547 1964 rationes
561 1903 803 1982 philosophorum
818 1906 855 1966 de
871 1903 980 1988 ,00001ι
998 1917 1065 1978 etc,
1080 1907 1220 1983 legimus:
1239 1907 1351 1988 „lixae
1366 1924 1417 1986 pro
1431 1907 1497 1966 loco
1511 1917 1580 1966 suut
1595 1917 1626 1968 et

282 1993 446 2066 quiescunt,
470 1990 522 2050 801
545 2009 598 2070 pro
621 2001 733 2052 molera
756 2002 801 2054 cst
823 2002 854 2052 ct
876 2005 973 2054 tuetur
996 1995 1121 2054 mediam
1143 1993 1242 2053 mundi
1270 1995 1427 2060 stationem
1449 1995 1625 2070 immobilis;

279 2081 336 2138 nisi
358 2079 438 2155 quod
460 2077 591 2157 physicis
619 2081 782 2140 rationibus
812 2091 1040 2142 consentancum
1064 2083 1161 2154 edaci,
1193 2099 1299 2160 corpus
1326 2085 1419 2160 ipsius
1441 2085 1571 2144 converti
1595 2085 1625 2140 10

277 2183 332 2226 000
354 2169 461 2244 spatio,
485 2175 518 2226 ut
540 2167 596 2227 hac
618 2170 809 2229 conversione
829 2172 956 2245 speciem
977 2172 1231 2242 commeatum,
1255 2173 1420 2241 matricem,
1446 2187 1496 2248 per
1517 2169 1626 2248 ampli-

277 2253 409 2314 tudinem
433 2255 531 2314 mundi
551 2257 761 2334 circumagitct,
784 2273 873 2332 quum
894 2256 992 2317 sidera
1014 2259 1260 2317 errantiaomnia
1281 2269 1450 2334 sequantur,
1472 2265 1507 2316 ut
1528 2257 1626 2334 quod·

277 2359 335 2419 qna
357 2345 478 2422 propius
499 2345 541 2401 ita
563 2343 696 2404 celerius.
712 2343 803 2402 -In
826 2343 1096 2423 Responsionc
1120 2344 1157 2405 ad
1181 2342 1529 2424 Rocslinnmssodit)
1551 2345 1626 2406 haec

277 2431 533 2508 deprehendimus:
559 2429 612 2511 „ln
636 2433 745 2492 meiner
761 2433 950 2492 Astronomia
971 2450 1051 2493 nova
1072 2435 1111 2492 ist
1126 2437 1256 2506 erniscn,
1279 2432 1333 2493 das
1352 2432 1400 2494 die
1413 2432 1625 2509 Sternelrugclu

277 2516 447 2579 ehensosrol
470 2527 561 2577 etwas
583 2518 681 2594 gleich
703 2521 783 2579 einer
804 2519 934 2580 schwiire
956 2521 1062 2592 haben,
1086 2519 1215 2580 dadurch
1237 2523 1281 2582 sia
1302 2523 1346 2580 nit
1360 2537 1427 2580 zum
1449 2519 1529 2594 lauil,
1552 2537 1624 2580 son·

277 2605 347 2666 dcun
372 2605 493 2666 rilmelrr
522 2624 589 2665 num
611 2606 775 2666 stillstehen
806 2608 991 2668 rerursachct
1018 2607 1145 2669 werden.
1190 2607 1253 2668 Soll
1282 2625 1340 2668 000
1370 2608 1434 2668 dise
1462 2611 1624 2685 proprietas

276 2693 335 2754 und
359 2694 433 2754 diss·
448 2693 613 2754 stillstchcn
639 2693 834 2754 vherwnudcn
860 2695 991 2769 werden,
1020 2713 1054 2755 so
1082 2695 1185 2771 gehon
1208 2698 1254 2755 ein
1283 2696 1417 2772 herrcgcr
1438 2693 1544 2766 deren,
1576 2698 1624 2756 oia

275 2785 383 2858 specics
404 2785 624 2855 immateriale,
647 2799 768 2842 rereaus
791 2785 819 2840 in
835 2791 904 2843 actu
919 2792 1025 2858 motus,
1049 2783 1180 2844 welliche
1203 2783 1262 2842 alle
1277 2781 1481 2860 Sternkugcln,
1503 2799 1538 2842 so
1553 2782 1624 2842 dero

275 2870 371 2930 nahen
400 2872 454 2929 mit
484 2869 539 2932 ihr¹
560 2867 795 2929 herumhilihre.“
842 2869 874 2928 lu
905 2871 1037 2931 'lertio
1069 2871 1365 2932 Interveniunte
1394 2871 1522 2951 (loto):
1555 2870 1624 2951 „die

274 2957 467 3034 Sterniugcln
489 2955 604 3017 aserdan
626 2951 775 3033 gct'riohen
797 2962 997 3036 perspectum
1020 2961 1240 3018 immateriatam
1257 2957 1349 3031 Solis,
1373 2961 1402 3016 iu
1416 2975 1519 3036 pyrum
1542 2960 1624 3036 rapi·

276 3045 394 3104 dissime
424 3048 639 3106 circumactam.
690 3044 764 3104 item
792 3044 908 3106 werden
941 3048 985 3105 sie
1012 3046 1161 3122 gelriehcu
1194 3063 1251 3106 ron
1282 3045 1358 3107 ihrer
1389 3045 1481 3106 selbot
1506 3063 1623 3124 cygnea

274 3131 496 3210 Magnetischcn
520 3131 623 3207 Kraflt,
647 3131 738 3192 durch
761 3132 870 3193 rrelchc
893 3135 936 3193 sie
959 3133 1079 3194 einhalh
1102 3133 1153 3194 der
1175 3133 1293 3193 800000
1315 3133 1491 3205 aeschinen,
1515 3131 1623 3193 auder-

274 3219 361 3280 theiis
384 3237 442 3280 rou
464 3219 515 3280 der
530 3220 647 3280 Sonneu
670 3220 786 3296 hiuweg
808 3219 932 3282 aichlen.
964 3221 1022 3280 Die
1038 3220 1118 3280 8000
1135 3220 1205 3280 aber
1226 3221 1316 3280 allein
1339 3221 1391 3282 het
1411 3223 1441 3278 in
1463 3220 1509 3279 ihr
1530 3220 1624 3280 selbot

274 3310 322 3368 ein
346 3311 488 3368 omasum
510 3308 687 3381 animalem,
712 3307 801 3368 durch
822 3308 933 3368 welche
955 3311 998 3368 sie
1022 3309 1190 3380 iniormiert,
1214 3308 1303 3369 liccht
1324 3309 1461 3386 gemacht
1482 3307 1543 3368 rud
1565 3309 1623 3368 ate

272 3398 321 3456 ein
351 3393 448 3472 Kugel
480 3413 527 3454 am
557 3395 722 3454 Driihstock
753 3393 965 3472 hestdudiglich
995 3397 1213 3473 rmbgctriebcn
1236 3395 1336 3469 wirdt,
1369 3396 1459 3456 durch
1492 3395 1622 3456 welchen

152 3497 156 3506 ’
272 3482 362 3544 Trieb
385 3485 429 3542 aie
452 3483 528 3542 auch
551 3483 613 3542 ihre
635 3485 762 3560 speciem
785 3485 1009 3544 immaterialem
1032 3482 1070 3544 ad
1092 3485 1290 3544 extremitates
1306 3485 1397 3559 uscue
1413 3482 1513 3543 mundi
1533 3481 1623 3542 didu-

273 3589 338 3631 sam
361 3573 390 3630 iu
414 3569 543 3644 gleichcr
565 3569 631 3629 zue
653 3570 869 3648 herumbgchen
892 3570 1003 3644 machi,
1035 3570 1094 3631 rud
1123 3571 1187 3630 also
1210 3573 1376 3632 successive
1398 3571 1455 3630 alle
1479 3569 1622 3630 Planeteu

275 3663 329 3718 ruit
351 3658 472 3719 herumh
495 3657 607 3717 neucht.
640 3656 772 3719 ldehrcre
794 3661 918 3718 scientia
939 3659 1073 3718 animalis
1097 3659 1182 3718 rrirdt
1203 3675 1240 3718 au
1264 3659 1320 3718 den
1343 3656 1543 3718 himmlischen
1567 3659 1622 3718 he-

276 3763 438 3824 uegungcu
460 3744 541 3804 nieht
563 3741 732 3806 criordert.“
759 3779 797 3792 -
824 3746 856 3804 ln
878 3745 1089 3806 Harmonia
1111 3749 1243 3822 (lolitiz
1269 3749 1400 3827 „Animo
1416 3747 1506 3806 totius
1521 3743 1622 3804 mundi

184 3873 188 3882 ι
275 3835 393 3895 videtur
415 3835 455 3909 (si
478 3840 522 3892 est
545 3830 613 3891 talis
635 3832 746 3910 aliqua)
777 3837 804 3892 in
834 3841 933 3895 centro
956 3833 1071 3909 mundi,
1099 3834 1180 3910 quod
1203 3833 1274 3892 mihi
1295 3833 1347 3893 801
1370 3842 1428 3910 ιιι,
1458 3829 1617 3894 00011000.ιι

273 3923 380 3984 Ριιιοι
406 3921 529 4002 „Qualis
553 3922 582 3978 10
602 3918 671 3980 8010
694 3925 784 3994 visus,
809 3925 858 3998 qui
882 3921 960 3980 oculi
979 3925 1053 3995 sint,
1082 3930 1134 3980 ant
1156 3923 1222 3997 quis
1245 3924 1400 3982 instinctus
1428 3922 1503 3982 alios
1526 3923 1621 3998 perci·

273 4011 373 4092 piendi
396 4009 519 4086 angulos
534 4013 612 4082 (quos
633 4011 752 4067 forment
774 4012 1034 4068 11οιιιιιιιιιιίιιίι
1057 4012 1213 4068 diurnorum
1238 4028 1350 4069 arcuum
1375 4012 1479 4068 orbium
1496 4012 1621 4080 planeta·

273 4109 373 4163 riorum
400 4104 498 4161 ductae
515 4103 542 4156 iu
560 4109 683 4157 centrum
701 4101 786 4168 Solis,
810 4101 907 4170 quibus
930 4101 1040 4156 formari
1066 4101 1192 4170 opinatur
1210 4100 1345 4170 licplerus
1371 4099 1544 4168 planetarum
1561 4099 1621 4154 10ιο

272 4195 402 4262 moniam)
431 4190 519 4248 etiam
542 4187 603 4246 sine
626 4186 719 4246 oculis
734 4185 966 4261 aestimaudiquc
988 4184 1154 4244 harmonias
1177 4193 1323 4257 motuum,
1346 4183 1384 4242 ad
1400 4185 1505 4243 mentis
1529 4186 1621 4244 vesti-

274 4279 576 4353 bulumquacunque
596 4283 684 4352 porta
702 4273 934 4351 ingredientium,
957 4288 1149 4349 quaecunque
1173 4272 1298 4348 deniquo
1314 4289 1397 4331 meus
1413 4274 1471 4331 ista
1492 4273 1520 4329 in
1543 4271 1620 4345 8010,

69 4368 72 4378 ’
196 4379 198 4388 “
274 4366 418 4442 conjicere
441 4379 499 4424 000
522 4363 606 4423 iacile
631 4370 675 4422 est
697 4361 815 4422 Terram
832 4363 1035 4421 incolentibus.
1066 4357 1221 4436 Utcunque
1244 4369 1341 4419 tamen
1359 4377 1391 4418 ιι
1407 4359 1618 4431 habeantista,

275 4463 353 4516 certe
376 4453 590 4530 circumpositio
615 4450 665 4508 illa
688 4467 739 4511 sex
763 4451 877 4508 orbium
901 4451 1099 4526 primariorum
1122 4450 1198 4507 circa
1220 4447 1318 4508 Solem
1340 4447 1416 4507 hauc
1438 4464 1458 4507 a
1479 4466 1526 4508 ure
1549 4464 1619 4507 cou-

272 4543 429 4603 iessioncm
452 4545 620 4614 extorquet,
643 4554 700 4597 uon
724 4545 836 4596 tantum
859 4539 937 4622 crire
960 4539 988 4594 in
1012 4543 1104 4595 totum
1127 4534 1266 4594 muudum
1289 4553 1324 4595 cx
1348 4535 1435 4610 Sole,
1459 4543 1491 4595 ni
1514 4553 1532 4595 a
1554 4535 1618 4595 ioco

276 4629 323 4690 rel
347 4628 432 4690 oculo
455 4625 564 4699 mundi,
588 4626 693 4697 lucem,
718 4633 750 4684 ut
773 4643 808 4684 es
831 4623 917 4684 corde
940 4627 1031 4684 vitam
1054 4631 1082 4683 et
1106 4623 1247 4696 calorem,
1270 4630 1304 4682 ut
1326 4640 1345 4682 a
1364 4639 1434 4699 rege
1455 4631 1486 4683 ct
1508 4632 1617 4682 motore

274 4723 386 4776 motum
408 4731 538 4786 omnem,
566 4711 618 4772 sed
646 4713 773 4772 vicissim
797 4714 886 4771 ctiam
908 4714 937 4770 iu
960 4711 1059 4772 Solem
1088 4709 1188 4787 colligi
1210 4729 1245 4771 ex
1269 4712 1346 4772 omui
1376 4709 1525 4780 mundana
1550 4727 1617 4788 pro·

274 4805 372 4864 rincia
390 4803 456 4880 jure
478 4803 558 4877 regio
588 4800 642 4860 hos
675 4798 765 4860 ueluti
791 4798 902 4859 reditus
925 4799 1093 4859 harmoniae
1116 4797 1426 4871 desiderabilissimus,
1458 4801 1517 4858 irno
1547 4814 1615 4858 con-

271 4891 396 4960 duentes
419 4908 454 4954 co
476 4890 589 4970 species
616 4895 747 4950 motuum
776 4887 909 4950 hinorum
939 4890 1047 4948 mensas
1069 4885 1194 4966 alicujus
1220 4903 1310 4967 opere
1335 4888 1364 4946 iu
1390 4886 1614 4952 0000100000ς
