3624 5554
821 423 920 520 rose
1098 432 1117 484 .‘
1465 425 1529 501 713

175 611 294 665 nmmum
312 607 432 666 sedaret
450 611 478 663 et
495 605 693 678 comprimeret,
712 618 766 676 quo
783 604 866 662 eninm
884 610 913 660 et
924 603 996 674 genii
1009 605 1094 662 nestri
1110 603 1222 664 facilius·
1235 605 1339 663 coirent
1349 605 1531 677 praeclarum·

178 713 230 770 qne
247 697 299 753 lroo
319 712 403 770 opus,
423 713 476 767 quo
495 694 567 753 bend
587 694 669 750 dubie
681 694 900 764 Europanostra
918 693 1104 764 praestantius
1121 693 1189 750 sidit
1200 695 1314 762 nullum,
1333 701 1424 750 restro
1441 692 1532 750 studio

180 791 207 842 et
224 781 390 840 assiduitate
408 783 444 838 ad
462 782 616 839 umbilicum
635 782 748 850 perduoi
766 783 863 853 possit.
897 781 994 851 Video,
1013 781 1170 853 Tyohouem
1187 789 1215 838 te
1228 782 1408 852 magnifacere
1426 780 1530 852 etqui·

180 871 239 928 dem
257 872 365 942 merito,
384 887 437 928 nea
456 871 526 927 enim
545 870 633 928 oredo.
646 887 707 928 eum
726 869 839 926 alterius
858 885 909 941 ope
928 877 956 926 et
973 869 1076 928 auxilio
1095 885 1128 926 ea
1145 876 1252 926 tentare
1269 885 1367 950 posse,
1394 884 1465 938 quae
1482 883 1533 938 per

181 967 208 1016 te
224 959 347 1016 confidit.
385 958 585 1034 Animadvertit
607 959 636 1012 in
654 964 682 1014 te
700 958 837 1028 singulare
855 963 882 1013 et
904 973 967 1014 rere
985 957 1104 1014 divinum
1120 957 1222 1026 ingenii
1239 972 1368 1027 acumen,
1393 973 1448 1026 quo
1465 971 1532 1025 prae

180 1047 277 1106 ceteris
304 1051 386 1116 'aptus
405 1061 435 1103 ss
454 1047 505 1102 Dei
522 1043 650 1116 mysteria
669 1045 703 1101 de
722 1045 849 1116 specibus
876 1046 932 1103 suis
951 1053 979 1101 et
996 1050 1095 1102 nutura
1117 1059 1208 1102 rerum
1230 1061 1363 1116 promere.
1398 1046 1441 1101 De
1459 1051 1487 1100 te
1505 1048 1534 1100 et

180 1131 261 1190 exilio
280 1138 330 1189 tuo
348 1147 409 1187 snm
422 1131 564 1190 sollicitus.
594 1132 746 1190 Discedens
758 1133 884 1190 revocavi
901 1133 937 1188 ad
949 1132 1069 1189 animum
1086 1133 1255 1202 propositum
1273 1142 1357 1204 tunm,
1376 1133 1404 1188 in
1415 1130 1532 1202 patriam
1568 1147 1572 1154 ·

180 1237 242 1278 enm
265 1219 383 1290 conjuge
406 1220 554 1291 migrandi,
578 1226 607 1275 et
624 1219 816 1290 animaduerti,
839 1226 866 1276 te
884 1236 938 1276 non
956 1220 1015 1276 sine
1034 1218 1240 1278 difficultatibus
1259 1229 1287 1277 et
1304 1219 1459 1291 periculosa
1476 1234 1534 1274 mo·

180 1309 262 1366 lestis
279 1309 308 1364 id
325 1308 518 1380 perfecturum.
553 1309 674 1366 Maxima
691 1309 795 1364 itineris
819 1325 884 1380 pars
907 1303 959 1378 per¹
980 1307 1197 1366 adversariorum
1222 1307 1339 1365 ditiones
1356 1305 1527 1376 conficienda

182 1413 296 1466 quarum
315 1395 448 1466 dynastae
466 1411 560 1453 omnes
580 1396 707 1454 dicuntur
723 1396 752 1452 in
769 1397 797 1453 id
816 1397 1002 1466 conspirasse,
1026 1403 1057 1452 ut
1078 1401 1253 1454 usnsonntes
1276 1394 1372 1451 exules
1389 1391 1424 1451 erl
1443 1395 1533 1466 styria

181 1484 258 1540 lonis
278 1482 397 1554 spolient
423 1490 451 1538 et
474 1483 628 1542 carceribus
650 1485 813 1556 mancipent.
849 1484 954 1540 Deinde
972 1501 1042 1540 uxor
1060 1492 1109 1541 tua
1128 1483 1269 1540 itineribus
1292 1483 1424 1540 semendis
1442 1485 1533 1540 minus

180 1578 293 1630 assume
311 1579 354 1627 est
372 1579 401 1627 et
419 1572 455 1628 ad
472 1571 559 1638 levem
578 1587 713 1642 quemque
731 1571 844 1644 perituli
861 1587 997 1630 rumorem
1015 1573 1042 1627 iu
1061 1571 1292 1644 perturbationem
1316 1577 1345 1626 et
1361 1571 1443 1627 animi
1460 1585 1533 1627 nnoe·

179 1675 268 1716 rorem
292 1675 428 1716 summum
449 1659 595 1726 incideret,
618 1661 780 1728 praesertim
802 1676 863 1716 oum
881 1659 940 1730 jam
962 1666 1026 1717 auto
1050 1659 1085 1716 ob
1108 1659 1183 1717 filiae
1204 1660 1388 1718 detentionem
1409 1660 1476 1716 satis
1493 1659 1533 1716 ai·

181 1749 257 1804 diota
276 1746 322 1802 sit.
340 1775 373 1787 -·

283 1835 417 1905 Superest
434 1834 463 1888 in
481 1833 619 1891 codicibus
631 1835 832 1892 Viennensibus
850 1836 1044 1909 fragmentum,
1063 1853 1117 1907 quo
1135 1837 1271 1908 Keplerns
1290 1836 1389 1908 partim
1406 1817 1536 1892 versibus
1557 1902 1560 1914 1

176 1923 279 1994 partim
297 1923 422 1980 emtione
441 1923 532 1980 soluta
550 1925 713 1980 sententium
732 1940 817 1996 susm,
837 1940 917 1995 quarn
929 1925 1154 1995 Zebeutmsjerus
1166 1941 1251 1996 supra
1262 1924 1364 1995 tondat,
1383 1923 1532 1980 dedseris

176 2012 302 2080 Coena,
321 2011 440 2082 profert.
477 2011 528 2066 His
545 2011 643 2082 incipit
659 2013 713 2070 boc
730 2013 926 2082 fragmentum:

432 2104 507 2164 Esse
530 2113 618 2180 negat
642 2105 749 2167 Christi
771 2123 888 2167 earnem
912 2105 1055 2167 Calvinus
1078 2107 1197 2185 ubique,

496 2189 535 2250 Et
556 2209 675 2252 causam
699 2195 784 2254 vetiti
806 2197 932 2254 nominis
955 2194 1030 2256 etit:
1052 2193 1151 2255 Homo
1175 2201 1228 2255 est.

420 2277 466 2339 'Si
488 2279 562 2338 nibil
585 2287 631 2340 est
651 2283 709 2341 nisi
731 2281 828 2357 borno,
852 2283 959 2362 spaciis
982 2281 1099 2342 include
1121 2281 1262 2359 lusorum,

493 2365 552 2427 Sed
573 2368 661 2428 simol
684 2370 826 2430 inlemnm
849 2387 907 2430 non
929 2378 1082 2448 reperetur
1105 2369 1164 2432 adi.

435 2454 488 2515 Est
509 2471 613 2530 caro,
638 2454 771 2518 divina
792 2457 845 2520 sed
867 2466 896 2520 te
919 2461 1027 2518 virtute
1049 2456 1188 2536 redemitt

495 2541 563 2604 Hoc'
584 2544 629 2603 illi
650 2553 803 2624 praestans
824 2543 912 2622 Unio,
936 2545 1035 2620 Sossc,
1059 2546 1149 2609 dedit.

304 2705 308 2712 ⁸
436 2630 491 2690 Est
513 2629 595 2691 locus
618 2633 647 2690 in
672 2633 762 2694 coelis
787 2634 884 2708 (lurni,
906 2632 960 2693 sed
981 2641 1070 2692 nutus
1093 2635 1220 2710 ubiqoe3

394 2735 401 2746 ·
495 2716 561 2778 Hoc
582 2717 625 2778 illi
647 2727 800 2796 praestans
824 2719 909 2794 Unio,
933 2719 1032 2795 Sosse,
1057 2719 1146 2782 dedit.

433 2803 530 2866 Morte
553 2823 628 2885 opus
651 2807 787 2884 estillic,
811 2815 926 2870 constat
949 2810 1118 2885 praesentia
1138 2805 1251 2885 Regno.

496 2892 589 2970 Elige,
612 2901 709 2955 utrum
731 2895 836 2972 lerina,
861 2915 898 2958 an
922 2912 1022 2973 regare
1044 2913 1121 2958 enne
1143 2893 1241 2956 mori‘l

433 2977 530 3040 Morte
552 2981 651 3042 Deum
672 2982 769 3044 modia
792 2987 870 3063 oepit
892 2983 967 3045 Caro
989 2992 1119 3044 mortuas
1142 2985 1248 3046 sirene

496 3068 580 3130 Anne
602 3069 661 3130 Del
682 3070 721 3131 ad
742 3088 864 3150 regnum
886 3088 945 3132 nou
968 3080 1059 3149 queat
1080 3088 1145 3134 asse
1168 3069 1287 3150 capax?

434 3224 476 3285 At
499 3225 547 3286 vel
569 3225 747 3306 multiplicat
768 3227 869 3307 (dicis)
892 3231 1059 3308 praeseutia
1081 3229 1230 3290 Christum

496 3313 673 3376 Immensum
696 3316 743 3377 vel
767 3333 834 3378 eum
857 3334 962 3396 corpus
985 3318 1093 3378 babere
1117 3316 1208 3378 iacit?

434 3400 568 3476 Falleris,
592 3411 622 3462 et
643 3412 775 3482 sumptus
797 3405 926 3466 humano
948 3424 968 3467 a
990 3421 1109 3485 torpore
1131 3405 1233 3483 leges·
1354 3441 1358 3450 ·

495 3488 604 3551 Niteris
626 3495 723 3552 autori
746 3491 902 3554 coneiliare
925 3492 1001 3555 Deo.

410 3574 480 3654 Quo
504 3585 583 3636 caret
604 3579 670 3656 ipss
692 3578 784 3655 Deus,
808 3596 868 3640 uon
890 3578 947 3642 hoo
969 3579 1051 3642 dedit
1072 3575 1151 3641 Unio
1173 3577 1281 3640 Cernis

495 3662 589 3739 Quod.
605 3674 694 3742 tenet,
717 3666 774 3727 boc
795 3668 900 3728 fruitur
922 3671 1092 3729 consociata
1114 3667 1200 3728 Oaro.

433 3750 567 3812 Cernitur
589 3753 619 3812 in
643 3756 754 3815 cunetis
776 3753 914 3816 lanosae
936 3756 1104 3834 praesentio
1122 3754 1227 3832 rebus;

494 3839 574 3900 Dum
597 3840 688 3913 videt,
712 3842 837 3920 edjutat,
861 3841 968 3920 dirigit,
992 3827 1195 3918 annotasset.

433 3926 553 3988 Effectis
576 3946 634 3990 nou
658 3929 738 3990 clara
759 3931 856 3990 minus
879 3921 1046 4009 praeseutia
1068 3932 1172 4006 carnis,

495 4015 565 4095 Ipsa
588 4033 706 4094 quoque
729 4016 854 4094 adistat,
878 4018 987 4095 dirigit,
1010 4025 1100 4094 meet,
1123 4025 1212 4079 amat.

432 4101 540 4180 Indiga
561 4103 613 4166 sed
636 4103 772 4165 Jebovaa
794 4121 853 4166 non
875 4107 919 4167 sio
940 4105 1053 4168 Natura
1074 4105 1206 4170 locorum
1230 4115 1284 4183 ast,

494 4191 665 4254 Exstructos
688 4200 720 4252 ut
743 4209 801 4253 non
825 4195 932 4253 riserit
952 4201 1021 4256 ante
1042 4193 1133 4269 locos,

434 4275 533 4355 thue
556 4279 630 4342 locis
653 4297 791 4359 praesens
813 4279 899 4341 iactis
920 4298 998 4343 nunc
1021 4283 1158 4344 omnibus
1181 4284 1274 4346 adsit:

496 4367 564 4427 lion
586 4376 691 4428 natura
712 4368 770 4428 Dei
792 4367 844 4429 sed
867 4369 950 4429 locus
971 4371 1035 4448 ipse
1057 4371 1156 4449 petit,

433 4455 502 4516 Non
523 4455 618 4534 replet
640 4473 709 4538 crgo
731 4454 813 4516 locos
837 4455 945 4516 Christi
966 4475 1035 4520 cero
1057 4464 1160 4519 sancta
1182 4467 1311 4522 creatos:

495 4541 604 4603 Fusilis
626 4543 784 4604 exhaustos
807 4550 839 4604 ut
860 4544 954 4624 replet
975 4543 1055 4606 unda
1076 4544 1177 4609 cados.

433 4629 564 4692 Naturae
585 4631 611 4690 si
634 4631 760 4709 quaeris,
783 4631 884 4692 abest:
909 4650 998 4712 opera
1020 4635 1128 4712 sepios,
1152 4636 1262 4712 ubique
1285 4640 1346 4696 est:

496 4717 545 4779 Sin
567 4720 640 4796 eigil
662 4720 691 4778 in
713 4720 804 4780 sacris
827 4717 958 4782 erudiere
979 4720 1073 4783 libris.

434 4801 463 4865 0
486 4821 570 4866 ouras
591 4805 751 4880 hominum,
775 4822 793 4868 o
816 4814 958 4886 quantum
980 4813 1026 4872 est
1047 4809 1077 4866 in
1098 4807 1186 4869 rebus
1209 4808 1305 4894 inane,

498 4891 565 4954 Non
588 4891 674 4956 aliter
695 4897 884 4976 praesensit
905 4897 945 4958 sit
965 4895 1112 4974 ubique
1132 4895 1252 4966 Deus,
