3612 5538
574 415 1144 492 uaptsniisaracmseaiiaetdomtm.
1448 411 1535 486 1017

184 611 231 656 me
253 594 310 658 hae
330 597 396 660 rice
416 597 527 660 iscium
549 615 615 660 asse
637 595 779 681 minime),
812 602 885 662 haee
913 601 1131 681 metaphysicae
1156 604 1295 664 scientiae
1318 619 1386 680 pars
1408 598 1535 677 denique

185 683 326 744 illustrior
348 694 378 746 ei
400 686 574 765 locupletior
595 689 788 765 omnibusque
811 691 938 749 numeris
961 690 1124 750 absolutior
1145 693 1282 751 constitui
1305 691 1428 768 possit.i

288 773 347 832 Eas
370 791 444 851 quas
467 774 554 834 modo
582 775 734 836 retulimus
756 776 875 854 Kepleri
907 779 1060 855 opiniones
1088 793 1145 838 nuo
1172 776 1444 854 praetermittendas
1469 791 1535 837 esse

185 861 428 924 existimavimus.
473 861 531 938 Qui
554 864 630 924 enim
654 864 708 922 riri
731 881 799 924 rere
822 867 919 940 magni
943 867 1035 924 vitam
1058 865 1122 924 vult
1144 867 1343 938 conscribere,
1377 867 1403 923 ei
1426 881 1463 922 ne
1486 865 1535 921 in·

184 949 335 1011 firmitates
358 949 477 1027 quidem
500 958 588 1026 atque
611 966 721 1012 errores
744 953 810 1028 ejus
832 953 901 1012 licet
915 953 1033 1012 silentio
1049 955 1214 1030 praeterire,
1237 953 1351 1029 majora
1374 953 1450 1013 anim
1466 958 1535 1010 sunt

185 1036 249 1114 ejus
271 1040 383 1112 merita,
407 1055 494 1114 qaam
517 1055 594 1114 quae
617 1039 732 1099 illarum
755 1045 1031 1102 commemoratione
1046 1039 1204 1101 eleventur.
1236 1041 1369 1100 Ceterum
1393 1037 1536 1100 admone·

173 1141 249 1184 ,mus
278 1125 402 1186 ledones
432 1125 626 1186 conclusionis
656 1128 752 1203 quuti
783 1127 849 1188 libri
878 1147 899 1188 a
917 1129 1006 1189 nohis
1034 1131 1156 1202 citatae,
1189 1129 1238 1187 ubi
1268 1129 1535 1205 experimenta

185 1219 299 1273 tantum
321 1230 354 1274 se
378 1213 419 1274 ait
440 1215 567 1290 prolerre
589 1231 685 1290 neque
708 1231 822 1291 cupere,
847 1224 880 1276 nt
902 1225 1042 1294 tanquam
1066 1233 1139 1291 opus
1162 1215 1249 1292 plane
1262 1215 1422 1293 perisctum
1446 1213 1537 1291 ,lima

184 1299 332 1361 liberrima
360 1303 481 1362 rationis
511 1304 653 1362 censura“
683 1305 893 1365 examinentur.
940 1302 1024 1380 Quae
1053 1305 1251 1380 experimenta
1280 1304 1440 1363 arctissime
1463 1318 1536 1362 cou-

183 1388 286 1465 juncta
308 1395 377 1448 sunt
399 1406 465 1450 oum
487 1392 599 1450 cunctis
620 1388 739 1466 Kepleri
760 1389 865 1452 studiis
890 1393 918 1449 in
941 1391 1132 1467 astrologiam
1154 1390 1302 1469 impensis.
1340 1389 1435 1466 Quum
1459 1392 1536 1449 enim

186 1493 244 1536 nou
265 1475 362 1536 solum
385 1480 512 1537 muneris
533 1477 598 1553 ejus
621 1484 707 1550 esset,
730 1494 795 1538 saun
819 1495 961 1551 exercere,
985 1479 1038 1540 sed
1061 1481 1149 1538 etiarn
1171 1495 1275 1554 saepe,
1300 1485 1331 1537 ut
1353 1485 1405 1537 aut
1427 1493 1473 1537 res
1496 1475 1534 1538 ad

187 1566 278 1624 sitam
300 1567 481 1626 necessariae
507 1566 564 1626 sibi
593 1572 775 1643 compararet
804 1575 856 1626 aut
882 1566 1113 1628 amicorumve!
1143 1566 1288 1626 lautorum
1310 1563 1398 1625 alicui
1420 1570 1535 1648 gratam

186 1652 307 1728 lacmct,
338 1651 376 1712 sd
399 1670 464 1713 sam
488 1653 644 1729 coningere
667 1661 834 1729 cogeretur,
864 1671 997 1732 semper,
1028 1671 1086 1732 qtro
1115 1657 1209 1732 magis
1239 1653 1420 1713 tolerabilem
1451 1653 1534 1726 haue,

187 1757 274 1818 quem
298 1743 391 1800 altare
413 1757 472 1800 non
495 1747 603 1817 posset,
627 1741 849 1817 occupationem
872 1743 929 1803 eibi
952 1743 1068 1811 iaceret,
1094 1744 1121 1799 in
1138 1759 1173 1802 an
1188 1741 1369 1813 elaborabat,
1392 1749 1424 1800 ut
1438 1748 1536 1801 astro·

186 1826 295 1904 logiam
318 1827 417 1889 mnltls
440 1829 585 1888 erroribus
606 1836 745 1906 purgaret
771 1836 802 1889 et
824 1829 1017 1890 rationalibus
1048 1831 1153 1890 dntibus
1181 1828 1427 1889 circumscriberet
1455 1835 1485 1888 et
1506 1829 1536 1886 iu

187 1914 420 1993 philosophicam
444 1915 592 1995 quandam
614 1915 736 1976 formam
757 1916 911 1993 redigeret.
959 1918 1079 1978 Accedit
1101 1916 1181 1993 quud
1203 1915 1301 1976 studia
1322 1914 1537 1992 philosophica,

187 2019 263 2079 quaa
285 2003 337 2063 illo
361 2012 492 2082 tempore
515 2005 664 2080 vigebant,
687 2021 801 2082 semper
824 2007 901 2064 circa
923 2006 1067 2083 ejusmodi
1090 2004 1269 2064 subtilitates
1285 2006 1484 2076 cernebantur,
1508 2008 1538 2062 et

187 2088 383 2166 quadrarum
404 2091 583 2152 naturalium
606 2093 730 2152 scientia
752 2093 841 2153 etism
872 2100 932 2152 tum
957 2090 1175 2171 quodammodo
1204 2095 1233 2150 io
1257 2091 1442 2150 incunabulis
1465 2096 1537 2153 ersi.

187 2178 224 2238 itt
246 2178 474 2254 petridcationes
497 2178 613 2256 quidem
636 2187 698 2238 tum
721 2189 843 2240 naturae
866 2180 948 2240 lusus
963 2184 1123 2243 censebant
1137 2197 1211 2254 esse,
1234 2187 1287 2239 ant
1309 2196 1374 2238 cum
1395 2177 1537 2256 partubus

186 2269 379 2328 monstruosis
402 2267 449 2328 rel
475 2269 555 2328 vitiis
578 2266 778 2344 corporalibus
801 2285 836 2328 ex
859 2271 960 2328 matris
982 2270 1124 2346 gravidae
1139 2269 1348 2344 imaginatione
1372 2267 1442 2326 ortis
1457 2281 1540 2325 com·

186 2354 340 2431 parabant.
386 2355 441 2414 Vel
465 2355 598 2416 homines
620 2371 807 2431 nequaquam
828 2356 900 2416 iatni
923 2364 1112 2436 tempestates
1135 2364 1165 2417 et
1186 2354 1331 2433 procellas
1353 2372 1372 2414 a
1392 2355 1488 2430 magis
1509 2359 1539 2412 st

186 2442 358 2502 mulieribus
381 2442 520 2504 veneficis
542 2440 662 2502 conflari
685 2441 855 2518 credebant,
886 2459 983 2521 usqua
1005 2444 1152 2520 Keplerns
1175 2445 1238 2520 ipse
1261 2443 1385 2502 aliorum
1409 2442 1538 2501 auetori-

187 2528 350 2590 usitidem
374 2530 487 2592 habens
510 2527 634 2605 dubitat,
659 2531 728 2606 quin
751 2529 846 2608 lapilli
868 2533 898 2592 in
921 2531 1019 2592 hiatus
1042 2533 1185 2592 montium
1199 2537 1260 2590 ‘etet
1281 2530 1363 2590 lacus
1384 2535 1539 2588 montanos

187 2615 311 2692 conjecti
334 2620 363 2676 in
387 2619 424 2678 iia
443 2619 516 2678 locis
538 2625 728 2695 tempestates
752 2620 906 2680 concitent.
935 2619 1069 2696 Vapores
1085 2626 1182 2679 entem
1206 2636 1242 2679 ex
1264 2625 1339 2678 terra
1362 2619 1488 2676 orientes
1507 2621 1537 2674 et

186 2703 313 2766 nebulas
336 2723 355 2766 a
377 2706 526 2789 montibus
548 2705 709 2782 pendentes
732 2713 761 2766 ot
783 2704 843 2766 alia
867 2706 1010 2784 ejusmodi
1029 2707 1119 2766 sodor
1134 2705 1253 2783 quidam
1275 2713 1368 2764 terrae
1384 2704 1536 2764 existima·

187 2792 303 2854 bantur.
333 2793 481 2855 Bestlolas
496 2792 587 2852 intimi
610 2795 724 2870 generis
748 2795 776 2852 lu
799 2793 876 2870 pelle
890 2793 1016 2854 aliorum
1038 2793 1208 2854 animalium
1225 2793 1364 2869 degentes
1379 2789 1538 2868 etplantss

187 2881 360 2956 parasiticae
376 2880 575 2959 inexplicabili
592 2880 718 2957 quadarn
737 2881 765 2939 ri
780 2882 941 2957 generabili
956 2890 1078 2942 naturae
1093 2882 1236 2959 putabant
1248 2881 1401 2957 procreari,
1418 2876 1538 2938 eadem·

49 3039 56 3052 ¹
187 2983 245 3042 qna
267 2969 381 3030 ratione
402 2977 598 3030 monstrorum
621 2971 796 3029 marinorum
827 2968 910 3030 velot
939 2969 1129 3030 balaenarum
1151 2977 1181 3030 at
1201 2969 1379 3046 serpentium
1408 2967 1538 3026 mariun-

188 3073 251 3114 mm
275 3058 417 3134 originem
440 3056 642 3134 explicandam
666 3073 740 3117 esse.
787 3054 844 3132 Qui
868 3055 1004 3131 (tardani,
1028 3057 1154 3130 Portae,
1184 3055 1215 3118 J.
1239 3056 1273 3116 C.
1297 3053 1439 3131 scaligeri
1460 3051 1539 3114 slio-

188 3161 310 3223 rumque
333 3162 423 3222 opera
445 3143 565 3221 legerit,
597 3145 625 3202 ei
647 3161 705 3204 non
728 3143 892 3204 mirandum
921 3144 1082 3217 ridebitur,
1114 3147 1139 3204 ai
1161 3144 1321 3220 Keplerus,
1353 3145 1462 3220 quippe
1486 3142 1538 3217 qni

186 3250 283 3310 neque
305 3232 435 3305 haberet,
458 3232 536 3292 unde
558 3247 659 3292 rerum
681 3231 813 3304 disceret,
838 3248 932 3307 neqtre
956 3235 1027 3308 ipse.
1041 3249 1092 3292 aas
1115 3249 1160 3292 ree
1176 3231 1350 3308 perscrutari
1372 3236 1486 3309 posset,
1508 3235 1538 3288 et

187 3324 249 3400 ipse
272 3321 383 3380 talibus
414 3320 560 3380 erroribus
592 3320 752 3396 implicitus
780 3335 890 3397 eosque
919 3323 1097 3396 argumentis
1127 3318 1339 3398 philosophicis
1367 3316 1537 3380 confirmare

187 3416 310 3470 conatus
333 3416 386 3469 est.
433 3407 465 3467 Si
487 3413 640 3484 praeterea
661 3407 854 3484 reputaveris,
877 3415 1057 3484 quantopere
1080 3406 1226 3486 Keplerus
1256 3406 1366 3482 ingenii
1388 3405 1466 3464 lusui
1488 3405 1537 3462 in·

133 3557 138 3566 ,
188 3497 307 3574 dulgere
330 3504 361 3556 et
383 3496 493 3570 ubique
515 3494 670 3570 analogias
691 3493 832 3570 indagare
854 3493 959 3554 solitus
982 3497 1028 3569 sit,
1051 3495 1124 3555 satis
1148 3494 1255 3555 dictum
1280 3491 1468 3554 videaturad
1484 3508 1538 3551 ex·

185 3582 352 3663 plicandam
375 3591 404 3643 et
425 3584 530 3660 partim
553 3581 749 3642 oscussndatn
771 3597 871 3643 earnm
894 3583 1064 3658 opinionum
1079 3584 1251 3655 nectutem,
1275 3599 1351 3658 quas
1373 3581 1427 3640 sub
1450 3579 1537 3639 huam

187 3675 283 3751 quarti
305 3679 336 3731 et
357 3672 441 3730 initio
465 3671 558 3746 quinti
581 3669 646 3729 libri
668 3669 894 3746 perscribuntur.

298 3759 434 3819 Ceterum
455 3773 633 3834 magnopere
656 3759 803 3830 erraverit,
827 3759 877 3832 qui
903 3756 1017 3832 credet,
1041 3755 1160 3817 easdem
1182 3773 1259 3832 quoe
1283 3758 1311 3813 in
1336 3762 1440 3832 quarto
1463 3752 1537 3812 libro

186 3849 274 3910 etism
305 3849 336 3906 iu
358 3846 462 3906 ultimo
485 3845 663 3905 Harmoniae
693 3844 767 3904 libro
798 3845 1166 3921 quaestiones-contineri.
1212 3844 1269 3904 llio
1292 3846 1368 3903 enim
1391 3840 1537 3917 Keplerus

184 3934 286 3996 mundi
308 3933 489 3994 harmoniam
512 3934 610 3992 animo
632 3947 687 3992 suo
710 3933 879 4005 observans,
904 3920 992 4007 quoin
1015 3931 1083 3994 inde
1105 3949 1125 3991 a
1146 3931 1298 3992 Prndrcmi
1320 3933 1366 3991 sui
1388 3930 1539 4002 conscrip-

184 4027 264 4084 tione
287 4039 346 4082 uon
369 4022 523 4093 omiserat,
553 4018 604 4080 sed
627 4021 657 4078 in
681 4020 815 4079 omuibus
844 4022 981 4096 operibus
1011 4021 1213 4080 astronomicis
1236 4018 1446 4096 posterioribus
1468 4021 1537 4074 tsn-

185 4129 275 4188 qusm
297 4126 442 4170 summam
464 4107 626 4168 studiorum
648 4123 765 4168 suorum
788 4106 875 4166 mern
891 4111 984 4182 primo
999 4107 1065 4169 loco
1080 4117 1228 4186 posuerat,
1251 4107 1447 4165 astronomiae
1466 4119 1538 4161 usos

186 4197 371 4260 adminiculis
394 4197 597 4276 proportiones
619 4201 751 4254 motuum
774 4201 803 4254 et
826 4193 1029 4254 distantiarum
1044 4196 1236 4273 planetarum,
1261 4208 1336 4270 quas
1352 4192 1537 4252 obsecratio·

185 4288 272 4347 nibus
296 4293 533 4364 computaretur,
549 4299 637 4344 cnm.
652 4283 812 4344 harmoniis
834 4282 1024 4342 musicalibus
1047 4281 1242 4360 comparando
1265 4279 1406 4355 consequi
1428 4275 1536 4338 studet.

187 4373 280 4450 Quem
304 4373 451 4432 edshnem
475 4387 653 4449 quamquam
675 4387 714 4431 ue
735 4370 792 4430 hae
814 4369 931 4445 quidem
957 4373 1007 4429 via
1033 4373 1168 4448 pervenit
1190 4370 1296 4445 (neque
1320 4368 1396 4426 enim
1419 4365 1450 4424 id
1473 4382 1538 4424 our·

186 4465 255 4522 uiuo
277 4460 378 4539 perfici
399 4475 487 4538 posse
510 4455 645 4539 videtur),
668 4469 766 4518 mmsn
789 4462 892 4516 mirum
909 4457 976 4517 tulit
990 4458 1101 4520 loboris
1115 4457 1291 4536 praemium3
1313 4471 1381 4514 nam
1396 4471 1448 4532 per
1466 4453 1539 4512 haec

186 4547 284 4609 studia
305 4547 499 4608 immortalem
522 4563 604 4605 susm
628 4548 743 4606 tertiam
765 4543 861 4621 legem
880 4548 1000 4620 invenit,
1025 4561 1101 4623 qtrae
1117 4544 1319 4622 proportiones
1334 4541 1400 4601 illas
1423 4540 1538 4619 simpli-

187 4639 302 4698 cissime
317 4637 452 4712 exprimit
475 4643 505 4693 et
519 4633 664 4693 Nentonii
688 4633 725 4694 de
749 4633 944 4702 gmvitatione
968 4633 1116 4694 doctrinae
1139 4631 1223 4706 quasi
1246 4627 1465 4688 tundamentum
1480 4645 1538 4704 pu·

188 4723 278 4784 tanda
300 4730 356 4785 est.
387 4721 497 4798 Rejioit
519 4723 547 4778 in
571 4721 623 4779 illo
638 4719 714 4780 libro
737 4719 883 4795 Keplcrus
905 4724 1080 4780 sententiam
1103 4719 1140 4777 ab
1156 4719 1221 4792 ipso
1236 4719 1425 4793 propositam,
1449 4732 1537 4791 quarn

188 4811 237 4871 din
259 4827 361 4871 reram
384 4811 616 4880 existimaverat,
648 4806 686 4866 ad
710 4823 832 4883 corpora
855 4806 1001 4882 regularia
1022 4816 1103 4866 ratus
1125 4801 1293 4864 referendas
1314 4819 1378 4866 esse
1400 4803 1537 4881 planeta·

187 4915 250 4962 rum
272 4899 395 4973 orbitas,
419 4885 570 4961 nummum
593 4902 692 4958 autom
715 4911 815 4966 eorum
832 4898 982 4956 etiamtum
1006 4911 1040 4954 es
1063 4889 1121 4952 iilis
1142 4897 1244 4952 censet
1256 4890 1392 4968 pandus.
1429 4891 1539 4954 &stra
