3588 5540
292 419 358 503 948
526 489 530 501 ,
802 421 868 489 tiss
885 421 1000 489 ioannis
1017 429 1137 503 Kepleti

293 619 471 691 conquestus
497 617 556 686 cst,
588 609 668 690 qood
699 627 775 672 ase
802 611 981 688 postularet,
1014 619 1049 672 ut
1073 627 1217 670 summam
1242 611 1478 688 superstitionem
1504 613 1644 668 mactaret

293 705 326 774 (l.
343 705 398 761 358
415 705 480 774 ss.);
508 709 538 760 et
562 699 641 758 baud
657 713 743 758 secus
758 697 1069 758 Wallenstenium
1093 693 1201 772 docuit,
1224 715 1342 758 caecam
1364 699 1541 774 astrologiae
1556 696 1643 756 tidem

293 787 331 848 ad
346 805 458 849 errores
473 787 579 847 ducere
594 788 738 846 maximos
754 795 784 846 et
806 785 886 846 baud
901 805 1006 863 parum
1028 786 1097 846 mali
1113 786 1226 846 allicere
1239 803 1328 863 posse
1347 791 1382 854 (r.
1396 805 1419 845 s.
1431 805 1459 858 p.
1472 789 1524 844 348
1537 790 1579 856 a).
1592 817 1626 825 -

397 875 441 935 Ex
465 875 599 952 epistolis
622 873 742 951 Kepleri
764 873 802 934 ad
817 875 986 934 Fabricium
1008 874 1086 934 datis
1107 873 1181 934 baec
1203 873 1362 950 repetenda
1376 873 1551 946 censuimus,
1575 873 1644 947 qui·

292 962 348 1022 bus
369 965 570 1039 probaremus,
593 979 669 1038 quae
684 959 774 1022 modo
790 961 916 1021 diximus
932 962 968 1022 de
980 963 1057 1038 jocis
1079 969 1109 1022 et
1130 962 1260 1035 facetiis,
1285 961 1391 1039 quibus
1412 959 1557 1035 Keplems
1580 961 1644 1018 viro

292 1051 497 1127 superstitioso
519 1050 678 1127 respondit
723 1049 876 1109 Fabricius
898 1053 1069 1126 scripserat,
1092 1047 1282 1126 astrologiam
1304 1066 1336 1108 se
1358 1048 1490 1108 excolere
1512 1046 1592 1107 velle
1615 1054 1645 1105 et

296 1137 451 1200 defendere
474 1149 574 1198 contra
596 1139 729 1196 inimicos
753 1153 953 1214 quoscunque.
999 1137 1145 1214 Keplerus
1172 1134 1336 1213 respondit:
1367 1135 1412 1194 Tu
1442 1137 1468 1193 si
1495 1133 1565 1211 quid
1596 1134 1644 1192 bic

296 1229 485 1301 praestiteris,
509 1227 627 1284 laudem
652 1233 734 1284 tauto
758 1226 898 1301 majorem
914 1243 1005 1302 quatu
1020 1242 1075 1302 ego
1090 1225 1262 1302 reportabis,
1287 1231 1397 1301 quanto
1411 1225 1532 1300 propina
1547 1229 1644 1282 astro·

294 1313 376 1389 logia
398 1314 436 1372 ad
452 1332 523 1372 usus
538 1313 683 1372 humanos
700 1313 822 1386 accedit,
847 1321 958 1388 quanto
973 1313 1048 1372 baec
1061 1311 1198 1372 subtilior
1211 1314 1399 1372 astronomia.
1435 1309 1544 1369 Verum
1559 1310 1643 1383 scito,

292 1403 418 1478 primum
441 1408 532 1478 atque
554 1411 584 1460 tu
602 1409 695 1460 metas
718 1397 863 1478 αἰιριβιιας
886 1408 915 1460 ct
931 1403 1036 1460 virium
1051 1400 1171 1460 humani
1194 1401 1302 1476 ingenii
1325 1396 1560 1471 transscenderis,
1584 1413 1644 1473 quo

294 1489 413 1564 longius
436 1490 466 1546 in
490 1497 540 1547 tua
563 1489 755 1565 persuasione
777 1499 935 1564 provectus
957 1489 1061 1564 tueris,
1092 1487 1149 1548 boc
1171 1491 1265 1564 magis
1288 1495 1317 1546 te
1338 1485 1409 1545 mibi
1437 1485 1498 1545 lora
1520 1501 1644 1562 suspee-
1743 1533 1748 1557 ,

294 1585 357 1636 tum
379 1575 560 1636 credulitatis
583 1578 699 1634 nimiae.
744 1574 803 1636 Sed
827 1574 918 1637 beust
943 1575 1078 1652 Peccavi,
1102 1592 1139 1636 ue
1162 1575 1263 1636 icriasl
1286 1575 1408 1634 Inermia
1423 1573 1537 1634 adsum.
1569 1572 1644 1632 Cum

294 1666 372 1723 enim
395 1665 504 1722 nemini
529 1673 558 1722 te
582 1665 759 1740 parciturum
783 1663 842 1736 uis,
866 1666 964 1724 cautio
987 1663 1057 1722 mibi
1081 1671 1126 1722 est
1149 1662 1329 1735 adhibenda,
1352 1678 1388 1720 ne
1410 1668 1440 1720 et
1462 1677 1507 1720 me
1530 1660 1644 1720 bostem

294 1751 348 1810 trbl
372 1749 516 1832 deligasfi‘
663 1749 762 1824 Suda,
793 1750 868 1810 suda
895 1752 931 1812 de
954 1752 1183 1828 profectionibus
1211 1759 1240 1810 et
1269 1749 1490 1820 directionibus,
1523 1765 1590 1806 nam
1615 1755 1645 1808 ct

295 1854 351 1914 ego
374 1833 513 1898 sudavi.“
559 1837 629 1897 Jam
652 1836 779 1914 explicat
802 1855 885 1896 suam
912 1835 1095 1922 „dirigendi“
1119 1841 1270 1911 rationem,
1295 1854 1371 1914 quac
1394 1853 1484 1912 quum
1508 1836 1645 1895 Fabricio

295 1941 354 1984 uon
378 1925 553 2002 displiceret,
579 1925 624 1984 lris
648 1942 714 1984 euru
737 1925 840 1984 laudat
858 1925 1022 2004 Keplerus:
1048 1927 1185 2007 „lignum
1209 1925 1257 1983 hic
1279 1927 1352 2001 agis,
1377 1927 1418 1982 ita
1440 1941 1471 1982 es
1495 1925 1643 1982 innocens.

294 2011 398 2072 Placet
420 2015 473 2072 tibi
498 2013 706 2074 demonstratio
722 2021 904 2089 aspectuum,
929 2013 1126 2073 reductionem
1142 2013 1179 2071 ad
1194 2013 1358 2089 eclipticam
1382 2012 1542 2087 approbas,
1566 2009 1644 2068 diri·

297 2101 412 2159 sionem
434 2103 658 2160 eecentricitatis
681 2099 759 2160 Solis
781 2099 922 2174 admittis,
945 2103 1101 2161 sanitatem
1123 2117 1278 2176 recuperas
1302 2101 1338 2159 ab
1362 2098 1538 2174 astrologica
1561 2097 1643 2170 febri,

296 2203 350 2247 nec
373 2187 535 2265 quidquam
557 2188 675 2260 scribis,
707 2187 785 2263 quod
810 2190 838 2244 in
862 2188 919 2248 bac
941 2206 971 2247 re
995 2205 1053 2248 non
1078 2191 1182 2248 eximie
1205 2184 1356 2265 probem.“
1376 2233 1382 2246 .
1400 2231 1407 2246 .
1426 2229 1460 2247 ..
1507 2185 1573 2260 „De
1596 2187 1644 2242 iu·

296 2275 504 2335 clinatiouibus
528 2275 683 2335 confudisti
706 2293 750 2334 me
775 2276 850 2333 inter
871 2275 1037 2352 legendum.
1083 2276 1180 2335 Velim
1203 2277 1360 2351 respiceres
1383 2273 1420 2332 ad
1442 2291 1524 2332 mess
1545 2272 1645 2332 literas

296 2364 416 2440 priores,
440 2362 511 2439 quid
534 2365 653 2423 omnino
676 2365 849 2439 scripserim.
894 2365 969 2422 Nam
993 2363 1066 2423 haec
1089 2363 1221 2440 quidem,
1246 2361 1324 2439 quod
1348 2369 1378 2420 tu
1402 2363 1529 2433 refutas,
1556 2359 1644 2436 plane

296 2465 355 2508 non
378 2439 507 2526 scripsi)
536 2450 666 2522 Probas,
698 2449 837 2525 conjungi
860 2457 1091 2527 temperamenta
1115 2449 1352 2510 inclinationibus
1377 2457 1405 2508 et
1428 2449 1515 2507 simul
1538 2449 1644 2505 immu-
1711 2453 1719 2467 “

296 2539 360 2597 tari.
406 2536 499 2613 Quasi
523 2555 579 2612 ego
602 2537 658 2596 hoo
681 2541 859 2613 negaverim.
907 2538 984 2598 Vera
1007 2537 1090 2611 dicis,
1114 2546 1225 2598 tantum
1249 2555 1285 2598 ne
1308 2537 1403 2609 dicus,
1427 2535 1474 2595 sel
1497 2545 1644 2612 tempora-

297 2633 398 2685 menta
421 2625 467 2684 vel
490 2625 694 2685 inclinatiores
717 2624 888 2684 naturaliter
909 2643 996 2702 posse
1019 2627 1176 2704 permutari
1208 2625 1295 2702 plane
1325 2627 1485 2684 contrariis.
1505 2624 1510 2634 ’
1533 2622 1565 2680 lu
1590 2621 1645 2680 lroc

239 2715 242 2728 '
298 2715 374 2773 enlm
397 2715 540 2790 pervertis
563 2729 657 2772 meam
681 2715 866 2786 sententium,
890 2714 958 2772 dum
982 2715 1094 2791 scripsi,
1119 2723 1152 2773 ut
1167 2714 1270 2773 oculus
1292 2712 1329 2771 ad
1353 2713 1453 2771 album
1477 2717 1506 2770 et
1519 2712 1644 2786 nigrum,

296 2802 340 2860 slo
362 2803 477 2859 animus
499 2799 538 2859 ad
567 2799 640 2860 haec
663 2807 747 2876 antiq
770 2800 924 2874 coslestia,
954 2802 1093 2878 intelligis
1116 2809 1147 2860 tu
1171 2801 1208 2860 ad
1237 2801 1470 2872 inclinationem,
1502 2797 1541 2856 ad
1569 2799 1646 2856 iurta

205 2891 209 2902 '
298 2895 354 2948 etc.
382 2887 448 2946 Non
471 2897 540 2964 peto
563 2905 582 2946 a
604 2897 643 2960 te,
666 2889 705 2945 mi
721 2887 846 2961 Fabrici,
871 2897 903 2946 ut
926 2889 1019 2948 multa
1041 2890 1159 2961 scribas,
1183 2887 1234 2947 sed
1258 2898 1290 2946 ut
1304 2905 1338 2947 ex
1354 2887 1549 2946 fundamentis
1572 2885 1645 2944 bene

299 2974 486 3034 collectarum
511 2977 732 3052 cogitationum.
778 2974 825 3033 Tu
848 2993 984 3052 namque,
1008 2978 1033 3036 si
1056 2977 1210 3052 relegisses
1233 2991 1299 3034 moa
1320 2982 1350 3035 et
1372 2983 1438 3048 tua,¹
1455 2971 1645 3032 vidissesuos

298 3062 347 3121 hie
370 3061 446 3122 idem
469 3079 567 3139 agere.
612 3062 740 3121 Nimium
768 3070 799 3120 tu
828 3065 914 3122 astris
936 3065 1050 3124 tribuis.
1096 3064 1163 3122 Tibi
1187 3063 1269 3123 Deus
1292 3061 1329 3121 ad
1353 3069 1432 3120 astra
1453 3062 1586 3136 respicit,
1614 3067 1645 3118 ut

299 3157 529 3226 temperamenta
559 3149 663 3210 formet
685 3157 714 3208 et
742 3149 961 3223 inclinationes,
994 3151 1065 3208 mibi
1094 3152 1209 3210 animae
1236 3149 1409 3209 sublunares
1440 3148 1477 3206 ad
1507 3149 1583 3206 idem
1608 3149 1645 3206 ob

298 3237 375 3296 idem
398 3239 587 3314 respiciunt.“
608 3281 688 3299 ....
729 3236 883 3318 ,Ridicule
906 3238 1029 3297 desinis:
1062 3239 1143 3299 Deus
1167 3247 1195 3297 et
1219 3237 1310 3298 Satan
1334 3235 1645 3296 concurrunt-stultum

300 3341 380 3400 ergo,
405 3327 503 3383 omnia
527 3324 564 3384 sd
587 3341 691 3384 causae
715 3325 864 3384 naturales
887 3327 1000 3385 reterre.
1046 3325 1150 3399 Multa,
1176 3326 1300 3398 Fabrici,
1324 3325 1425 3398 multa,
1450 3325 1509 3382 imo
1532 3323 1645 3399 pleras-

302 3427 361 3487 que
383 3413 521 3471 soientias
544 3411 632 3488 brrjus
655 3414 818 3471 sententiae
841 3414 995 3490 tyrannide
1011 3415 1167 3489 opprimes.
1198 3412 1275 3488 Quid
1293 3411 1394 3471 enim?
1416 3410 1448 3470 Si
1463 3411 1520 3470 boc
1535 3427 1645 3481 vorum,

298 3515 367 3557 num
392 3498 457 3559 ideo
481 3517 574 3558 meam
598 3501 773 3558 sententiam
796 3515 861 3558 cum
885 3508 936 3559 tua
958 3501 1146 3577 permutabo,
1175 3507 1329 3578 propterea
1360 3498 1439 3575 quud
1463 3506 1514 3557 tua
1537 3497 1593 3556 Dei
1617 3504 1647 3556 et

297 3585 422 3648 Diaboli
437 3603 510 3663 opus
525 3585 593 3664 plus
607 3585 728 3663 indiget,
752 3605 817 3646 mea
833 3587 899 3647 illas
914 3587 1145 3666 hyperpbysioas
1160 3588 1246 3664 plane
1263 3603 1320 3646 nou
1336 3584 1488 3646 excludit?
1525 3584 1646 3644 Minime

297 3673 369 3734 hoel
407 3673 510 3734 Potius
539 3691 653 3734 ornnem
682 3673 871 3750 astrologiam
899 3677 1049 3735 mittamus
1078 3684 1108 3736 et
1134 3673 1274 3735 mundum
1305 3673 1493 3734 sublunarem
1522 3673 1588 3733 Deo
1618 3679 1647 3732 et

298 3761 427 3821 Diabolo
450 3762 609 3838 regendum
632 3760 811 3822 tradamus.“
1146 3807 1150 3818 .

409 3849 722 3926 „Dissertatiunculsm
745 3867 840 3910 meam
859 3853 914 3924 (De
932 3851 1114 3910 laudamentis
1133 3852 1315 3926 Astrologias)
1338 3847 1468 3922 adoriris,
1493 3845 1544 3907 sed
1568 3849 1647 3915 osei-

297 3945 394 3997 tanter
416 3945 446 3996 et
467 3937 575 3996 infelici
604 3939 735 4013 auspicio
738 3979 843 3998 .....
890 3936 985 3996 Pudet
1013 3955 1059 3997 mo
1085 3945 1216 4016 repetere
1242 3955 1278 3998 ex
1302 3935 1568 3996 dissertatiuncula.
1615 3935 1646 3994 st
1704 3995 1707 4000 Δ

299 4033 332 4084 tu
354 4027 521 4096 existimus,
546 4033 575 4084 te
597 4033 720 4100 gratum·
736 4025 806 4084 rnihi
829 4025 924 4102 iacere
947 4042 994 4084 me
1010 4025 1171 4085 exercendo
1194 4025 1408 4101 objectionibus
1430 4039 1489 4082 non
1511 4023 1595 4082 seriis
1618 4031 1647 4082 et

297 4113 327 4170 in
350 4113 458 4189 quibus
480 4113 542 4189 ipse
565 4114 641 4171 scias
663 4111 848 4186 solutionem,
872 4112 989 4175 falleris.
1027 4113 1092 4172 Nou
1116 4120 1184 4190 peto
1207 4113 1259 4172 tibi
1284 4131 1316 4171 os
1340 4114 1463 4186 vincere,
1487 4109 1538 4170 sed
1562 4127 1647 4170 men-

297 4207 366 4275 tem,
389 4201 527 4272 animum,
551 4201 724 4258 sententiam
741 4202 793 4260 tibi
810 4202 921 4278 eripere
937 4198 1074 4277 penitus,
1087 4209 1137 4260 aut
1152 4217 1246 4259 meam
1262 4201 1315 4260 tibi
1331 4197 1442 4272 cedere,
1465 4200 1491 4257 sl
1507 4195 1644 4258 vicens.“

403 4284 449 4345 Ad
473 4285 600 4345 Fabricii
624 4287 755 4346 timorem
779 4289 816 4347 ob
840 4289 996 4347 instantem
1023 4287 1249 4362 „directionem“
1275 4286 1430 4364 quandam,
1454 4285 1509 4345 sibi
1525 4286 1647 4346 mulnet

298 4373 429 4452 pericula
460 4373 682 4449 portendentem
709 4375 751 4432 sic
778 4375 929 4451 respondit
958 4374 1116 4453 Keplerus:
1150 4374 1195 4451 ,0
1219 4381 1247 4434 te
1270 4377 1406 4434 miserum
1437 4381 1467 4435 et
1488 4373 1644 4447 infelicem,

298 4465 350 4538 qni
373 4469 417 4521 tot
436 4460 499 4536 jam
526 4463 598 4519 meis
629 4462 869 4522 instructionibus
901 4463 1030 4522 nondum
1064 4463 1179 4523 liberari
1207 4471 1291 4540 potes
1315 4481 1332 4520 a
1354 4469 1434 4521 metu
1467 4459 1644 4534 directionis,

299 4552 370 4627 quin
394 4555 424 4608 et
446 4547 587 4608 orandum
610 4549 662 4607 tibi
686 4555 783 4626 putas,
808 4567 844 4608 ne
867 4553 981 4610 animae
998 4557 1111 4611 noceat.
1150 4550 1321 4611 Benelaclat
1336 4549 1418 4609 Dens
1433 4555 1503 4608 tuae
1518 4549 1645 4622 animae,

299 4643 426 4696 ceterum
449 4643 482 4694 ut
504 4633 645 4714 impediat
668 4635 869 4710 directionem,
898 4655 936 4698 ne
958 4637 1000 4696 illl
1023 4637 1143 4712 noceat,
1167 4637 1239 4696 nibil
1263 4645 1307 4697 est
1329 4639 1479 4696 necesse.“
1526 4635 1559 4693 Iu
1583 4637 1647 4713 epi·

298 4723 380 4782 stolis
407 4723 534 4783 Fabricii
566 4723 602 4782 de
630 4723 759 4782 motibus
783 4721 887 4782 Martis
916 4733 1100 4785 astronomus
1128 4727 1226 4786 sanior
1253 4716 1466 4804 praeponderat
1496 4722 1649 4799 astrologo.

297 4810 357 4869 iere
379 4811 492 4884 insano,
516 4817 614 4870 temen
638 4805 746 4871 excidit
768 4809 881 4870 calamo
898 4815 926 4870 in
945 4812 1133 4890 astrologiam
1157 4815 1240 4889 quael
1265 4817 1293 4871 in
1315 4819 1449 4871 naturam
1472 4827 1557 4870 verso
1580 4827 1647 4870 rer·

297 4897 381 4960 bum:
408 4899 515 4978 ,cupio
537 4898 591 4958 abs
614 4907 643 4959 te
666 4914 854 4978 cognoscere,
876 4917 928 4961 cur
950 4903 979 4960 iu
1001 4908 1054 4961 tua
1074 4903 1176 4982 ymeri
1197 4917 1301 4963 secans
1317 4899 1541 4962 eecentricitatis
1558 4897 1644 4960 dimi·
