3624 5554
271 386 337 456 ιιι
782 387 1114 461 ιιιιιιιιιιιιιιριιιι,

273 577 322 630 ιιι
345 587 445 630 omnes
468 569 606 631 cadentes
629 573 668 632 ab
690 572 806 649 angulis
837 573 1002 651 significant
1029 571 1190 650 jucundum
1219 573 1313 650 magis
1345 587 1432 648 quam
1461 569 1531 630 ieiix
1554 587 1627 630 con·
1666 639 1670 652 .

161 672 164 683 ’
270 660 396 735 J'nginm,
420 657 472 717 sed
495 677 633 732 amorem,
657 660 845 738 elegantiam.

376 755 560 828 'Gaiemitatea
580 775 648 829 quas
662 777 733 816 enno
747 763 817 818 1597
827 763 999 832 praeviderat
1010 749 1154 832 Keplerus,
1172 759 1225 814 boc
1239 776 1310 814 anno
1323 759 1350 814 in
1363 759 1499 828 Styriacos
1512 757 1629 812 Lntheri

272 845 337 900 fidei
363 845 486 901 addictos
513 859 670 916 eruperunt.
714 849 833 916 Pergens
857 847 885 902 in
911 848 997 916 literis
1020 847 1046 903 d.
1072 848 1095 903 d.
1123 850 1163 902 ii.
1188 847 1264 902 Jnnii
1290 847 1359 902 haec
1388 848 1421 902 de
1445 845 1488 903 bis
1517 844 1630 900 nunciat

273 925 471 980 iiiaastiino:
493 922 718 984 Zimmermanni
734 932 857 984 mortem
872 931 1033 1000 sequuntur
1047 924 1142 982 tristia
1157 929 1297 1000 ternpore.
1328 921 1530 982 Ferdinandus
1547 921 1629 996 prin-

275 1025 343 1084 ceps
373 1010 402 1064 in
430 1005 547 1068 Italiam
583 1013 665 1070 abiit
712 1013 871 1072 -Perrariaa
899 1013 996 1089 ipsum
1028 1009 1146 1088 Jupiter
1174 1011 1323 1070 Romanus
1357 1027 1457 1070 mensa
1492 1009 1629 1088 dignatus

274 1103 328 1156 est.
365 1095 399 1154 In
431 1100 555 1157 transitu
584 1103 720 1160 tumentis
749 1100 874 1175 aiicujus
903 1117 1004 1177 parurn
1032 1099 1142 1172 abiuit,
1175 1099 1244 1174 quin
1268 1101 1401 1176 princeps
1431 1097 1630 1168 suffocaretur,

275 1190 377 1241 votum
400 1183 514 1244 Mariae
537 1185 722 1248 Lauretanae
745 1190 915 1266 concepisse
937 1188 1041 1247 dieitur
1071 1189 1229 1262 statimque
1252 1187 1281 1244 in
1306 1185 1383 1245 rado
1406 1185 1530 1244 stetisse.
1567 1183 1631 1242 Nec

275 1272 372 1328 minus
400 1273 429 1329 in
461 1275 533 1332 mari
564 1275 679 1335 Veneto
708 1276 890 1352 periclitatus
918 1283 971 1336 est.
1029 1275 1178 1333 Ferrariae
1212 1271 1382 1334 adventanti
1414 1270 1486 1331 Jovi
1517 1277 1546 1330 et
1573 1287 1631 1329 no-

273 1361 352 1416 rnine
376 1359 440 1434 ejus
463 1360 561 1420 clienti
583 1363 752 1440 spectacula
776 1363 907 1424 exhibita
930 1365 1022 1440 ignita
1044 1363 1098 1421 sub
1119 1377 1282 1438 vesperam,
1306 1361 1356 1420 ubi
1377 1360 1481 1419 domus
1511 1360 1630 1419 flamma

275 1463 311 1504 ex
327 1448 395 1520 igne
412 1447 531 1508 volante
546 1458 697 1528 concepta,
721 1468 787 1511 cum
802 1469 854 1528 pro
870 1450 982 1510 ludicro
998 1457 1177 1527 spectaretur
1192 1447 1357 1508 incendium
1378 1456 1408 1508 et
1422 1447 1630 1524 negligeretur,

275 1535 470 1610 coniiagrarit
491 1543 554 1597 tote
577 1546 606 1598 et
628 1537 719 1641 (quod
743 1539 834 1600 semel
857 1545 969 1598 tantum
985 1537 1128 1610 auditum,
1152 1537 1190 1596 ab
1206 1537 1323 1597 homine
1346 1544 1442 1596 tamen
1460 1535 1516 1594 fide
1533 1534 1632 1609 digno,

276 1623 326 1680 vix
350 1623 456 1680 imitari
480 1624 590 1700 audeo)
614 1628 724 1703 periere
740 1628 864 1687 flammis
881 1631 921 1687 ιι
937 1627 1080 1702 ιοιιὶιιι,
1106 1631 1244 1699 4ιιιιιιι,
1268 1627 1361 1702 ipsius
1375 1623 1464 1684 Jovts
1486 1621 1631 1700 peiurium

276 1718 356 1769 metu
379 1711 501 1785 periculi
524 1729 609 1772 auum
632 1715 745 1792 expulit
764 1714 970 1776 habitatorem.

384 1796 494 1860 Omnes
525 1801 651 1860 reditum
681 1803 825 1879 Principis
854 1801 1035 1881 trepidant.
1061 1801 1176 1861 Dicitur
1205 1799 1306 1860 italica
1333 1795 1445 1858 auxilia
1476 1771 1632 1858 adducere.

278 1883 401 1943 Senatui
430 1889 523 1946 eirico
553 1898 672 1950 nostrae
700 1891 892 1950 confessionis
919 1893 1108 1966 magistratus
1138 1889 1296 1964 abrogatus
1327 1894 1379 1947 ιιι.
1424 1886 1580 1945 Portarum
1604 1894 1634 1945 et

277 1976 446 2032 armentarii
461 1977 554 2036 urbici
570 1978 722 2037 custodiae
737 1995 831 2055 papae
855 1979 1070 2038 consessoribus
1086 1974 1222 2037 creditae.
1260 1975 1407 2036 Minarum
1423 1975 1521 2033 omnia
1536 1973 1634 2050 piena.

275 2101 310 2112 -
329 2069 359 2124 ln
379 2073 503 2141 epistolis
525 2075 598 2131 hanc
621 2078 800 2146 sequentibus
823 2078 958 2149 Keplerua
982 2078 1042 2148 (per
1064 2084 1221 2132 autumnum
1246 2075 1310 2130 enni
1328 2075 1370 2143 98)
1393 2077 1490 2130 turbas
1509 2075 1559 2128 has
1578 2090 1633 2128 non

276 2159 373 2226 tangit,
393 2158 513 2216 reserens
532 2161 565 2216 de
584 2163 752 2220 conficiendo
773 2181 871 2235 ,opere
890 2169 1034 2233 argenteo“
1055 2170 1082 2218 et
1102 2165 1134 2220 de
1154 2163 1301 2218 Prodromo
1320 2161 1485 2234 (cir.1.89),
1505 2161 1549 2217 die
1567 2177 1632 2217 vero

277 2243 303 2302 9.
322 2247 389 2302 Dec.
409 2247 478 2302 baec
496 2251 609 2305 nunciat
627 2251 786 2308 Maestlino:

380 2339 505 2401 Pandite
528 2360 606 2403 nunc
629 2343 775 2406 Helicona
788 2345 870 2406 Deae
894 2351 1056 2420 cantusque
1076 2352 1204 2404 movete.
1242 2341 1301 2403 Sed
1325 2343 1395 2420 quid
1411 2349 1515 2404 cantus
1529 2359 1633 2421 pesco,

278 2427 324 2484 eui
347 2427 432 2487 fletus
461 2445 535 2506 opus
567 2431 633 2491 est?
670 2431 744 2492 Rem
774 2434 902 2493 breviter
933 2433 1044 2510 accipe.
1083 2433 1142 2492 Vix
1164 2431 1291 2492 redierat
1313 2447 1348 2490 ex
1371 2429 1459 2492 Italia
1486 2432 1632 2508 princeps,

278 2529 344 2572 curn
368 2515 490 2588 accidit,
524 2525 557 2577 ut
584 2522 716 2596 picturae
746 2521 891 2597 quaedam
920 2537 1031 2581 aeneae
1053 2521 1083 2579 in
1105 2538 1201 2598 pupae
1224 2511 1430 2580 contumellam
1453 2518 1501 2579 hic
1524 2516 1634 2578 distra-

276 2599 424 2661 iterentur.
470 2605 609 2683 Princeps
638 2616 745 2667 voeato
775 2609 985 2668 ordinariorum
1014 2609 1163 2687 praeside,
1187 2624 1290 2684 pacem
1319 2609 1416 2682 inquit
1438 2607 1492 2666 etsi
1522 2605 1632 2678 darem,

278 2691 336 2792 ipsi
357 2693 505 2766 respuitis.
544 2694 587 2752 Er
611 2710 645 2754 eo
670 2695 843 2772 bibliopola,
867 2697 1002 2773 quamvis
1025 2695 1248 2779 provincialium
1270 2696 1415 2767 minister,
1442 2694 1528 2770 jussu
1551 2695 1635 2772 prin-

277 2777 352 2852 cipis
375 2779 404 2834 in
429 2795 573 2840 carcerem
606 2784 661 2840 iuit
690 2785 848 2858 conjectus.
895 2785 929 2843 id
951 2786 1060 2844 iactum
1091 2801 1189 2843 mense
1212 2781 1305 2842 Julio.
1351 2781 1462 2842 Eodem
1490 2789 1632 2858 tempore,

277 2881 344 2922 curn
367 2873 485 2927 nostrae
509 2871 699 2934 consessionis
722 2871 937 2948 Eiemosynarii
959 2880 1157 2949 premerentur
1179 2871 1227 2930 vel
1249 2871 1475 2974 praeterirentur
1497 2869 1526 2926 iu
1550 2886 1634 2928 com·

276 2955 358 3010 rntini
382 2952 538 3030 hospitali,
571 2964 600 3017 et
622 2967 802 3017 mortuorum
832 2977 954 3036 corpora
985 2976 1037 3042 pro
1061 2958 1211 3036 sepultura
1233 2960 1319 3016 nimis
1342 2974 1480 3033 magnum
1504 2954 1633 3034 vectigal

278 3039 404 3116 pendere
428 3042 607 3119 riderentur,
631 3045 854 3122 promulgarunt
876 3049 967 3107 nostri
985 3033 1020 3106 ιιι
1035 3055 1187 3124 suggestu,
1211 3063 1321 3104 novum
1337 3045 1553 3118 coemeterium,
1577 3061 1634 3104 no-

279 3145 348 3186 vum
372 3127 519 3205 hospitale
542 3150 595 3208 pro
617 3135 813 3204 nostratibus,
838 3135 1067 3194 contributiones
1091 3134 1256 3193 Christiane
1280 3149 1359 3191 more
1382 3139 1546 3192 suaserunt.
1593 3131 1634 3192 Αι
1678 3128 1689 3206 ¹.

280 3231 345 3273 cum
368 3227 548 3290 praestemus
571 3237 709 3294 numero,
738 3239 876 3298 magnum
906 3221 976 3298 quid
1000 3221 1157 3296 pontificiis
1180 3219 1367 3281 decessurum
1391 3227 1461 3280 erat.
1507 3218 1635 3289 Sublata

193 3307 200 3318 ’
280 3305 380 3377 itaque
411 3315 455 3362 est
484 3311 660 3368 auctoritate
693 3310 832 3386 principis
863 3309 916 3369 iila
945 3309 1069 3368 molitio.
1114 3308 1216 3368 Mense
1245 3309 1380 3384 Augusto
1411 3307 1635 3384 praeambulum

277 3389 447 3465 tragoediae
469 3393 532 3453 init
563 3395 807 3474 Areniprcsbyter
822 3398 902 3456 urbis
926 3415 977 3474 pro
1001 3395 1089 3456 cilicii
1112 3397 1224 3455 ratione
1246 3395 1353 3453 nostris
1376 3396 1634 3454 concionatoribus

278 3479 366 3536 omni
389 3483 527 3540 exercitio
556 3483 704 3559 religionis
728 3493 757 3543 et
780 3484 1033 3544 administratione
1067 3491 1312 3542 sacramentorum
1336 3482 1634 3558 benedictionumque

278 3565 489 3642 coniugialium
512 3570 672 3645 interdixit,
706 3579 860 3646 praetenso
881 3573 962 3648 jure,
991 3569 1070 3647 quod
1093 3571 1202 3630 habeat
1229 3571 1404 3645 antiquitus,
1435 3571 1485 3645 qni
1507 3568 1566 3629 loci
1590 3578 1649 3630 est·
1682 3585 1685 3590 ·

278 3654 527 3750 archipresbyter,
566 3657 649 3732 eujus
681 3659 838 3736 vectigalia
868 3662 1045 3732 minuantur,
1076 3658 1215 3717 aliorsum
1244 3659 1399 3717 abstractis
1431 3657 1513 3717 bisce
1543 3659 1635 3719 sacris

277 3728 538 3819 negotiationibus
583 3745 772 3821 Respondete
796 3763 848 3823 pro
872 3749 1011 3806 ministris
1034 3749 1142 3805 nostris
1166 3745 1314 3808 ordinarii
1352 3743 1521 3821 Replicavit
1542 3743 1635 3804 semel

278 3842 368 3907 atque
391 3833 513 3904 iterum,
542 3839 571 3890 et
594 3832 720 3908 denique
750 3835 902 3894 brachium
931 3834 1063 3896 seculare
1086 3836 1247 3896 invocavit
1292 3833 1445 3909 Princeps.
1471 3831 1579 3892 debere
1603 3849 1636 3892 sc

277 3919 401 3980 tutelam
423 3935 482 3978 non
505 3919 727 3980 nobistantum
757 3923 808 3982 sed
833 3931 863 3982 ιι
885 3924 946 3982 suis
975 3921 1134 3998 religiosis,
1166 3923 1266 3997 itaque
1289 3919 1369 3997 quod
1391 3927 1480 3980 antea
1502 3922 1636 3979 facturus

277 4015 340 4068 erat
362 4007 480 4084 propria
502 4005 675 4082 devotione,
708 4008 738 4068 id
760 4029 837 4070 nune
860 4009 1047 4086 imploratum
1075 4009 1171 4068 iacere
1194 4007 1399 4083 demandare,
1431 4015 1464 4067 nt
1494 4006 1635 4068 ordinarii

278 4101 354 4158 intra
380 4101 418 4154 ιι
443 4093 505 4152 dies
528 4097 645 4155 mittant
668 4114 769 4157 omnes
792 4097 935 4158 ecelesiae
966 4105 996 4156 ct
1017 4094 1137 4156 scholae
1161 4093 1255 4155 Gratti
1278 4103 1308 4154 ιι
1329 4093 1521 4171 Judeburgae
1544 4097 1636 4153 mini·
1743 4087 1747 4094 ’

278 4193 353 4245 ιιιοι
384 4199 494 4257 eosque
524 4184 553 4240 in
584 4193 735 4244 aeternum
764 4185 968 4246 haereditariis
998 4186 1060 4242 suis
1089 4185 1246 4259 provinciis
1277 4184 1423 4242 abstinere
1452 4182 1507 4241 sub
1537 4199 1637 4259 poena

278 4274 383 4350 capitis
403 4271 537 4347 jubeant.
583 4271 707 4331 Pactum
733 4279 782 4335 10.
809 4279 859 4334 20.
883 4273 964 4349 Sept.
999 4269 1236 4352 Responderunt,
1268 4287 1353 4330 sunm
1376 4287 1441 4330 asse
1466 4271 1542 4329 tueri
1566 4287 1636 4346 per-

278 4379 368 4421 sonas
391 4358 444 4420 hes
469 4367 569 4418 contra
593 4362 670 4434 vim,
700 4364 815 4421 mittere
837 4374 896 4419 non
919 4377 1013 4420 sunm·
1028 4375 1110 4432 essa,
1139 4356 1192 4418 sed
1214 4359 1304 4418 totius
1327 4364 1499 4434 conventus.
1543 4358 1637 4418 Erant

201 4491 205 4498 ·
279 4455 341 4508 tum
369 4447 417 4506 hic
439 4446 583 4522 Hispani,
613 4463 752 4523 sponsam
782 4450 859 4522 regis
892 4447 1056 4508 comitaturi
1087 4453 1117 4506 et
1144 4453 1211 4524 pust
1240 4446 1361 4506 biduum
1389 4445 1636 4506 discessuricum

278 4533 412 4613 styriaeo
437 4535 577 4594 comitatu
600 4535 664 4612 (uui
687 4543 766 4594 totus
789 4553 824 4594 er
847 4536 1004 4611 pontificiis
1028 4534 1129 4594 debuit
1151 4535 1299 4610 constare)
1322 4534 1509 4611 putabantur.
1548 4531 1636 4591 Prin-

280 4640 348 4698 ceps
381 4627 430 4682 14.
461 4628 512 4682 24.
536 4621 617 4697 Sept.
650 4623 736 4681 nobis
765 4625 836 4698 ipsis
865 4625 1002 4699 imperat,
1033 4629 1065 4680 ut
1096 4624 1172 4680 intra
1194 4628 1339 4680 'comeum
1368 4621 1446 4681 diem
1474 4621 1636 4695 provinciis

278 4711 340 4769 suis
369 4709 516 4770 abiremus
545 4711 600 4769 sub
629 4727 724 4785 poena
754 4711 867 4785 cepitis.
914 4709 972 4769 Diu
1001 4711 1118 4785 seriptis
1146 4715 1344 4768 concertatum
1370 4709 1531 4785 principem
1561 4711 1640 4768 inter

278 4804 308 4858 et
330 4793 492 4860 ordinarios
525 4795 588 4876 (qni
618 4799 731 4858 ricinos
754 4813 887 4886 proceres
910 4803 1164 4871 convocaverant,
1195 4793 1250 4860 sed
1271 4811 1415 4873 aquarum
1437 4797 1573 4856 maximis
1606 4803 1637 4858 ιι
