3624 5554
232 389 297 457 734
492 367 498 380 “
750 387 947 448 vuascones
964 387 1085 460 septen.

234 569 316 647 quall
348 570 437 629 etiem
460 567 564 646 'lpclro
587 587 604 628 a
628 567 754 629 Caesare
776 569 888 629 iruitnr·
934 567 1029 628 nnc
1053 583 1137 641 vcro,
1160 565 1314 646 magnifice
1337 565 1402 643 Vir,
1428 567 1485 629 lroo
1507 573 1584 644 peto,

235 661 360 735 primum
382 664 418 715 ut
439 656 589 717 consultor
603 655 675 717 mibi
692 659 819 734 optimus
835 673 900 717 csse
915 655 999 729 velis,
1023 654 1129 716 deinde
1150 657 1214 716 sive
1238 655 1318 714 aliud
1341 659 1403 716 sive
1418 655 1484 729 hoe,
1508 655 1586 730 quod

235 763 290 821 ego
314 743 401 820 elegi,
424 746 560 819 suaseris,
584 746 626 804 nii
649 745 747 804 media
770 752 800 805 ct
814 744 925 804 indices
940 751 969 804 et
984 743 1196 816 subministres,
1220 743 1481 818 quorum-alterum
1496 743 1588 820 probe

233 835 321 906 rrosti,
345 831 469 892 alterurn
491 833 586 909 polles
609 831 714 893 illustri
737 833 804 892 loco
826 834 1013 905 constitutus,
1036 833 1065 891 in
1088 831 1144 891 laec
1166 833 1338 908 praesertin
1359 831 1588 902 Moneclriensis,

235 919 411 981 Greeneusis
435 926 464 980 et
485 919 664 980 Bohemicae
687 920 774 981 aulea
796 930 901 980 mutua
922 921 1105 980 connexione
1128 927 1158 978 et
1179 921 1392 996 praestantiam
1414 920 1588 980 auctoritate

235 1011 364 1069 virorum
387 1007 501 1068 notitia.
548 1005 688 1083 Quaeris,
722 1007 850 1084 siquod
880 1008 928 1068 bic
955 1006 1052 1067 babeo
1080 1005 1219 1066 salarium
1242 1023 1308 1068 cnm
1330 1023 1469 1068 caesareo
1491 1007 1588 1065 forsan

236 1095 378 1172 ampliore
401 1102 636 1169 commutaretur,
660 1097 710 1171 qui
735 1094 764 1154 id
788 1095 859 1158 mihi
882 1101 1036 1172 acceptum
1058 1093 1212 1154 luterum?
1248 1093 1379 1156 Primum
1401 1107 1590 1172 separarera

235 1184 344 1262 Styria,
368 1185 415 1244 cui
431 1200 496 1244 sum
520 1182 676 1244 adstrictus
700 1183 799 1244 multis
823 1183 1103 1256 necessitudinibus,
1128 1180 1232 1242 deinde
1254 1199 1300 1244 me
1324 1185 1453 1259 vestigia
1473 1187 1588 1242 terreni.

235 1272 348 1350 Tycbo,
372 1273 418 1330 vlr
440 1272 513 1330 tanti
536 1273 672 1346 nominis,
696 1278 780 1332 tanta
803 1269 937 1330 Caesaris
961 1273 1072 1348 gratia,
1096 1286 1194 1330 annuo
1216 1286 1271 1330 suo
1293 1270 1440 1348 stipendio
1463 1272 1590 1328 mexiirra

236 1377 302 1420 cunr
325 1356 497 1422 difficultate
520 1359 570 1419 vix
593 1359 704 1435 potitur
726 1373 761 1418 ac
785 1373 856 1418 eane
878 1352 988 1430 nescio,
1012 1374 1048 1417 en
1072 1360 1183 1434 potitus
1205 1359 1253 1418 eit.
1299 1357 1378 1434 Quid
1400 1374 1469 1435 ergo
1492 1357 1528 1417 de
1543 1371 1589 1414 rne

236 1448 365 1506 loturum
389 1445 492 1506 esset?
531 1445 577 1506 riu
608 1461 666 1504 non
696 1461 742 1506 me
765 1461 907 1520 meosque
930 1446 959 1502 in
990 1453 1133 1506 extremes
1163 1447 1316 1521 augustine
1344 1445 1410 1508 loco
1439 1443 1591 1522 peregrinio

236 1532 431 1611 conjicerem?
469 1531 553 1592 Haec
575 1549 667 1594 causa
690 1540 751 1606 est,
776 1549 827 1594 cnr
849 1541 902 1592 ant
922 1530 1060 1592 salarium
1083 1531 1249 1609 Styriacum
1277 1533 1501 1610 quibuscunque
1524 1541 1591 1592 tan·

237 1621 304 1683 dem
326 1620 421 1680 modis
445 1618 671 1695 deiendeudum,
693 1629 746 1680 aut
769 1623 793 1682 si
817 1637 876 1697 qna
898 1622 1059 1684 necessitas
1082 1627 1185 1698 urgeat
1207 1619 1324 1698 laamas
1346 1621 1443 1682 adbuc
1465 1622 1494 1680 ln
1517 1619 1593 1681 Ger·

134 1783 137 1791 ¹
235 1711 364 1770 meniana
386 1706 595 1770 discedendum
620 1715 759 1770 statuam.

340 1811 499 1866 Herennius
516 1807 660 1879 respondit
677 1807 704 1865 d.
722 1809 765 1865 25.
784 1809 858 1876 tulii,
876 1825 932 1866 non
950 1808 1076 1866 dubitare
1094 1823 1131 1878 se,
1151 1809 1215 1879 qnin
1234 1807 1343 1864 ordines
1355 1807 1472 1879 Styriaci
1490 1807 1524 1864 ed
1542 1807 1590 1862 im·

239 1897 374 1970 paratoria
392 1903 484 1953 votum
504 1895 633 1954 salarium
652 1895 768 1954 solaturi
786 1897 850 1968 sint,
868 1905 897 1952 et
914 1897 1019 1964 suadet,
1036 1902 1068 1953 ut
1083 1896 1120 1951 ad
1138 1895 1294 1966 hebonem
1312 1903 1435 1952 transeat
1447 1895 1590 1966 chlerns.

340 1987 406 2042 Cum
433 2000 522 2054 neque
546 1985 580 2040 ab
604 1984 698 2040 amicis
722 1984 958 2055 Troiugenum,
986 1999 1075 2053 neque
1101 1985 1135 2039 ab
1159 1984 1302 2039 Hervarto
1324 1980 1372 2037 illo
1396 1981 1480 2038 dnbio
1501 1997 1590 2037 remen

236 2089 346 2132 suumn
369 2080 444 2130 stetu
470 2073 614 2130 consilium
635 2071 679 2126 vel
702 2071 834 2128 auxilium
856 2072 1004 2142 acceperit,
1027 2085 1116 2142 neque
1140 2070 1242 2126 diutins
1265 2071 1294 2126 in
1317 2070 1409 2140 Scyria
1431 2067 1591 2125 commorari

235 2169 338 2233 posset,
357 2159 496 2231 Tycbonis
514 2161 624 2217 undem
643 2160 879 2216 adherectionibus
896 2167 986 2216 mutes
1005 2175 1099 2216 mense
1111 2157 1263 2230 Septembri
1282 2175 1343 2216 cum
1355 2156 1465 2214 'familia
1476 2159 1591 2227 Pragam

236 2249 346 2306 transiit
364 2249 489 2318 (,Tycho
516 2263 558 2304 nne
580 2248 752 2304 vacillantem
779 2247 807 2302 in
830 2247 974 2317 proposito
996 2247 1195 2318 confirmarit“)
1221 2252 1249 2302 et
1271 2245 1334 2304 inde
1357 2247 1383 2301 d.
1403 2246 1446 2301 17.
1464 2245 1591 2301 Octobris

237 2337 307 2394 baec
336 2335 412 2392 dedit
439 2335 575 2405 Tychcni:
604 2332 676 2391 Cum
708 2331 765 2390 huc
788 2347 898 2407 usque,
923 2330 1112 2393 Nobilissimc
1135 2342 1165 2394 et
1189 2328 1443 2391 Praestantissime
1466 2331 1592 2389 Domine

118 2449 126 2474 r
238 2419 351 2497 Tycha,
374 2421 480 2496 partim
504 2423 712 2496 occupationes
734 2417 836 2492 Tuae,
867 2421 973 2494 partim
996 2418 1086 2480 lebria
1107 2438 1175 2480 mea
1197 2437 1255 2478 nnn
1279 2437 1385 2496 passae
1408 2418 1530 2490 inerint,
1561 2425 1617 2498 nt¹

238 2510 365 2568 rationes
394 2506 539 2567 adrentus
570 2509 627 2568 tuci
658 2509 687 2565 in
709 2505 882 2566 Bobemiem
902 2505 1140 2588 Magnificentiac
1162 2508 1246 2567 Tune
1269 2523 1304 2566 ex
1335 2509 1425 2566 animi
1447 2507 1593 2566 sententia

238 2611 433 2666 recenserem,
465 2595 573 2670 scrip‘to
605 2593 632 2652 id
662 2594 822 2655 rectissime
844 2597 1016 2671 praestitum
1044 2597 1080 2654 iri
1102 2598 1215 2673 putavi.
1261 2595 1385 2653 Duobus
1408 2595 1592 2670 potissimum

237 2685 418 2759 argumentis
441 2683 543 2759 Magn.
567 2682 633 2741 'l'ua
656 2684 685 2740 in
707 2681 800 2742 literis
830 2681 867 2742 ad
890 2699 937 2742 rne
961 2684 989 2740 in
1012 2681 1141 2760 Styriam
1169 2683 1267 2743 missis
1298 2683 1327 2739 in
1352 2682 1523 2742 Bchemiam
1546 2697 1593 2748 mc

238 2775 366 2843 vocavit,
389 2771 482 2832 altero
498 2779 682 2832 econtraciu
705 2777 813 2844 nostro,
837 2787 924 2846 quem
941 2769 1023 2846 blojo
1046 2788 1147 2832 mense
1169 2779 1199 2831 ei
1221 2778 1309 2832 antea
1332 2770 1421 2830 talem
1444 2771 1591 2842 inivimus,

238 2867 272 2920 ut
293 2859 454 2936 pollicerer,
479 2861 643 2919 interventu
667 2858 830 2918 Caesareae
854 2856 1016 2916 voluntatis
1038 2856 1161 2936 Magnis.
1185 2857 1268 2918 Tuae
1289 2875 1340 2935 par
1364 2857 1513 2918 biaunlnm
1537 2855 1593 2916 ad·

239 2964 303 3008 esse
321 2947 503 3023 laboresque
526 2956 594 3008 tuos
617 2948 645 3003 in
669 2947 857 3018 astronomia,
880 2947 935 3004 toti
959 2945 1175 3022 Europae,jam
1191 2945 1303 3022 pridem
1319 2945 1591 3017 desideratissimos,

191 3029 199 3038 “
240 3041 381 3110 quantum
404 3034 432 3092 in
455 3052 502 3092 me
524 3041 568 3094 eet
590 3041 735 3094 maturare
759 3041 788 3092 et
811 3032 970 3109 adjurare3
993 3031 1086 3094 altero
1109 3041 1295 3110 argumento,
1319 3051 1337 3092 a
1358 3035 1506 3109 praesenti
1529 3045 1594 3091 mea

240 3123 409 3182 calamitate
433 3120 574 3193 deducto,
606 3121 674 3180 dum
698 3137 744 3180 rue
764 3120 851 3195 jubes
874 3122 985 3195 optima
1009 3137 1062 3198 epe
1084 3121 1122 3181 ed
1146 3129 1175 3182 te
1199 3119 1360 3199 proficisci,
1383 3137 1437 3182 nec
1459 3119 1594 3180 dubitare

240 3212 310 3286 quiu
335 3209 382 3270 vel
405 3208 708 3270 commendationibus
730 3210 789 3268 tuis
810 3207 849 3268 ad
871 3208 936 3266 Μ01ιὶ
959 3207 1152 3284 Caesareum,
1183 3207 1230 3268 vel
1256 3211 1373 3286 propria
1395 3225 1485 3284 opera
1506 3208 1593 3268 auxi·

238 3295 339 3372 licque
367 3299 439 3356 meis
462 3295 655 3358 incommodis
683 3299 723 3356 sls
745 3296 932 3356 consulturus
961 3295 1095 3372 adeoque
1118 3305 1147 3358 et
1179 3299 1319 3356 viaticum
1341 3304 1593 3373 compensaturus.

240 3381 332 3445 R'ecte
353 3401 425 3444 sene
447 3382 482 3444 de
505 3384 621 3444 duabus
643 3382 723 3444 hisco
746 3382 832 3444 rebus
854 3384 947 3460 egisti.
992 3382 1069 3446 Nam
1091 3384 1163 3444 milri
1186 3399 1252 3444 cum
1275 3387 1437 3444 necessitas
1459 3386 1594 3460 impone·

240 3479 319 3531 retur
342 3489 357 3531 e
379 3471 479 3548 styria
501 3469 654 3548 migrandi,
678 3471 794 3531 omnino
818 3469 854 3529 dc
876 3479 1000 3548 utreque
1028 3470 1085 3532 huo
1107 3471 1297 3548 cogitandum
1319 3473 1384 3533 tuit
1421 3471 1484 3531 litei
1507 3473 1593 3542 enirn,

241 3557 321 3635 quod
350 3561 474 3634 primurn
500 3561 620 3632 attinet,
650 3561 743 3619 omnis
773 3565 871 3618 noster
899 3567 1066 3618 contractus
1094 3562 1257 3636 exspiravit
1279 3566 1309 3618 et
1339 3558 1519 3618 annihilabue
1551 3565 1595 3618 cst

241 3646 360 3706 sublato
376 3645 593 3738 fundamento,
621 3655 655 3706 ut
675 3648 828 3706 retinerem
851 3645 991 3706 salarium
1018 3663 1115 3708 mcum
1137 3647 1303 3725 Styriecum
1327 3645 1418 3725 (quod
1440 3645 1595 3705 interdictu

243 3735 414 3812 provinciae
436 3733 507 3794 milri
529 3734 678 3796 edemtum
701 3733 811 3812 est)*)‚
835 3740 927 3808 utque
950 3735 1139 3811 magistratus
1162 3751 1244 3796 meus
1273 3735 1337 3812 ejas
1361 3735 1500 3810 temporis
1523 3747 1595 3792 con·

345 3959 372 4027 ⁸)
391 3955 422 4012 ln
436 3953 636 4012 commentariis
654 3955 689 4010 D.
709 3953 835 4022 Gmneri,
852 3955 1004 4026 inscriptis:
1026 3957 1144 4024 ,Archiv
1163 3957 1212 4014 der
1225 3955 1405 4012 Mathematilr
1425 3953 1480 4010 und
1493 3953 1595 4026 Physik

242 4029 352 4094 (xntx.
372 4044 398 4098 p.
418 4028 470 4084 edil
487 4031 539 4096 sa.)
563 4027 688 4081 Director
707 4027 755 4080 Dr.
775 4026 895 4082 Peinliclr
914 4043 948 4080 ex
967 4027 1104 4083 tabulario
1123 4028 1260 4084 Graiiensi
1284 4027 1353 4083 haec
1371 4025 1466 4082 refert:
1495 4027 1533 4094 {iu
1552 4029 1595 4081 but

243 4101 315 4162 triten
335 4099 420 4168 iopen
438 4103 480 4154 tes
499 4099 605 4152 ⁵lilorrott
624 4097 717 4166 ilrrqrrn
739 4098 805 4153 1600
823 4114 874 4154 nor
892 4099 928 4153 bic
947 4099 1149 4168 tancretiustiiqe
1167 4097 1528 4165 deformatiotrbiioumriilrcu
1546 4109 1595 4151 neu

243 4172 307 4236 ibren
325 4170 459 4236 iltunbrriie
477 4169 511 4223 irn
528 4167 605 4223 doubt
624 4167 799 4234 (orricium-i)
817 4168 903 4224 ruicber
921 4172 977 4235 trodo
997 4168 1069 4237 brae
1086 4170 1258 4242 qratidqcialptt
1277 4185 1311 4226 rra
1346 4171 1440 4237 baqauu
1459 4171 1512 4222 bort
1530 4169 1596 4232 ibrsi

243 4243 330 4298 luxuri
348 4239 393 4294 mii
412 4241 481 4294 curu
501 4239 585 4300 britia
603 4253 632 4307 pu
649 4241 754 4306 malicn3
773 4237 938 4304 iuiirclcubcre
957 4250 1009 4294 inor
1028 4246 1053 4294 aa
1072 4255 1123 4294 rum
1142 4242 1185 4304 cui
1204 4241 1239 4296 bie
1258 4239 1314 4294 loub
1327 4241 1459 4306 daliliduu
1478 4239 1596 4292 deauratur

243 4315 293 4367 rrtrb
312 4311 474 4378 'bebimiietru
493 4309 626 4376 obpeieiuu.
663 4311 739 4364 tiirru
756 4311 813 4376 neceb
833 4310 884 4362 bern
903 4311 994 4362 otrbrru
1012 4309 1095 4364 mrrrbe
1113 4323 1158 4365 unt
1177 4313 1213 4365 bio
1231 4307 1595 4374 uiriariuminustuonmiiiou

243 4382 342 4445 bmnieu
359 4383 410 4435 ttrrb
428 4395 470 4450 qur
487 4379 625 4446 brildrunq
641 4379 809 4446 otriqelorbrrt,
829 4380 857 4432 nb
876 4391 900 4432 cr
919 4378 1039 4445 lntbnliid)
1057 4380 1151 4433 merbeu
1169 4379 1245 4436 nolle.
1283 4381 1342 4434 aba
1360 4377 1417 4442 bicia
1435 4378 1595 4446 bernriqerir,

244 4453 326 4518 rabidi
344 4455 388 4506 ben
405 4450 499 4518 delabi,
518 4450 608 4504 binrreu
626 4450 643 4503 ii
661 4451 762 4516 ideam
781 4451 832 4504 utrb
849 4447 866 4503 3
885 4449 968 4518 iopen
987 4449 1047 4512 irinc
1065 4450 1186 4519 lieqctrbru
1205 4449 1477 4518 disceptaturum
1495 4450 1550 4503 stu
1567 4459 1595 4514 aa

243 4523 380 4648 topadion
404 4523 453 4578 uub
479 4521 525 4576 ruit
548 4520 729 4588 biutetloiluuq
754 4523 795 4574 bei
819 4523 916 4588 qcbrrieu
942 4519 1078 4588 ilerrrriqte
1104 4521 1140 4576 bie
1165 4519 1429 4588 brtrtriiierteidpiirbm
1453 4519 1544 4576 diebu
1567 4532 1595 4585 aa

243 4604 283 4649 ner
295 4610 309 4648 o
321 4595 367 4648 'uu

311 4595 326 4663 ῃ
349 4663 425 4717 iirrtrr
443 4659 595 4730 berieuiqeu,
621 4659 703 4725 uelde
722 4658 761 4711 bor
778 4656 948 4728 ilcrbauuuuq
967 4659 1007 4726 fidi
1027 4675 1055 4730 pr
1073 4659 1222 4728 urriatqiebeu
1240 4671 1372 4731 norroqeu,
1397 4671 1449 4716 incr
1467 4657 1593 4726 ariter.

244 4732 292 4801 zur
310 4729 530 4799 iotrbboutcrdpins
549 4731 621 4796 uictu
638 4728 680 4796 inq
698 4733 768 4782 uniet·
780 4731 838 4781 'bna
856 4727 898 4782 12.
918 4729 1012 4798 ntiqui
1030 4731 1177 4799 ncmeiduet:

353 4803 411 4866 ,ili⁸
429 4797 721 4869 semitractatam
739 4799 844 4866 eriamtu
862 4798 996 4866 baublqoit
1015 4802 1041 4856 iu
1061 4802 1098 4856 bie
1115 4803 1191 4868 baim
1208 4801 1274 4868 gabr
1292 4799 1350 4868 leuq
1368 4799 1480 4866 iclitbttr
1497 4799 1594 4864 niolio

245 4869 353 4930 mutilum
378 4870 514 4942 lrrppliciut
538 4871 574 4926 bie
593 4869 770 4951 betorinum,
795 4868 851 4924 usit
869 4882 894 4924 er
911 4881 960 4924 nou
980 4871 1010 4933 3.
1030 4871 1118 4943 bstiffl·
1137 4869 1238 4941 ibrrtqi.
1264 4869 1594 4940 uetigtouaoruuitttru,
