3662 5544
776 431 955 498 reuersae.
1028 391 1036 408 ’
1475 437 1539 512 769

184 613 307 677 Caesare
321 614 404 678 lente
421 614 578 678 admodum
594 615 761 680 satisfieret.
789 614 923 678 Tandem
937 613 1049 696 puduit
1060 616 1145 692 belli,
1168 619 1217 678 cui
1233 615 1412 681 adhaerebat
1428 619 1540 681 661666-

183 704 232 764 616
252 703 451 784 spoliationis,
475 705 576 782 itaque
599 707 700 783 iniqua
722 707 867 783 pactione,
891 722 928 765 ne
952 703 1022 782 6616
1045 721 1111 764 666
1134 705 1234 767 labore
1251 705 1320 768 inde
1335 710 1541 769 concinnatum

184 793 254 852 citra
277 807 455 853 consensum
477 790 635 854 haeredum
658 793 791 868 ederem,
814 793 934 854 tandem
956 811 1016 853 rem
1040 810 1075 852 eo
1098 791 1222 868 adduxi,
1246 801 1279 854 ut
1302 795 1540 858 observationum

184 879 253 938 milri
275 882 364 959 eopia
386 878 522 942 secundia
544 881 675 958 ipsorum
698 881 901 943 voluntatibus
923 878 1144 960 relinqueretur.
1189 881 1234 941 llx
1257 900 1292 942 eo
1315 885 1415 960 itaque
1437 891 1540 964 patro·

185 968 290 1028 cirrium
312 967 550 1029 lucubrationum
571 967 721 1046 'Pythonis
739 970 824 1029 *mihi
847 985 906 1029 uon
929 984 1050 1046 arrogo,
1080 967 1132 1028 sed
1155 968 1185 1029 id
1206 968 1311 1030 lubens
1339 971 1469 1032 humeris
1492 971 1540 1031 Fr.

184 1052 326 1128 (166666161
356 1054 427 1116 61661
448 1055 603 1133 'I'engnagl
638 1059 764 1116 remitto.
810 1053 894 1132 Quae
926 1057 1051 1134 quisque
1079 1056 1219 1133 effecerit,
1251 1064 1366 1136 tempus
1396 1059 1540 1121 ostendet.

185 1141 271 1218 Quod
293 1145 396 1220 itaque
418 1143 568 1221 pollicitus
590 1161 656 1204 sum
679 1145 888 1204 commentaria
911 1143 946 1204 dc
970 1137 1099 1204 motibus
1122 1143 1242 1220 Martis,
1273 1145 1304 1204 id
1334 1147 1443 1208 lactum
1472 1154 1541 1207 anta

183 1233 335 1308 pactiones
357 1241 492 1308 nostras;
511 1233 574 1308 jam
598 1249 633 1292 eo
657 1248 703 1292 res
727 1231 861 1306 deducta,
885 1240 919 1291 66
941 1233 997 1290 6161
1020 1233 1084 1312 ipse
1106 1249 1273 1308 assensum,
1297 1233 1407 1294 066666
1427 1246 1540 1295 sumtus

182 1319 366 1396 praebuerit,
396 1318 442 1380 edi
472 1335 531 1378 nou
553 1321 668 1398 possint
669 1362 775 1383 .....
820 1317 862 1380 Ut
884 1319 1075 1379 tentamenta
1097 1321 1248 1380 restitutae
1276 1320 1408 1383 theoriae
1430 1322 1563 1390 lunaris.

183 1404 282 1480 edam,
312 1423 410 1466 meum
439 1415 583 1480 nonest,
613 1405 665 1466 sed
688 1405 864 1484 haeredum,
895 1419 969 1484 6666
993 1416 1026 1466 66
1048 1407 1158 1476 iaciant
1187 1426 1304 1469 monere
1332 1426 1390 1468 non
1414 1411 1540 1485 desisto,

183 1509 264 1573 spem
287 1495 317 1552 in
341 1495 504 1574 propinquo
528 1493 640 1554 nullam
664 1493 751 1554 61666
754 1536 864 1556 .....
910 1493 998 1570 Quod
1020 1495 1094 1553 lixas
1117 1499 1230 1568 attinet,
1254 1503 1350 1556 exstat
1372 1498 1450 1576 apud
1466 1499 1541 1556 hae-

182 1580 264 1643 redes
288 1598 362 1659 opus
390 1587 471 1642 1000
495 1581 628 1642 fixurum.
673 1580 844 1643 Haeredum
866 1581 1019 1642 arbitrium
1042 1589 1086 1641 est
1114 1582 1186 1642 illud
1209 1583 1305 1644 edere.
1327 1617 1369 1628 -
1384 1585 1430 1646 De
1454 1583 1541 1644 stella

182 1685 258 1731 nova
281 1669 362 1730 edidl
383 1669 574 1730 tumultuaria
596 1686 686 1750 opera
708 1671 798 1731 breve
814 1671 953 1747 scripturn
969 1665 1185 1748 germanicum3
1209 1674 1238 1730 in
1261 1671 1354 1732 latino
1370 1671 1541 1733 adornando

181 1756 304 1834 pleniori
327 1756 405 1818 lente
427 1757 606 1836 progredior.
651 1761 731 1831 (Dies
750 1776 804 1830 qua
823 1762 892 1817 haec
911 1759 1013 1830 scripta
1031 1766 1096 1820 aunt
1114 1761 1215 1831 66666.)

283 1857 317 1912 16
335 1857 511 1912 annotatione
524 1860 561 1927 (p.
574 1857 636 1925 766)
656 1855 781 1924 diximus,
801 1855 987 1912 Odontium
1005 1855 1125 1928 lleplero
1144 1859 1172 1915 16
1187 1859 1304 1930 Styriam
1318 1859 1444 1931 prolecto
1457 1858 1542 1930 scrip·

182 1943 263 2016 sisse;
283 1944 376 2016 refert,
395 1943 535 2015 accepisse
549 1959 578 2000 se
590 1944 734 2014 Mogontia
746 1941 840 1999 literas
853 1943 994 1999 11166161
1013 1944 1154 2015 aerarii,
1174 1953 1202 2002 66
1214 1949 1331 2017 quaerit,
1351 1947 1417 2018 quid
1428 1963 1542 2017 respon·

184 2033 301 2090 dandam
319 2031 362 2087 sit
398 2031 449 2087 llis
468 2031 559 2087 addit:
580 2030 678 2102 „Quod
695 2031 793 2087 attinet
811 2030 944 2102 supplicis
961 2029 1049 2086 libelli
1068 2034 1108 2088 tui
1126 2033 1252 2092 tradendi
1271 2037 1414 2105 rationem,
1436 2051 1495 2091 eam
1508 2051 1543 2091 er

182 2120 351 2192 praescripto
370 2119 478 2175 Domini
497 2126 608 2176 secutus
627 2119 677 2188 lui,
698 2118 772 2188 quod
784 2118 856 2174 tradi
873 2119 949 2174 illum
963 2129 1102 2190 oporteret
1118 2124 1226 2179 domino
1241 2123 1355 2194 janitori
1368 2123 1541 2180 Schoenlclds

182 2209 226 2282 661
242 2215 307 2281 post
333 2223 388 2265 nna
407 2206 630 2264 convenientibus
648 2207 682 2260 D.
701 2205 829 2261 Barrrltio
855 2215 884 2262 66
905 2205 1009 2263 dacobo
1036 2209 1070 2265 66
1094 2210 1197 2266 Μ66166
1220 2217 1268 2267 666
1291 2212 1400 2268 nomine
1424 2210 1543 2280 supplex

181 2295 298 2367 offerret,
322 2311 403 2367 quem
421 2303 513 2351 tamea
531 2311 548 2350 6
566 2309 608 2349 66
626 2293 750 2363 accipere
774 2292 933 2362 recusabat,
959 2295 1159 2365 superaddens,
1185 2287 1307 2354 meamm
1330 2314 1391 2354 esse
1414 2298 1542 2370 partium,

180 2400 310 2454 praesens
334 2385 394 2454 ipsa
422 2389 453 2440 ut
472 2381 551 2438 dictis
575 2381 691 2438 dominis
714 2378 790 2436 illum
810 2379 949 2452 offerrem,
974 2398 1055 2452 quem
1074 2383 1156 2438 etiam
1173 2385 1256 2439 tertio
1280 2375 1344 2454 post
1363 2383 1407 2439 616
1425 2401 1442 2440 a
1459 2390 1507 2441 tuo
1527 2400 1544 2441 6

181 2473 257 2530 nobis
276 2471 342 2527 hinc
360 2479 513 2528 commeatu
537 2469 635 2527 offerre
657 2468 724 2524 milri
742 2467 849 2526 licebat.
885 2471 952 2528 Post
975 2470 1076 2526 multas
1094 2487 1129 2536 ex
1146 2470 1273 2526 Barwitio
1297 2485 1373 2526 meas
1394 2477 1540 2540 perconta-

181 2561 269 2615 tiones
289 2565 338 2615 aut
353 2558 564 2614 ,sollicitationes
583 2556 617 2613 de
634 2557 720 2613 libelli
738 2557 779 2612 tui
797 2559 942 2624 sententia,
959 2558 1012 2614 hoc
1031 2558 1138 2614 demum
1157 2574 1303 2628 responso,
1329 2559 1408 2614 nimis
1426 2575 1456 2615 re
1474 2574 1539 2615 vera

182 2659 303 2715 moroso,
328 2663 345 2702 a
369 2645 442 2702 dicto
465 2645 523 2700 rire
543 2645 670 2702 dimissus
688 2643 740 2700 lui:
765 2645 898 2700 Dominus
921 2651 986 2701 tuus
1010 2644 1131 2701 libellum
1156 2646 1309 2718 supplicem
1334 2646 1434 2717 dirigat
1457 2644 1493 2701 ad
1512 2645 1537 2702 S.

183 2735 256 2790 0666.
275 2733 480 2802 Maiestatem.t

286 2818 427 2891 chlerns
444 2820 473 2876 in
495 2819 673 2890 responsione
700 2833 750 2874 sua
768 2818 807 2890 (d.
828 2819 916 2875 Gratii
934 2817 1040 2888 Styrlac
1065 2820 1145 2876 nonis
1169 2819 1302 2891 Augusti)
1326 2817 1447 2875 libellum
1471 2819 1544 2874 huuc

182 2909 332 2980 supplicem
349 2925 405 2964 non
424 2909 541 2978 attingit,
562 2905 612 2963 sed
628 2904 776 2962 Odontium
793 2909 912 2977 instruit,
933 2906 998 2978 6616
1017 2906 1124 2963 Seran'o
1143 2908 1179 2964 sit
1196 2906 1427 2978 respondendum.
1443 2903 1542 2964 Velim

183 3002 215 3054 ut
235 2995 371 3056 Sorarius
394 2993 450 3053 hoc
472 2995 626 3068 resciscat,
660 2991 697 3049 D.
721 2990 888 3053 Platorium
903 3008 938 3052 eo
960 2989 1026 3049 loco
1050 2990 1121 3049 mihi
1144 3009 1163 3051 a
1186 2991 1312 3052 0666666
1342 2995 1542 3064 constitutum,

152 3135 157 3144 .
184 3091 216 3142 ut
236 3083 378 3160 temporis
402 3083 545 3141 rationem
567 3082 624 3158 ipsi
647 3077 786 3154 debeam,
821 3097 880 3156 quo
908 3080 1026 3139 nomine
1055 3071 1151 3140 c'elare
1181 3082 1278 3157 ipsum
1300 3077 1372 3137 nihil
1395 3096 1482 3157 posse
1505 3077 1542 3140 66

185 3189 266 3232 meae
280 3169 472 3249 professionis
489 3167 603 3244 studiis,
626 3184 678 3226 seu
694 3167 843 3245 publicum
867 3167 897 3226 id
913 3169 951 3226 sit
966 3183 1018 3225 son
1044 3168 1199 3243 privatum.
1224 3169 1293 3241 (Otr.
1307 3169 1358 3224 vol.
1369 3171 1418 3226 lll.
1430 3187 1458 3240 p.
1466 3170 1542 3238 116.)

186 3257 403 3318 Commentario
424 3275 491 3316 mea
513 3255 549 3315 de
571 3255 700 3315 motibus
716 3254 820 3314 Martis
844 3272 878 3316 eo
901 3253 966 3314 loco
983 3263 1060 3329 sunt,
1085 3257 1362 3334 utprinrumatque
1379 3252 1542 3329 6611666-

184 3347 301 3423 naglius
324 3345 502 3406 concesserit
524 3341 571 3402 661
588 3341 698 3403 Cacsar
717 3343 847 3418 jusserit,
872 3343 996 3420 pecunia
1019 3342 1223 3419 suppeditata,
1247 3341 1317 3404 6666
1341 3344 1545 3420 imprimuntur

184 3434 278 3494 limari
303 3441 333 3494 66
355 3433 474 3492 absolvi
497 3433 621 3510 possint.
666 3428 816 3509 Tychonis
839 3431 890 3491 alii
913 3433 985 3490 tomi
1009 3431 1198 3510 epistolarum
1222 3429 1336 3510 prodire
1360 3439 1494 3510 possent,
1518 3429 1543 3489 si

184 3521 211 3583 id
233 3519 411 3582 haeredibus
434 3518 563 3598 placeret
586 3527 640 3580 etc.

284 3621 363 3690 Quae
382 3619 518 3691 Keplerns
536 3619 678 3676 bocauna
696 3635 758 3674 cum
770 3617 896 3674 Fabricio
913 3634 964 3689 per
980 3617 1075 3674 literas
1095 3617 1159 3689 egit,
1180 3633 1264 3689 snpra
1275 3635 1302 3688 p.
1317 3617 1369 3674 162
1387 3618 1539 3690 retulimus,

181 3709 268 3780 iisque
278 3707 415 3777 addimus,
424 3708 571 3777 Keplerum
581 3707 712 3777 scriptum
721 3705 838 3761 Fabricii
848 3706 881 3761 de
891 3722 962 3761 nora
971 3703 1052 3762 stella
1061 3707 1174 3762 vertisse
1187 3707 1215 3760 in
1228 3705 1539 3776 ,66666666611666666

183 3798 228 3866 (11.
249 3799 325 3866 600).
355 3797 388 3852 Α.
402 3795 558 3852 Rhodius
577 3793 604 3850 d.
616 3799 643 3854 3.
657 3795 733 3866 Sept.
750 3795 854 3864 gratias
873 3797 929 3862 agit
940 3793 1060 3866 Keplero
1072 3811 1123 3865 pro
1138 3803 1209 3860 ,tam
1223 3795 1308 3864 gratis
1321 3810 1402 3864 quam
1410 3795 1541 3863 jucundis
1660 3835 1662 3840 .

182 3885 314 3954 proximis
329 3885 391 3952 eJ'us
404 3883 517 3954 literis“,
529 3884 570 3940 sic
582 3883 760 3939 Wenaeslana
774 3881 951 3938 Budenitz
968 3899 986 3938 a
1004 3881 1150 3938 Budowa
1167 3900 1218 3953 pro
1229 3881 1327 3952 literis,
1341 3883 1458 3951 ,quibus
1471 3882 1540 3938 adeo

185 3972 269 4029 amice
288 3980 317 4027 66
335 3971 492 4028 humaniter
507 3971 640 4041 judicium
659 3969 692 4024 de
710 3968 842 4039 parheliis
859 3983 966 4025 mecum
984 3970 1193 4028 communicas“.

285 4059 397 4120 lotio.
417 4059 512 4116 Studia
524 4065 671 4116 occurrunt
683 4059 736 4113 hoc
748 4074 819 4114 anno
832 4057 1035 4128 chronologica,
1048 4057 1082 4112 de
1093 4059 1181 4128 Luna,
1201 4059 1234 4114 de
1248 4057 1369 4113 cometis.
1394 4056 1436 4111 De
1449 4053 1543 4110 06166·

184 4148 265 4204 666116
284 4149 434 4219 scripserat
446 4149 483 4218 (a.
496 4150 573 4217 1606)
586 4148 726 4205 Rhodius:
746 4146 918 4216 ,Bibliopola
932 4145 1081 4215 llelrrigius
1099 4145 1237 4202 intellexit
1249 4145 1283 4200 de
1300 4145 1354 4200 tuis
1369 4141 1544 4206 calendariis,

184 4253 254 4306 quae
267 4236 302 4292 ad
315 4235 439 4306 singulos
457 4252 543 4293 annos
556 4252 573 4291 a
584 4242 612 4292 66
624 4235 813 4292 conficiuntur.
844 4235 934 4303 Rogat
952 4241 983 4289 ut
1000 4249 1050 4304 per
1067 4239 1094 4288 66
1112 4234 1172 4303 ipse
1190 4231 1239 4288 fiat
1255 4233 1391 4302 particeps
1408 4228 1544 4299 privilegii

186 4323 237 4379 ista
253 4325 453 4395 imprimendi.¹‘
485 4325 605 4381 Posthac
617 4323 709 4394 relert,
727 4321 895 4392 respondens
913 4321 949 4378 ad
961 4321 1074 4392 Kepleri
1090 4321 1186 4376 literas
1199 4319 1370 4390 deperditas:
1391 4315 1483 4386 ,Quae
1495 4331 1546 4384 per

187 4413 387 4484 typographum
405 4428 483 4470 ame
502 4413 624 4483 expediri
642 4411 760 4479 66161661,
780 4409 833 4465 hoe
850 4408 931 4465 modo
950 4417 1015 4465 6666
1033 4407 1169 4477 expedita.
1188 4412 1220 4462 ut
1236 4405 1283 4461 ille
1302 4411 1376 4460 totus
1390 4403 1545 4459 consentiat

187 4501 214 4556 16
231 4509 309 4557 tunm
328 4500 509 4571 propositum,
527 4501 580 4555 nisi
598 4498 671 4570 quod
690 4497 783 4553 mallet
800 4496 918 4566 pretium
936 4495 1075 4551 aestimari
1093 4512 1128 4550 ex
1147 4492 1329 4550 distractionis
1348 4490 1545 4560 exemplarium
1603 4548 1607 4559 ,

188 4585 331 4645 uelocitate
353 4589 398 4646 661
422 4587 562 4643 tarditate.
597 4588 752 4642 Honestum
769 4599 786 4638 a
804 4592 832 4639 te
849 4584 1019 4640 nominatum
1043 4599 1098 4638 non
1121 4579 1257 4636 recusabit
1275 4579 1439 4648 praemium,
1462 4577 1544 4633 modo

190 4682 219 4730 ut
235 4676 336 4746 rideat,
355 4690 387 4732 66
405 4674 470 4729 1666
487 4691 541 4730 666
559 4671 622 4744 plus
635 4671 726 4729 damni
744 4675 826 4739 quam
837 4669 906 4726 lueri
918 4685 1030 4740 sperare
1042 4670 1113 4739 cogi.
1141 4668 1231 4724 Etiam
1244 4665 1378 4736 concedit,
1395 4673 1426 4722 ut
1439 4666 1544 4735 priores

191 4763 312 4833 pagellae
329 4761 521 4832 imprimantur
537 4762 650 4830 Pragae.
685 4755 1124 4828 Τ6661611661661166166616.6
1160 4753 1349 4809 Intermissum
1366 4754 1474 4810 ridetur
1491 4753 1545 4809 hoc

191 4851 341 4921 repedem,
364 4865 429 4905 cnm
450 4847 602 4919 posteriore
623 4854 745 4918 tempore
763 4843 888 4900 Rhodius
912 4861 970 4900 rem
987 4859 1042 4898 non
1059 4839 1176 4911 amplius
1194 4837 1321 4908 66666616.
1342 4871 1374 4880 -
1392 4841 1544 4899 Absolutus

191 4945 231 4994 est
245 4938 316 4994 liber
333 4937 379 4994 De
396 4935 487 4994 Stella
502 4936 588 4996 Nooo
605 4943 634 4995 et
650 4931 789 5007 appendix
806 4931 885 4994 aava
904 4929 1113 5000 Obroaolopico.

225 5023 434 5104 ι6666166666
447 5023 511 5068 rur.
959 5026 961 5031 ·
1302 5013 1339 5080 50
