3612 5538
597 395 712 471 Kepleri
728 397 871 456 literanum
886 397 978 456 studia
996 403 1025 456 et
1042 399 1176 458 doetrim.
1396 484 1400 494 Ι
1476 398 1563 470 1025

211 579 305 654 tibus,
335 579 495 656 inquibus
522 581 671 640 examinat
700 579 798 640 varias
829 580 982 658 opiniones
1011 579 1046 640 de
1080 581 1197 662 „causis
1220 573 1434 641 allicientibue“
1467 585 1563 640 ortum

90 713 93 725 .
210 682 307 727 novae
329 666 448 742 stellae3
471 669 513 726 sic
534 666 608 742 Pici,
634 665 818 728 Mirandulae
841 669 967 742 comitis,
989 671 1165 730 sententiam
1189 667 1225 728 de
1247 667 1408 742 astrologia
1429 665 1562 744 pluribus

212 755 339 832 inquirit,
362 772 446 815 suam
469 747 587 832 quidem
610 754 646 814 de
671 756 701 814 vi
723 762 895 834 aspectuum
910 759 939 814 in
955 764 1090 816 naturam
1107 756 1294 816 sublunarem
1316 755 1435 815 firmiter
1450 763 1562 830 tenens,

211 845 242 900 in
264 841 364 902 multis
387 857 458 904 vero
479 859 545 901 cum
567 842 640 902 Pico
662 845 858 904 consentiens.
904 842 1007 922 Capite
1023 849 1074 904 27.
1100 841 1341 923 deprehendimus
1364 849 1563 907 astronomum

214 929 411 1008 disputantem
438 928 494 1006 ,de
518 932 607 988 casn‘
639 935 669 988 et
698 929 807 994 dietum
836 929 909 989 illud
933 931 969 990 de
992 934 1091 992 uxoris
1120 933 1264 1004 amieria,
1296 926 1374 1007 quod
1396 948 1465 1006 pag.
1490 935 1563 992 938.

213 1018 427 1094 praemisimus.
457 1015 571 1076 Ibidem
595 1017 720 1078 occurrit
742 1017 817 1078 inter
839 1021 916 1078 saria
938 1018 1032 1078 hilara
1054 1022 1180 1078 namatio
1203 1018 1295 1092 lusus,
1319 1033 1377 1094 quo
1400 1017 1564 1080 inadoles-

214 1106 309 1165 centia
332 1105 480 1181 quondam
498 1104 673 1166 delectatum
688 1121 721 1166 se
737 1121 801 1165 esse
825 1104 912 1165 dicits
938 1107 1073 1186 „chartas
1095 1105 1220 1166 lusorias
1242 1106 1360 1182 aequali
1384 1122 1449 1166 eum
1471 1105 1564 1166 literis

219 1194 346 1251 nominis
377 1196 433 1252 mei
463 1210 583 1252 nvrmero
613 1192 744 1269 singulas
773 1193 896 1268 singulis
925 1195 1058 1271 inscripsi
1088 1193 1196 1269 literie3
1229 1193 1296 1252 inde
1326 1197 1410 1269 coepi
1443 1197 1563 1254 miscere

214 1279 330 1340 chartas
362 1291 391 1340 et
414 1280 451 1338 ud
479 1282 584 1339 seriern
615 1297 713 1340 earum
742 1279 901 1340 identidem
933 1283 1091 1358 respicere,
1122 1285 1147 1340 si
1177 1281 1295 1356 quando
1324 1298 1427 1340 seusus
1455 1282 1563 1358 aliquis

214 1367 350 1444 prodiret.
395 1367 446 1425 Dii
470 1368 611 1442 Deaeque
635 1367 795 1443 Epicureae
819 1384 920 1428 omnes
942 1368 1067 1445 perdant
1087 1368 1164 1428 hunc
1187 1385 1296 1441 casum,
1320 1371 1371 1443 qui
1393 1367 1465 1426 mihi
1487 1386 1563 1428 nun·

216 1473 304 1531 quarn
327 1471 363 1514 ne
387 1457 500 1514 eminus
524 1453 641 1530 quidem
665 1453 817 1514 ostendere
840 1457 945 1530 potuit,
969 1456 1048 1532 quod
1071 1456 1108 1514 ad
1131 1457 1306 1515 sententiam
1331 1454 1461 1532 aliquam
1484 1456 1563 1516 allu-

217 1542 310 1615 deret,
334 1560 399 1600 cum
422 1543 579 1618 plurimum
602 1545 741 1618 temporis
765 1545 898 1618 eriperet.
929 1543 1034 1620 ltaque
1056 1543 1171 1604 chartas
1193 1561 1273 1602 meas
1297 1543 1466 1604 Aetherioui
1486 1543 1559 1620 Epi·

218 1647 303 1690 coreo
328 1629 463 1689 tradidi'
457 1648 485 1688 nr
505 1631 627 1706 Apirtlm
642 1629 892 1706 transportandas,
916 1629 1069 1707 feruntque
1093 1631 1134 1690 ibi
1149 1629 1217 1690 illas
1231 1630 1327 1690 adhuc
1350 1633 1422 1692 iuter
1444 1640 1559 1691 atomos

214 1718 338 1777 volitare
362 1717 573 1790 confusissime,
596 1714 776 1776 nulliusdum
798 1735 901 1776 sensus
926 1715 1051 1778 certasf‘

322 1804 480 1880 Subjnnxit
493 1803 638 1881 Keplerus
660 1803 735 1864 libro
751 1803 788 1864 de
803 1803 891 1865 atella
906 1821 985 1864 nova
999 1807 1217 1882 inquisitionem
1240 1803 1280 1866 de
1303 1821 1398 1866 anno
1416 1761 1559 1866 Christi

215 1891 348 1966 natali,
375 1910 463 1968 quam
487 1891 546 1951 vol.
569 1891 622 1951 IV
645 1911 674 1966 p
701 1896 761 1951 iii>
784 1910 823 1952 ss.
847 1894 1063 1969 praemisimus,
1092 1893 1261 1970 adjunctam
1284 1894 1388 1952 esteris
1411 1892 1447 1952 de
1471 1892 1557 1952 chro-

215 1979 334 2054 nologia
363 1981 477 2054 seriptis
499 1978 628 2055 Kepleri.
672 1977 708 2036 lu
731 1979 787 2038 hac
816 1997 934 2056 queque
965 1979 1127 2040 studiorum
1157 1998 1276 2039 suorum
1307 1989 1389 2056 parte
1412 1988 1560 2040 strenuum

215 2083 246 2127 se
268 2066 389 2142 praebet
405 2066 585 2126 defensorem
609 2083 721 2138 eorum,
746 2083 823 2142 quae
847 2084 916 2126 vera
939 2084 1005 2128 ease
1028 2069 1181 2144 cognovit,
1207 2067 1382 2148 indefessum
1407 2069 1436 2140 ip
1460 2069 1560 2144 inqui·

214 2153 310 2214 tendis
335 2154 579 2230 chronologorum
602 2163 631 2212 et
653 2153 855 2213 historicorum
877 2153 974 2227 libris,
1000 2157 1230 2216 versatissimum
1254 2159 1283 2213 in
1306 2155 1388 2215 libris
1418 2157 1509 2214 saeris
1531 2163 1562 2216 et

191 2243 435 2318 ,grammaticum
458 2243 536 2302 satis
552 2240 706 2301 eruditum.
751 2240 797 2301 De
820 2244 1004 2316 auctoritate,
1029 2260 1088 2319 qua
1111 2260 1181 2304 usus
1204 2251 1257 2317 eat,
1281 2259 1347 2302 eum
1370 2242 1408 2302 ab
1432 2245 1561 2318 impera-

216 2337 278 2388 tore
300 2327 494 2388 Ratisbonam
517 2334 687 2405 vocaretur,
720 2335 751 2386 ut
770 2328 914 2404 judicium
943 2329 1030 2390 ferret
1053 2329 1088 2390 de
1111 2329 1299 2391 instituendis
1321 2330 1420 2390 Fastis
1445 2327 1561 2406 Grego-

214 2419 313 2489 rianis,
338 2418 418 2493 prius
434 2417 571 2490 diximus,
595 2417 769 2475 auctoritate
787 2425 895 2486 autem,
920 2435 979 2493 qua
1001 2419 1107 2478 nostris
1126 2435 1243 2494 qnoque
1267 2417 1448 2494 temporibus
1472 2421 1563 2478 utitur

214 2505 243 2562 iu
266 2504 509 2579 chronologorum
533 2503 631 2577 libris,
656 2521 723 2563 vere
747 2519 814 2562 eum
838 2503 957 2580 dignum
982 2523 1046 2564 osse
1068 2505 1195 2565 sufficiet
1217 2508 1242 2564 ai
1265 2504 1415 2576 dicamus,
1437 2507 1562 2580 primum

214 2590 383 2668 aKeplero
406 2591 635 2652 demonstratum
659 2590 769 2666 etjam
794 2599 826 2649 ut
849 2609 949 2652 verum
972 2599 1124 2668 acceptum
1147 2609 1227 2665 esse,
1252 2609 1349 2652 aeram
1366 2591 1563 2654 Christianam

214 2678 301 2738 hodie
324 2681 463 2740 usitatam
486 2696 636 2739 erroneam
661 2695 725 2739 esse
742 2677 946 2754 Christumque
968 2688 1070 2738 natum
1092 2679 1130 2740 ad
1153 2682 1303 2738 minimum
1326 2681 1456 2756 quinque
1478 2683 1563 2740 aunis

216 2773 284 2826 unte
307 2785 424 2839 annum,
448 2784 535 2844 quern
558 2766 681 2826 dicimus
704 2767 827 2842 primum
851 2783 936 2825 aerae
959 2767 1151 2828 Christianae.
1170 2799 1208 2812 -··

320 2853 499 2913 Tabulae
521 2852 808 2929 liudolphinae,
833 2871 905 2929 quas
930 2861 962 2912 ut
984 2853 1139 2918 conficeret
1157 2853 1302 2930 Keplerue
1325 2855 1363 2911 ab
1387 2855 1562 2930 imperatore

214 2939 373 3018 Rndoipho
404 2941 561 3000 interulis
584 2940 913 3017 mandetaaoceperat,
944 2941 1099 3002 absolutae
1128 2949 1196 3000 suot
1224 2958 1302 3000 anno
1326 2940 1442 3000 demum
1468 2948 1560 3015 1626,

215 3030 355 3088 vicesimo
378 3030 480 3105 quinto
505 3047 541 3088 ex
565 3045 622 3103 quo
646 3027 868 3088 observationes
891 3028 1040 3106 Tychonis
1062 3027 1191 3106 Keplero
1214 3027 1340 3088 traditae
1361 3036 1438 3088 sunit.
1485 3025 1562 3088 Usus

213 3123 257 3174 est
272 3115 309 3173 ad
324 3115 378 3174 has
401 3115 518 3176 tabulas
541 3117 590 3188 iis,
614 3133 690 3193 quae
706 3115 877 3174 intermedio
902 3124 1030 3192 tempore
1046 3134 1124 3177 nova
1146 3118 1175 3174 in
1198 3118 1376 3176 astronomia
1400 3118 1560 3189 invenerat,

215 3219 309 3279 eaque
337 3210 371 3262 ut
402 3207 491 3262 etiarn
517 3220 602 3262 usum
635 3201 875 3278 logarithnnorum
906 3205 935 3262 in
964 3203 1084 3264 calculis
1115 3204 1317 3264 astronomicis
1345 3209 1374 3262 st
1404 3221 1439 3262 ex
1464 3201 1561 3284 „Hip-

214 3287 342 3366 parcho“
367 3307 421 3350 eno
445 3289 546 3350 Lunae
569 3290 714 3350 theoriam
743 3290 928 3351 emendatam
951 3294 980 3350 iu
1006 3287 1218 3368 ,praeceptis“,
1242 3308 1319 3367 quae
1348 3299 1416 3350 sunt
1442 3308 1561 3352 numero

218 3383 278 3436 209
303 3379 474 3454 praemissa,
499 3377 636 3454 explieat.
666 3375 762 3436 Tanto
786 3377 920 3438 meliores
943 3385 972 3438 et
995 3381 1189 3440 accuratiores
1212 3385 1280 3437 sunt
1302 3377 1358 3437 hee
1382 3377 1501 3452 tabulae
1516 3381 1561 3452 iis,

218 3481 293 3540 quae
317 3472 405 3524 antea
426 3466 455 3524 in
479 3482 534 3524 usu
555 3464 682 3538 inerant,
714 3458 873 3524 utstatim
900 3467 984 3525 initio
1007 3467 1045 3526 ab
1069 3466 1204 3526 omuibus
1233 3467 1408 3527 astronomis
1434 3468 1561 3527 inaximo

217 3560 359 3628 acceptae
387 3551 494 3614 luerint
521 3551 630 3626 gaudio
653 3559 683 3610 et
705 3552 833 3612 maxima
855 3555 884 3610 in
907 3561 1055 3614 auctorem
1085 3555 1189 3631 gretia.
1234 3551 1321 3612 Solae
1345 3555 1373 3611 in
1402 3571 1458 3612 usu
1480 3561 1562 3626 erant

215 3655 266 3716 per
288 3639 419 3700 seculum
444 3638 765 3715 decimumseptimum
789 3647 818 3698 et
840 3648 901 3698 turn
925 3639 1041 3700 demum
1063 3639 1268 3713 exoleverunt,
1299 3658 1365 3700 oum
1393 3644 1560 3714 astronomi,

214 3725 386 3788 melioribus
407 3744 495 3802 quem
518 3735 606 3786 antee
629 3724 769 3786 adhibitis
793 3729 990 3788 instrumentis
1012 3735 1042 3790 et
1057 3728 1170 3788 calculo
1194 3729 1388 3789 astronomica
1412 3730 1440 3784 in
1456 3729 1560 3788 malins

216 3831 311 3887 verso,
334 3815 563 3874 accuratioribus
586 3813 841 3874 observationibus
869 3817 914 3874 usi
943 3833 1037 3876 novas
1060 3816 1217 3876 conderent
1246 3815 1362 3878 tabulas
1385 3815 1561 3892 easdemque

215 3903 331 3962 innixas
352 3900 549 3962 fundamentis
571 3919 590 3960 a
611 3900 739 3976 Keplero
763 3903 876 3976 positis.
960 3929 964 3942 ·

319 3987 416 4048 Verbo
447 3995 559 4048 tanturn
588 3988 712 4050 dicimus
742 3988 861 4066 Kepleri
894 3989 1226 4070 „Stereometriam
1258 3985 1491 4062 doliorum“,
1525 4007 1559 4050 ex

214 4075 394 4153 praelatione
416 4083 516 4136 nostra
537 4075 575 4134 ad
599 4076 676 4136 hunc
698 4074 803 4134 librum
827 4075 899 4136 haec
915 4086 1092 4152 repetentes:
1119 4078 1217 4157 „riam
1233 4079 1379 4153 ingressus
1396 4085 1440 4134 est
1454 4078 1558 4153 siugu-

214 4163 314 4238 larem,
338 4164 454 4223 iunixus
475 4163 593 4239 quidem
618 4162 765 4223 veteribus
787 4163 1009 4237 mathematicis,
1034 4173 1066 4224 ut
1081 4164 1254 4226 Archimede
1270 4171 1300 4223 et
1315 4161 1483 4240 Apollonio,
1507 4162 1560 4245 sed
1611 4171 1615 4180 “

213 4253 339 4310 maxima
371 4268 407 4310 ex
434 4259 517 4328 parte
547 4252 595 4309 sui
623 4252 732 4326 ingenii
762 4250 888 4310 confisus
919 4269 1048 4328 ususque
1079 4253 1230 4326 subsidiis,
1261 4267 1413 4325 novaeque
1443 4251 1506 4309 viae
1530 4258 1560 4310 et

213 4341 340 4399 rationes
364 4337 495 4416 pandens
516 4339 689 4413 aequalibus
712 4345 742 4399 et
765 4335 921 4415 posteris.“
950 4372 984 4382 -

317 4424 423 4486 Omnia
446 4443 523 4501 quae
545 4425 643 4486 adhuc
664 4428 853 4484 tractavimus
875 4425 996 4504 Kepleri
1020 4443 1109 4504 opera
1124 4425 1153 4485 id
1170 4425 1279 4485 habent
1294 4440 1454 4494 commune,
1479 4423 1557 4498 quod

215 4529 313 4572 eorum
336 4521 438 4573 auctor
460 4522 657 4574 astronomum
681 4512 879 4573 doctissimum
902 4515 931 4570 in
955 4515 991 4571 iis
1013 4531 1044 4574 se
1069 4513 1194 4584 exhibet,
1218 4513 1267 4586 qui
1290 4528 1348 4571 nou
1364 4509 1450 4572 modo
1465 4519 1561 4570 astro-

215 4602 330 4660 nomiae
352 4601 502 4661 historiam
527 4617 685 4676 omnesque
708 4599 772 4674 eius
794 4602 918 4661 virtutes
941 4609 971 4660 et
985 4603 1068 4676 vitia,
1093 4598 1300 4661 recentioribus
1324 4599 1561 4676 inquisitionibus

215 4689 404 4765 investigata,
428 4689 645 4748 accuratissime
668 4689 792 4758 noverit,
815 4687 867 4746 sed
891 4690 980 4748 etiam
1003 4696 1098 4748 totum
1121 4689 1184 4764 ejus
1207 4701 1292 4750 usum
1308 4692 1396 4762 alque
1418 4687 1561 4746 rationem

215 4777 331 4853 penitus
353 4767 535 4854 perspectam
558 4774 682 4850 habeat,
715 4775 825 4852 quique
848 4777 877 4834 iu
900 4775 974 4836 libro
997 4775 1033 4837 de
1056 4775 1160 4836 Martie
1188 4771 1317 4832 motibus
1344 4774 1509 4851 partimque
1531 4775 1560 4832 iu

266 4876 362 4932 :aptet
374 4875 526 4928 Onu-vill,
1321 4871 1355 4930 iu
