<?xml version="1.0" encoding="UTF-8"?>
<!DOCTYPE html PUBLIC "-//W3C//DTD XHTML 1.0 Transitional//EN"
    "http://www.w3.org/TR/xhtml1/DTD/xhtml1-transitional.dtd">
<html xmlns="http://www.w3.org/1999/xhtml" xml:lang="en" lang="en">
 <head>
  <title>
</title>
<meta http-equiv="Content-Type" content="text/html;charset=utf-8" />
  <meta name='ocr-system' content='tesseract 3.04.00' />
  <meta name='ocr-capabilities' content='ocr_page ocr_carea ocr_par ocr_line ocrx_word'/>
</head>
<body>
  <div class='ocr_page' id='page_1' title='image "./joanniskepleria25frisgoog_0234.png"; bbox 0 0 3662 5544; ppageno 0'>
   <div class='ocr_carea' id='block_1_1' title="bbox 774 367 1535 492">
    <p class='ocr_par' dir='ltr' id='par_1_1' title="bbox 774 367 1535 492">
     <span class='ocr_line' id='line_1_1' title="bbox 774 367 1535 492; baseline 0.005 -6"><span class='ocrx_word' id='word_1_1' title='bbox 774 421 850 486; x_wconf 79' lang='lat' dir='ltr'>scon</span> <span class='ocrx_word' id='word_1_2' title='bbox 873 401 949 482; x_wconf 69' lang='lat' dir='ltr'>tensi</span> <span class='ocrx_word' id='word_1_3' title='bbox 1331 367 1340 382; x_wconf 61' lang='grc'>’</span> <span class='ocrx_word' id='word_1_4' title='bbox 1470 415 1535 492; x_wconf 77' lang='lat' dir='ltr'>ite</span> 
     </span>
    </p>
   </div>
   <div class='ocr_carea' id='block_1_2' title="bbox 181 575 1589 2611">
    <p class='ocr_par' dir='ltr' id='par_1_2' title="bbox 181 575 1539 1904">
     <span class='ocr_line' id='line_1_2' title="bbox 288 575 1536 676; baseline -0.011 -12"><span class='ocrx_word' id='word_1_5' title='bbox 288 603 330 664; x_wconf 77' lang='lat' dir='ltr'>Es</span> <span class='ocrx_word' id='word_1_6' title='bbox 346 617 418 676; x_wconf 82' lang='lat' dir='ltr'>quse</span> <span class='ocrx_word' id='word_1_7' title='bbox 429 601 483 663; x_wconf 85' lang='lat' dir='ltr'>hoc</span> <span class='ocrx_word' id='word_1_8' title='bbox 493 617 564 664; x_wconf 80' lang='lat' dir='ltr'>urae</span> <span class='ocrx_word' id='word_1_9' title='bbox 578 599 713 672; x_wconf 77' lang='lat' dir='ltr'>Keplerns</span> <span class='ocrx_word' id='word_1_10' title='bbox 725 615 775 672; x_wconf 86' lang='lat' dir='ltr'>per</span> <span class='ocrx_word' id='word_1_11' title='bbox 790 599 884 658; x_wconf 77' lang='lat' dir='ltr'><strong>literas</strong></span> <span class='ocrx_word' id='word_1_12' title='bbox 902 597 958 668; x_wconf 74' lang='lat' dir='ltr'>egit</span> <span class='ocrx_word' id='word_1_13' title='bbox 974 575 1038 658; x_wconf 71' lang='lat' dir='ltr'>mm</span> <span class='ocrx_word' id='word_1_14' title='bbox 1053 597 1221 670; x_wconf 72' lang='lat' dir='ltr'>Augusto,</span> <span class='ocrx_word' id='word_1_15' title='bbox 1237 597 1360 670; x_wconf 86' lang='lat' dir='ltr'>principe</span> <span class='ocrx_word' id='word_1_16' title='bbox 1378 595 1536 667; x_wconf 81' lang='lat' dir='ltr'>hahaltiso,</span> 
     </span>
     <span class='ocr_line' id='line_1_3' title="bbox 184 683 1535 762; baseline -0.008 -12"><span class='ocrx_word' id='word_1_17' title='bbox 184 691 218 750; x_wconf 84' lang='lat' dir='ltr'>de</span> <span class='ocrx_word' id='word_1_18' title='bbox 235 693 360 748; x_wconf 88' lang='lat' dir='ltr'>machina</span> <span class='ocrx_word' id='word_1_19' title='bbox 378 689 543 762; x_wconf 77' lang='lat' dir='ltr'>hydraulica,</span> <span class='ocrx_word' id='word_1_20' title='bbox 561 689 734 746; x_wconf 75' lang='lat' dir='ltr'>exhibuimus</span> <span class='ocrx_word' id='word_1_21' title='bbox 751 688 850 746; x_wconf 75' lang='grc'>1011.</span> <span class='ocrx_word' id='word_1_22' title='bbox 869 705 895 758; x_wconf 91' lang='lat' dir='ltr'>p.</span> <span class='ocrx_word' id='word_1_23' title='bbox 910 689 962 746; x_wconf 82' lang='lat' dir='ltr'>ott</span> <span class='ocrx_word' id='word_1_24' title='bbox 976 705 1030 759; x_wconf 76' lang='lat' dir='ltr'>aa,</span> <span class='ocrx_word' id='word_1_25' title='bbox 1048 703 1164 758; x_wconf 84' lang='lat' dir='ltr'>eaquae</span> <span class='ocrx_word' id='word_1_26' title='bbox 1182 703 1244 742; x_wconf 89' lang='lat' dir='ltr'>enm</span> <span class='ocrx_word' id='word_1_27' title='bbox 1261 684 1459 742; x_wconf 84' lang='lat' dir='ltr'>Marehione</span> <span class='ocrx_word' id='word_1_28' title='bbox 1476 683 1535 740; x_wconf 83' lang='lat' dir='ltr'>Ba·</span> 
     </span>
     <span class='ocr_line' id='line_1_4' title="bbox 184 771 1536 848; baseline -0.004 -16"><span class='ocrx_word' id='word_1_29' title='bbox 184 777 283 838; x_wconf 84' lang='lat' dir='ltr'>densi</span> <span class='ocrx_word' id='word_1_30' title='bbox 303 781 336 838; x_wconf 86' lang='lat' dir='ltr'>de</span> <span class='ocrx_word' id='word_1_31' title='bbox 355 779 437 834; x_wconf 89' lang='lat' dir='ltr'>stella</span> <span class='ocrx_word' id='word_1_32' title='bbox 455 794 539 848; x_wconf 83' lang='lat' dir='ltr'>nora,</span> <span class='ocrx_word' id='word_1_33' title='bbox 556 779 656 848; x_wconf 88' lang='lat' dir='ltr'>quibus</span> <span class='ocrx_word' id='word_1_34' title='bbox 674 776 814 848; x_wconf 88' lang='lat' dir='ltr'>politicum</span> <span class='ocrx_word' id='word_1_35' title='bbox 833 776 903 846; x_wconf 81' lang='lat' dir='ltr'>agit,</span> <span class='ocrx_word' id='word_1_36' title='bbox 923 776 976 832; x_wconf 84' lang='lat' dir='ltr'>vol.</span> <span class='ocrx_word' id='word_1_37' title='bbox 995 776 1034 833; x_wconf 93' lang='lat'>11.</span> <span class='ocrx_word' id='word_1_38' title='bbox 1052 793 1079 846; x_wconf 87' lang='lat' dir='ltr'>p.</span> <span class='ocrx_word' id='word_1_39' title='bbox 1099 775 1159 836; x_wconf 76' lang='grc'>106.</span> <span class='ocrx_word' id='word_1_40' title='bbox 1195 775 1236 830; x_wconf 81' lang='lat' dir='ltr'>oe</span> <span class='ocrx_word' id='word_1_41' title='bbox 1254 774 1310 830; x_wconf 91' lang='lat' dir='ltr'>iilic</span> <span class='ocrx_word' id='word_1_42' title='bbox 1330 771 1456 830; x_wconf 79' lang='lat' dir='ltr'>Samuele</span> <span class='ocrx_word' id='word_1_43' title='bbox 1474 787 1536 827; x_wconf 87' lang='lat' dir='ltr'>cnm</span> 
     </span>
     <span class='ocr_line' id='line_1_5' title="bbox 183 861 1537 938; baseline -0.006 -16"><span class='ocrx_word' id='word_1_44' title='bbox 183 875 261 937; x_wconf 88' lang='lat' dir='ltr'>putre</span> <span class='ocrx_word' id='word_1_45' title='bbox 278 867 349 924; x_wconf 81' lang='lat' dir='ltr'>Has</span> <span class='ocrx_word' id='word_1_46' title='bbox 355 883 393 922; x_wconf 90' lang='lat' dir='ltr'>sn</span> <span class='ocrx_word' id='word_1_47' title='bbox 402 866 457 922; x_wconf 85' lang='lat' dir='ltr'>rei</span> <span class='ocrx_word' id='word_1_48' title='bbox 460 867 473 922; x_wconf 92' lang='grc'>1</span> <span class='ocrx_word' id='word_1_49' title='bbox 478 883 493 920; x_wconf 89' lang='lat' dir='ltr'>c</span> <span class='ocrx_word' id='word_1_50' title='bbox 502 882 535 922; x_wconf 93' lang='lat' dir='ltr'>ro</span> <span class='ocrx_word' id='word_1_51' title='bbox 554 867 704 938; x_wconf 85' lang='lat' dir='ltr'>Keplerum</span> <span class='ocrx_word' id='word_1_52' title='bbox 715 880 765 936; x_wconf 86' lang='lat' dir='ltr'>per</span> <span class='ocrx_word' id='word_1_53' title='bbox 777 863 871 920; x_wconf 86' lang='lat' dir='ltr'>literas</span> <span class='ocrx_word' id='word_1_54' title='bbox 884 865 1047 921; x_wconf 89' lang='lat' dir='ltr'>collocutum</span> <span class='ocrx_word' id='word_1_55' title='bbox 1061 879 1131 934; x_wconf 89' lang='lat' dir='ltr'>esse,</span> <span class='ocrx_word' id='word_1_56' title='bbox 1149 869 1265 934; x_wconf 85' lang='lat' dir='ltr'>apparet</span> <span class='ocrx_word' id='word_1_57' title='bbox 1284 879 1317 916; x_wconf 87' lang='lat' dir='ltr'>err</span> <span class='ocrx_word' id='word_1_58' title='bbox 1329 861 1412 931; x_wconf 78' lang='lat' dir='ltr'>liujus</span> <span class='ocrx_word' id='word_1_59' title='bbox 1424 875 1537 928; x_wconf 89' lang='lat' dir='ltr'>respon·</span> 
     </span>
     <span class='ocr_line' id='line_1_6' title="bbox 184 947 1538 1024; baseline -0.007 -12"><span class='ocrx_word' id='word_1_60' title='bbox 184 955 258 1012; x_wconf 88' lang='lat' dir='ltr'>sione</span> <span class='ocrx_word' id='word_1_61' title='bbox 277 954 305 1010; x_wconf 90' lang='lat' dir='ltr'>in</span> <span class='ocrx_word' id='word_1_62' title='bbox 322 955 462 1010; x_wconf 87' lang='lat' dir='ltr'>Hanschio</span> <span class='ocrx_word' id='word_1_63' title='bbox 481 973 508 1024; x_wconf 88' lang='lat' dir='ltr'>p.</span> <span class='ocrx_word' id='word_1_64' title='bbox 527 956 569 1021; x_wconf 82' lang='lat'>72,</span> <span class='ocrx_word' id='word_1_65' title='bbox 595 955 642 1023; x_wconf 84' lang='lat' dir='ltr'>qui</span> <span class='ocrx_word' id='word_1_66' title='bbox 665 954 740 1024; x_wconf 83' lang='lat' dir='ltr'>parri</span> <span class='ocrx_word' id='word_1_67' title='bbox 766 953 850 1010; x_wconf 89' lang='lat' dir='ltr'>habet</span> <span class='ocrx_word' id='word_1_68' title='bbox 874 953 922 1010; x_wconf 83' lang='lat' dir='ltr'>filii</span> <span class='ocrx_word' id='word_1_69' title='bbox 941 953 1092 1024; x_wconf 75' lang='lat' dir='ltr'>ingenium,</span> <span class='ocrx_word' id='word_1_70' title='bbox 1109 952 1191 1022; x_wconf 76' lang='lat' dir='ltr'>¹quod</span> <span class='ocrx_word' id='word_1_71' title='bbox 1209 952 1345 1022; x_wconf 79' lang='lat' dir='ltr'>Keplerus</span> <span class='ocrx_word' id='word_1_72' title='bbox 1364 947 1538 1019; x_wconf 73' lang='lat' dir='ltr'>praedicasse</span> 
     </span>
     <span class='ocr_line' id='line_1_7' title="bbox 181 1034 1538 1113; baseline -0.006 -15"><span class='ocrx_word' id='word_1_73' title='bbox 181 1043 295 1113; x_wconf 80' lang='lat' dir='ltr'>ridetur,</span> <span class='ocrx_word' id='word_1_74' title='bbox 315 1049 342 1098; x_wconf 88' lang='lat' dir='ltr'>et</span> <span class='ocrx_word' id='word_1_75' title='bbox 360 1042 446 1098; x_wconf 88' lang='lat' dir='ltr'>iratus</span> <span class='ocrx_word' id='word_1_76' title='bbox 464 1058 494 1098; x_wconf 87' lang='lat' dir='ltr'>se</span> <span class='ocrx_word' id='word_1_77' title='bbox 507 1041 637 1110; x_wconf 78' lang='lat' dir='ltr'>defendit,</span> <span class='ocrx_word' id='word_1_78' title='bbox 655 1043 729 1111; x_wconf 91' lang='lat' dir='ltr'>qnod</span> <span class='ocrx_word' id='word_1_79' title='bbox 746 1041 881 1111; x_wconf 86' lang='lat' dir='ltr'>Keplerns</span> <span class='ocrx_word' id='word_1_80' title='bbox 900 1042 953 1111; x_wconf 89' lang='lat' dir='ltr'>ipsi</span> <span class='ocrx_word' id='word_1_81' title='bbox 971 1043 1111 1098; x_wconf 81' lang='lat' dir='ltr'>avaritiam</span> <span class='ocrx_word' id='word_1_82' title='bbox 1129 1041 1267 1110; x_wconf 82' lang='lat' dir='ltr'>objecerit.</span> <span class='ocrx_word' id='word_1_83' title='bbox 1299 1039 1379 1107; x_wconf 80' lang='lat' dir='ltr'>(Hine</span> <span class='ocrx_word' id='word_1_84' title='bbox 1397 1051 1484 1107; x_wconf 86' lang='lat' dir='ltr'>usque</span> <span class='ocrx_word' id='word_1_85' title='bbox 1502 1034 1538 1092; x_wconf 86' lang='lat' dir='ltr'>ad</span> 
     </span>
     <span class='ocr_line' id='line_1_8' title="bbox 183 1124 1538 1198; baseline -0.006 -13"><span class='ocrx_word' id='word_1_86' title='bbox 183 1147 283 1188; x_wconf 88' lang='lat' dir='ltr'>anunm</span> <span class='ocrx_word' id='word_1_87' title='bbox 305 1131 372 1188; x_wconf 88' lang='grc'>1618</span> <span class='ocrx_word' id='word_1_88' title='bbox 391 1129 466 1186; x_wconf 89' lang='lat' dir='ltr'>nulla</span> <span class='ocrx_word' id='word_1_89' title='bbox 484 1129 600 1184; x_wconf 89' lang='lat' dir='ltr'>occurrit</span> <span class='ocrx_word' id='word_1_90' title='bbox 624 1128 742 1197; x_wconf 85' lang='lat' dir='ltr'>epistola</span> <span class='ocrx_word' id='word_1_91' title='bbox 759 1128 941 1185; x_wconf 84' lang='lat' dir='ltr'>llaienrefferi</span> <span class='ocrx_word' id='word_1_92' title='bbox 965 1129 1000 1184; x_wconf 89' lang='lat' dir='ltr'>ad</span> <span class='ocrx_word' id='word_1_93' title='bbox 1018 1129 1184 1198; x_wconf 81' lang='lat' dir='ltr'>Keplrrnm.)</span> <span class='ocrx_word' id='word_1_94' title='bbox 1220 1129 1297 1184; x_wconf 84' lang='lat' dir='ltr'>Duae</span> <span class='ocrx_word' id='word_1_95' title='bbox 1315 1133 1465 1196; x_wconf 76' lang='lat' dir='ltr'>supersunt</span> <span class='ocrx_word' id='word_1_96' title='bbox 1481 1124 1538 1193; x_wconf 91' lang='lat' dir='ltr'>epi·</span> 
     </span>
     <span class='ocr_line' id='line_1_9' title="bbox 183 1212 1539 1289; baseline -0.006 -15"><span class='ocrx_word' id='word_1_97' title='bbox 183 1220 271 1274; x_wconf 85' lang='lat' dir='ltr'>stolae</span> <span class='ocrx_word' id='word_1_98' title='bbox 291 1217 404 1289; x_wconf 82' lang='lat' dir='ltr'>liepleri</span> <span class='ocrx_word' id='word_1_99' title='bbox 422 1219 457 1274; x_wconf 88' lang='lat' dir='ltr'>ad</span> <span class='ocrx_word' id='word_1_100' title='bbox 477 1219 706 1288; x_wconf 77' lang='lat' dir='ltr'>Breuggernm</span> <span class='ocrx_word' id='word_1_101' title='bbox 724 1219 777 1274; x_wconf 89' lang='lat' dir='ltr'>hoe</span> <span class='ocrx_word' id='word_1_102' title='bbox 794 1233 866 1274; x_wconf 92' lang='lat' dir='ltr'>anno</span> <span class='ocrx_word' id='word_1_103' title='bbox 884 1217 977 1284; x_wconf 83' lang='lat' dir='ltr'>datae,</span> <span class='ocrx_word' id='word_1_104' title='bbox 997 1217 1023 1272; x_wconf 91' lang='lat' dir='ltr'>in</span> <span class='ocrx_word' id='word_1_105' title='bbox 1043 1217 1142 1285; x_wconf 90' lang='lat' dir='ltr'>quihus</span> <span class='ocrx_word' id='word_1_106' title='bbox 1160 1216 1195 1272; x_wconf 91' lang='lat' dir='ltr'>de</span> <span class='ocrx_word' id='word_1_107' title='bbox 1211 1215 1375 1273; x_wconf 77' lang='lat' dir='ltr'>harmonicis</span> <span class='ocrx_word' id='word_1_108' title='bbox 1393 1220 1422 1270; x_wconf 86' lang='lat' dir='ltr'>et</span> <span class='ocrx_word' id='word_1_109' title='bbox 1440 1212 1539 1282; x_wconf 88' lang='lat' dir='ltr'>optieis</span> 
     </span>
     <span class='ocr_line' id='line_1_10' title="bbox 183 1297 1539 1378; baseline -0.006 -16"><span class='ocrx_word' id='word_1_110' title='bbox 183 1306 276 1362; x_wconf 90' lang='lat' dir='ltr'>multis</span> <span class='ocrx_word' id='word_1_111' title='bbox 295 1307 364 1376; x_wconf 72' lang='lat' dir='ltr'>agit,</span> <span class='ocrx_word' id='word_1_112' title='bbox 384 1306 514 1375; x_wconf 85' lang='lat' dir='ltr'>majorem</span> <span class='ocrx_word' id='word_1_113' title='bbox 532 1305 628 1360; x_wconf 90' lang='lat' dir='ltr'>harum</span> <span class='ocrx_word' id='word_1_114' title='bbox 647 1305 822 1378; x_wconf 83' lang='lat' dir='ltr'>epistolarum</span> <span class='ocrx_word' id='word_1_115' title='bbox 840 1311 947 1375; x_wconf 86' lang='lat' dir='ltr'>partem</span> <span class='ocrx_word' id='word_1_116' title='bbox 965 1304 1086 1361; x_wconf 82' lang='lat' dir='ltr'>inuenies</span> <span class='ocrx_word' id='word_1_117' title='bbox 1106 1303 1158 1360; x_wconf 80' lang='lat' dir='ltr'>nol.</span> <span class='ocrx_word' id='word_1_118' title='bbox 1176 1305 1212 1358; x_wconf 92' lang='lat' dir='ltr'>Il.</span> <span class='ocrx_word' id='word_1_119' title='bbox 1232 1303 1317 1372; x_wconf 90' lang='lat' dir='ltr'>etlll,</span> <span class='ocrx_word' id='word_1_120' title='bbox 1337 1304 1376 1358; x_wconf 93' lang='lat' dir='ltr'>sic</span> <span class='ocrx_word' id='word_1_121' title='bbox 1393 1302 1488 1358; x_wconf 86' lang='lat' dir='ltr'>literas</span> <span class='ocrx_word' id='word_1_122' title='bbox 1502 1297 1539 1354; x_wconf 86' lang='lat' dir='ltr'>ad</span> 
     </span>
     <span class='ocr_line' id='line_1_11' title="bbox 184 1386 1538 1464; baseline -0.006 -14"><span class='ocrx_word' id='word_1_123' title='bbox 184 1395 386 1452; x_wconf 83' lang='lat' dir='ltr'>Harriotum</span> <span class='ocrx_word' id='word_1_124' title='bbox 413 1394 493 1449; x_wconf 87' lang='lat' dir='ltr'>datas</span> <span class='ocrx_word' id='word_1_125' title='bbox 519 1393 544 1450; x_wconf 84' lang='lat' dir='ltr'>d.</span> <span class='ocrx_word' id='word_1_126' title='bbox 565 1393 592 1450; x_wconf 86' lang='lat'>2.</span> <span class='ocrx_word' id='word_1_127' title='bbox 610 1393 725 1462; x_wconf 77' lang='lat' dir='ltr'>Augusti</span> <span class='ocrx_word' id='word_1_128' title='bbox 750 1393 784 1448; x_wconf 92' lang='lat' dir='ltr'>de</span> <span class='ocrx_word' id='word_1_129' title='bbox 807 1393 906 1464; x_wconf 88' lang='lat' dir='ltr'>optieis</span> <span class='ocrx_word' id='word_1_130' title='bbox 924 1393 977 1450; x_wconf 83' lang='lat' dir='ltr'>nol.</span> <span class='ocrx_word' id='word_1_131' title='bbox 996 1394 1032 1452; x_wconf 86' lang='grc' dir='ltr'>Π.</span> <span class='ocrx_word' id='word_1_132' title='bbox 1050 1409 1076 1464; x_wconf 89' lang='lat' dir='ltr'>p.</span> <span class='ocrx_word' id='word_1_133' title='bbox 1096 1394 1145 1463; x_wconf 71' lang='lat'>7¹23</span> <span class='ocrx_word' id='word_1_134' title='bbox 1170 1392 1327 1462; x_wconf 82' lang='lat' dir='ltr'>Ziegleri</span> <span class='ocrx_word' id='word_1_135' title='bbox 1347 1389 1479 1460; x_wconf 85' lang='lat' dir='ltr'>epistolas</span> <span class='ocrx_word' id='word_1_136' title='bbox 1497 1386 1538 1456; x_wconf 82' lang='lat' dir='ltr'>(d.</span> 
     </span>
     <span class='ocr_line' id='line_1_12' title="bbox 184 1476 1539 1554; baseline -0.007 -16"><span class='ocrx_word' id='word_1_137' title='bbox 184 1485 260 1554; x_wconf 85' lang='lat' dir='ltr'>Sept.</span> <span class='ocrx_word' id='word_1_138' title='bbox 280 1491 308 1538; x_wconf 89' lang='lat' dir='ltr'>et</span> <span class='ocrx_word' id='word_1_139' title='bbox 326 1483 398 1550; x_wconf 84' lang='lat' dir='ltr'>Oet.)</span> <span class='ocrx_word' id='word_1_140' title='bbox 417 1487 568 1553; x_wconf 88' lang='lat' dir='ltr'>testantur,</span> <span class='ocrx_word' id='word_1_141' title='bbox 593 1480 740 1552; x_wconf 79' lang='lat' dir='ltr'>lieplerum</span> <span class='ocrx_word' id='word_1_142' title='bbox 760 1481 812 1538; x_wconf 90' lang='lat' dir='ltr'>boc</span> <span class='ocrx_word' id='word_1_143' title='bbox 831 1477 1030 1551; x_wconf 75' lang='lat' dir='ltr'>quoqne&#39;uuno</span> <span class='ocrx_word' id='word_1_144' title='bbox 1049 1498 1100 1551; x_wconf 90' lang='lat' dir='ltr'>per</span> <span class='ocrx_word' id='word_1_145' title='bbox 1117 1481 1210 1538; x_wconf 82' lang='lat' dir='ltr'>literas</span> <span class='ocrx_word' id='word_1_146' title='bbox 1230 1496 1289 1536; x_wconf 88' lang='lat' dir='ltr'>cum</span> <span class='ocrx_word' id='word_1_147' title='bbox 1307 1478 1355 1534; x_wconf 91' lang='lat' dir='ltr'>illo</span> <span class='ocrx_word' id='word_1_148' title='bbox 1373 1476 1539 1532; x_wconf 86' lang='lat' dir='ltr'>collocutum</span> 
     </span>
     <span class='ocr_line' id='line_1_13' title="bbox 182 1565 1537 1640; baseline -0.006 -14"><span class='ocrx_word' id='word_1_149' title='bbox 182 1587 254 1627; x_wconf 82' lang='lat' dir='ltr'>esse.</span> <span class='ocrx_word' id='word_1_150' title='bbox 291 1569 368 1638; x_wconf 83' lang='lat' dir='ltr'>Quae</span> <span class='ocrx_word' id='word_1_151' title='bbox 391 1569 527 1638; x_wconf 84' lang='lat' dir='ltr'>lieplcrns</span> <span class='ocrx_word' id='word_1_152' title='bbox 552 1570 607 1636; x_wconf 79' lang='lat' dir='ltr'>egit</span> <span class='ocrx_word' id='word_1_153' title='bbox 635 1569 697 1638; x_wconf 76' lang='lat' dir='ltr'>carru</span> <span class='ocrx_word' id='word_1_154' title='bbox 714 1570 763 1626; x_wconf 84' lang='lat' dir='ltr'>Jo.</span> <span class='ocrx_word' id='word_1_155' title='bbox 786 1569 921 1640; x_wconf 84' lang='lat' dir='ltr'>Fersio,</span> <span class='ocrx_word' id='word_1_156' title='bbox 950 1569 1119 1637; x_wconf 83' lang='lat' dir='ltr'>Calvisio,</span> <span class='ocrx_word' id='word_1_157' title='bbox 1146 1569 1344 1634; x_wconf 83' lang='lat' dir='ltr'>Herwarto,</span> <span class='ocrx_word' id='word_1_158' title='bbox 1371 1565 1537 1628; x_wconf 85' lang='lat' dir='ltr'>Deelrero,</span> 
     </span>
     <span class='ocr_line' id='line_1_14' title="bbox 184 1650 1537 1730; baseline -0.007 -17"><span class='ocrx_word' id='word_1_159' title='bbox 184 1657 272 1713; x_wconf 88' lang='lat' dir='ltr'>Scali</span> <span class='ocrx_word' id='word_1_160' title='bbox 278 1673 359 1728; x_wconf 84' lang='lat' dir='ltr'>gero</span> <span class='ocrx_word' id='word_1_161' title='bbox 380 1657 414 1710; x_wconf 88' lang='lat' dir='ltr'>de</span> <span class='ocrx_word' id='word_1_162' title='bbox 433 1655 641 1726; x_wconf 82' lang='lat' dir='ltr'>chronologicis,</span> <span class='ocrx_word' id='word_1_163' title='bbox 660 1673 691 1714; x_wconf 89' lang='lat' dir='ltr'>ea</span> <span class='ocrx_word' id='word_1_164' title='bbox 709 1663 818 1713; x_wconf 65' lang='lat' dir='ltr'>exeant</span> <span class='ocrx_word' id='word_1_165' title='bbox 836 1657 864 1712; x_wconf 91' lang='lat' dir='ltr'>in</span> <span class='ocrx_word' id='word_1_166' title='bbox 875 1659 990 1730; x_wconf 78' lang='lat' dir='ltr'>Eeiopis</span> <span class='ocrx_word' id='word_1_167' title='bbox 1004 1657 1156 1728; x_wconf 78' lang='lat' dir='ltr'>Obsonieia,</span> <span class='ocrx_word' id='word_1_168' title='bbox 1174 1656 1226 1712; x_wconf 82' lang='lat' dir='ltr'>sol.</span> <span class='ocrx_word' id='word_1_169' title='bbox 1239 1657 1284 1710; x_wconf 77' lang='grc'>11.</span> <span class='ocrx_word' id='word_1_170' title='bbox 1297 1655 1379 1723; x_wconf 85' lang='lat' dir='ltr'>hujus</span> <span class='ocrx_word' id='word_1_171' title='bbox 1398 1650 1537 1718; x_wconf 76' lang='lat' dir='ltr'>alitionis3</span> 
     </span>
     <span class='ocr_line' id='line_1_15' title="bbox 183 1737 1536 1816; baseline -0.005 -18"><span class='ocrx_word' id='word_1_172' title='bbox 183 1744 300 1816; x_wconf 84' lang='lat' dir='ltr'>epistola</span> <span class='ocrx_word' id='word_1_173' title='bbox 319 1744 354 1798; x_wconf 91' lang='lat' dir='ltr'>od</span> <span class='ocrx_word' id='word_1_174' title='bbox 373 1745 539 1812; x_wconf 82' lang='lat' dir='ltr'>Scaligernm</span> <span class='ocrx_word' id='word_1_175' title='bbox 563 1745 628 1801; x_wconf 88' lang='lat' dir='ltr'>ibid.</span> <span class='ocrx_word' id='word_1_176' title='bbox 648 1762 675 1816; x_wconf 92' lang='lat' dir='ltr'>p.</span> <span class='ocrx_word' id='word_1_177' title='bbox 697 1745 747 1800; x_wconf 83' lang='lat'>102</span> <span class='ocrx_word' id='word_1_178' title='bbox 766 1761 800 1800; x_wconf 89' lang='lat' dir='ltr'>ss.</span> <span class='ocrx_word' id='word_1_179' title='bbox 838 1745 915 1802; x_wconf 89' lang='lat' dir='ltr'>Circa</span> <span class='ocrx_word' id='word_1_180' title='bbox 940 1745 1021 1802; x_wconf 87' lang='lat' dir='ltr'>finem</span> <span class='ocrx_word' id='word_1_181' title='bbox 1040 1746 1102 1800; x_wconf 91' lang='lat' dir='ltr'>anni</span> <span class='ocrx_word' id='word_1_182' title='bbox 1121 1745 1156 1802; x_wconf 89' lang='lat' dir='ltr'>ad</span> <span class='ocrx_word' id='word_1_183' title='bbox 1174 1746 1270 1802; x_wconf 76' lang='lat' dir='ltr'>urnas</span> <span class='ocrx_word' id='word_1_184' title='bbox 1287 1743 1382 1813; x_wconf 88' lang='lat' dir='ltr'>rediit,</span> <span class='ocrx_word' id='word_1_185' title='bbox 1407 1737 1536 1810; x_wconf 83' lang='lat' dir='ltr'>„idyllio“</span> 
     </span>
     <span class='ocr_line' id='line_1_16' title="bbox 185 1831 991 1904; baseline 0.004 -17"><span class='ocrx_word' id='word_1_186' title='bbox 185 1833 294 1904; x_wconf 89' lang='lat' dir='ltr'>nuptias</span> <span class='ocrx_word' id='word_1_187' title='bbox 313 1831 451 1888; x_wconf 87' lang='lat' dir='ltr'>honorans</span> <span class='ocrx_word' id='word_1_188' title='bbox 470 1833 549 1888; x_wconf 89' lang='lat' dir='ltr'>amici</span> <span class='ocrx_word' id='word_1_189' title='bbox 568 1831 649 1903; x_wconf 79' lang='lat' dir='ltr'>Casp.</span> <span class='ocrx_word' id='word_1_190' title='bbox 668 1833 798 1888; x_wconf 86' lang='lat' dir='ltr'>Dnrnarii</span> <span class='ocrx_word' id='word_1_191' title='bbox 816 1833 991 1890; x_wconf 85' lang='lat' dir='ltr'>Gbrlicensis.</span> 
     </span>
    </p>

    <p class='ocr_par' dir='ltr' id='par_1_3' title="bbox 182 1917 1589 2611">
     <span class='ocr_line' id='line_1_17' title="bbox 292 1917 1540 1990; baseline -0.006 -12"><span class='ocrx_word' id='word_1_192' title='bbox 292 1917 399 1980; x_wconf 78' lang='lat' dir='ltr'>loos.</span> <span class='ocrx_word' id='word_1_193' title='bbox 429 1919 573 1990; x_wconf 89' lang='lat' dir='ltr'>Epistolae</span> <span class='ocrx_word' id='word_1_194' title='bbox 597 1921 792 1978; x_wconf 89' lang='lat' dir='ltr'>continuantur</span> <span class='ocrx_word' id='word_1_195' title='bbox 816 1921 849 1976; x_wconf 85' lang='lat' dir='ltr'>de</span> <span class='ocrx_word' id='word_1_196' title='bbox 872 1921 954 1977; x_wconf 91' lang='lat' dir='ltr'>rebus</span> <span class='ocrx_word' id='word_1_197' title='bbox 981 1921 1181 1990; x_wconf 83' lang='lat' dir='ltr'>chronologicis</span> <span class='ocrx_word' id='word_1_198' title='bbox 1209 1923 1289 1990; x_wconf 84' lang='lat' dir='ltr'>(anuo</span> <span class='ocrx_word' id='word_1_199' title='bbox 1316 1919 1418 1976; x_wconf 87' lang='lat' dir='ltr'>Christi</span> <span class='ocrx_word' id='word_1_200' title='bbox 1445 1917 1540 1989; x_wconf 68' lang='grc'>11111)</span> 
     </span>
     <span class='ocr_line' id='line_1_18' title="bbox 185 2006 1540 2080; baseline -0.003 -16"><span class='ocrx_word' id='word_1_201' title='bbox 185 2015 296 2064; x_wconf 89' lang='lat' dir='ltr'>mutuae</span> <span class='ocrx_word' id='word_1_202' title='bbox 309 2006 423 2078; x_wconf 81' lang='lat' dir='ltr'>Kopluri</span> <span class='ocrx_word' id='word_1_203' title='bbox 436 2014 463 2062; x_wconf 92' lang='lat' dir='ltr'>ct</span> <span class='ocrx_word' id='word_1_204' title='bbox 476 2007 617 2077; x_wconf 84' lang='lat' dir='ltr'>Herwurti,</span> <span class='ocrx_word' id='word_1_205' title='bbox 637 2007 756 2078; x_wconf 79' lang='lat' dir='ltr'>Calvisii,</span> <span class='ocrx_word' id='word_1_206' title='bbox 775 2009 906 2080; x_wconf 71' lang='lat' dir='ltr'>Beckeri,</span> <span class='ocrx_word' id='word_1_207' title='bbox 926 2010 960 2066; x_wconf 89' lang='lat' dir='ltr'>de</span> <span class='ocrx_word' id='word_1_208' title='bbox 973 2010 1093 2080; x_wconf 84' lang='lat' dir='ltr'>cometis,</span> <span class='ocrx_word' id='word_1_209' title='bbox 1112 2009 1261 2066; x_wconf 77' lang='lat' dir='ltr'>Harmonia</span> <span class='ocrx_word' id='word_1_210' title='bbox 1273 2015 1300 2064; x_wconf 89' lang='lat' dir='ltr'>et</span> <span class='ocrx_word' id='word_1_211' title='bbox 1313 2009 1401 2064; x_wconf 80' lang='lat' dir='ltr'>Mssrte</span> <span class='ocrx_word' id='word_1_212' title='bbox 1413 2006 1540 2078; x_wconf 84' lang='lat' dir='ltr'>Fabricii,</span> 
     </span>
     <span class='ocr_line' id='line_1_19' title="bbox 183 2085 1548 2167; baseline -0.004 -15"><span class='ocrx_word' id='word_1_213' title='bbox 183 2098 341 2164; x_wconf 75' lang='lat' dir='ltr'>Brengperi,</span> <span class='ocrx_word' id='word_1_214' title='bbox 360 2097 491 2167; x_wconf 79' lang='lat' dir='ltr'>Tanckir3</span> <span class='ocrx_word' id='word_1_215' title='bbox 511 2097 544 2152; x_wconf 89' lang='lat' dir='ltr'>de</span> <span class='ocrx_word' id='word_1_216' title='bbox 562 2097 658 2167; x_wconf 91' lang='lat' dir='ltr'>opticis</span> <span class='ocrx_word' id='word_1_217' title='bbox 671 2085 799 2154; x_wconf 68' lang='grc'>11111011.</span> <span class='ocrx_word' id='word_1_218' title='bbox 824 2097 927 2152; x_wconf 86' lang='lat' dir='ltr'>Thema</span> <span class='ocrx_word' id='word_1_219' title='bbox 939 2098 1089 2154; x_wconf 73' lang='lat' dir='ltr'>saevitatis</span> <span class='ocrx_word' id='word_1_220' title='bbox 1101 2096 1342 2154; x_wconf 87' lang='lat' dir='ltr'>Walleustenii</span> <span class='ocrx_word' id='word_1_221' title='bbox 1361 2097 1394 2165; x_wconf 80' lang='lat' dir='ltr'>(v.</span> <span class='ocrx_word' id='word_1_222' title='bbox 1406 2115 1426 2152; x_wconf 87' lang='lat' dir='ltr'>s.</span> <span class='ocrx_word' id='word_1_223' title='bbox 1435 2115 1462 2166; x_wconf 89' lang='lat' dir='ltr'>p.</span> <span class='ocrx_word' id='word_1_224' title='bbox 1471 2097 1548 2163; x_wconf 74' lang='grc'>3411·</span> 
     </span>
     <span class='ocr_line' id='line_1_20' title="bbox 183 2182 1541 2258; baseline 0 -18"><span class='ocrx_word' id='word_1_225' title='bbox 183 2185 226 2240; x_wconf 91' lang='lat' dir='ltr'>De</span> <span class='ocrx_word' id='word_1_226' title='bbox 244 2182 338 2239; x_wconf 85' lang='lat' dir='ltr'>libello</span> <span class='ocrx_word' id='word_1_227' title='bbox 358 2183 392 2237; x_wconf 91' lang='lat' dir='ltr'>dc</span> <span class='ocrx_word' id='word_1_228' title='bbox 411 2184 523 2240; x_wconf 90' lang='lat' dir='ltr'>cometis</span> <span class='ocrx_word' id='word_1_229' title='bbox 542 2185 652 2254; x_wconf 90' lang='lat' dir='ltr'>scripsit</span> <span class='ocrx_word' id='word_1_230' title='bbox 670 2185 808 2256; x_wconf 89' lang='lat' dir='ltr'>Keplerns</span> <span class='ocrx_word' id='word_1_231' title='bbox 825 2187 984 2257; x_wconf 79' lang='lat' dir='ltr'>Brenggero</span> <span class='ocrx_word' id='word_1_232' title='bbox 1002 2187 1088 2258; x_wconf 81' lang='lat' dir='ltr'>Aprili</span> <span class='ocrx_word' id='word_1_233' title='bbox 1113 2202 1219 2242; x_wconf 86' lang='lat' dir='ltr'>meuse:</span> <span class='ocrx_word' id='word_1_234' title='bbox 1247 2185 1401 2252; x_wconf 83' lang='lat' dir='ltr'>,Cometiea</span> <span class='ocrx_word' id='word_1_235' title='bbox 1424 2191 1489 2240; x_wconf 89' lang='lat' dir='ltr'>sunt</span> <span class='ocrx_word' id='word_1_236' title='bbox 1513 2184 1541 2240; x_wconf 88' lang='lat' dir='ltr'>iu</span> 
     </span>
     <span class='ocr_line' id='line_1_21' title="bbox 182 2261 1541 2346; baseline -0.001 -19"><span class='ocrx_word' id='word_1_237' title='bbox 182 2279 288 2343; x_wconf 90' lang='lat' dir='ltr'>parato,</span> <span class='ocrx_word' id='word_1_238' title='bbox 308 2271 356 2326; x_wconf 91' lang='lat' dir='ltr'>sed</span> <span class='ocrx_word' id='word_1_239' title='bbox 374 2271 469 2326; x_wconf 79' lang='lat' dir='ltr'>infelix</span> <span class='ocrx_word' id='word_1_240' title='bbox 491 2289 550 2328; x_wconf 86' lang='lat' dir='ltr'>snm</span> <span class='ocrx_word' id='word_1_241' title='bbox 569 2273 598 2326; x_wconf 90' lang='lat' dir='ltr'>iu</span> <span class='ocrx_word' id='word_1_242' title='bbox 615 2271 728 2328; x_wconf 89' lang='lat' dir='ltr'>edendo.</span> <span class='ocrx_word' id='word_1_243' title='bbox 765 2275 873 2346; x_wconf 77' lang='lat' dir='ltr'>Typnm</span> <span class='ocrx_word' id='word_1_244' title='bbox 898 2273 990 2334; x_wconf 85' lang='lat' dir='ltr'>addidi</span> <span class='ocrx_word' id='word_1_245' title='bbox 1014 2289 1154 2344; x_wconf 79' lang='lat' dir='ltr'>maguum,</span> <span class='ocrx_word' id='word_1_246' title='bbox 1179 2274 1224 2344; x_wconf 86' lang='lat' dir='ltr'>qui</span> <span class='ocrx_word' id='word_1_247' title='bbox 1248 2291 1302 2330; x_wconf 89' lang='lat' dir='ltr'>non</span> <span class='ocrx_word' id='word_1_248' title='bbox 1326 2261 1471 2344; x_wconf 75' lang='lat' dir='ltr'>scrslpitnr3</span> <span class='ocrx_word' id='word_1_249' title='bbox 1495 2272 1541 2326; x_wconf 86' lang='lat' dir='ltr'>rix</span> 
     </span>
     <span class='ocr_line' id='line_1_22' title="bbox 182 2359 1542 2432; baseline 0.001 -20"><span class='ocrx_word' id='word_1_250' title='bbox 182 2361 432 2430; x_wconf 81' lang='lat' dir='ltr'>putoiurpreasnm</span> <span class='ocrx_word' id='word_1_251' title='bbox 449 2359 482 2416; x_wconf 85' lang='lat' dir='ltr'>iri</span> <span class='ocrx_word' id='word_1_252' title='bbox 500 2359 639 2430; x_wconf 69' lang='lat' dir='ltr'>amplius*⁴</span> <span class='ocrx_word' id='word_1_253' title='bbox 665 2359 748 2430; x_wconf 84' lang='lat' dir='ltr'>(Vide</span> <span class='ocrx_word' id='word_1_254' title='bbox 767 2360 895 2432; x_wconf 85' lang='lat' dir='ltr'>epistolas</span> <span class='ocrx_word' id='word_1_255' title='bbox 914 2361 1029 2418; x_wconf 85' lang='lat' dir='ltr'>Tunekii</span> <span class='ocrx_word' id='word_1_256' title='bbox 1047 2361 1100 2417; x_wconf 83' lang='lat' dir='ltr'>rol.</span> <span class='ocrx_word' id='word_1_257' title='bbox 1115 2361 1175 2418; x_wconf 83' lang='lat' dir='ltr'>vit.</span> <span class='ocrx_word' id='word_1_258' title='bbox 1193 2379 1219 2432; x_wconf 94' lang='lat' dir='ltr'>p.</span> <span class='ocrx_word' id='word_1_259' title='bbox 1234 2364 1251 2417; x_wconf 83' lang='lat' dir='ltr'>&#39;i</span> <span class='ocrx_word' id='word_1_260' title='bbox 1265 2364 1324 2430; x_wconf 82' lang='lat' dir='ltr'>ss).</span> <span class='ocrx_word' id='word_1_261' title='bbox 1349 2361 1454 2416; x_wconf 89' lang='lat' dir='ltr'>Prodiit</span> <span class='ocrx_word' id='word_1_262' title='bbox 1471 2359 1542 2416; x_wconf 90' lang='lat' dir='ltr'>liber</span> 
     </span>
     <span class='ocr_line' id='line_1_23' title="bbox 183 2435 1589 2516; baseline 0.001 -16"><span class='ocrx_word' id='word_1_263' title='bbox 183 2447 339 2516; x_wconf 79' lang='lat' dir='ltr'>germanico</span> <span class='ocrx_word' id='word_1_264' title='bbox 358 2447 485 2500; x_wconf 85' lang='lat' dir='ltr'>idiomate</span> <span class='ocrx_word' id='word_1_265' title='bbox 504 2447 622 2515; x_wconf 89' lang='lat' dir='ltr'>scriptus</span> <span class='ocrx_word' id='word_1_266' title='bbox 641 2435 675 2504; x_wconf 78' lang='lat' dir='ltr'>de</span> <span class='ocrx_word' id='word_1_267' title='bbox 693 2452 877 2506; x_wconf 75' lang='lat' dir='ltr'>constantini</span> <span class='ocrx_word' id='word_1_268' title='bbox 890 2456 951 2502; x_wconf 81' lang='lat'><strong><em>1607</em></strong></span> <span class='ocrx_word' id='word_1_269' title='bbox 970 2467 992 2506; x_wconf 93' lang='lat' dir='ltr'>c.</span> <span class='ocrx_word' id='word_1_270' title='bbox 1007 2450 1123 2504; x_wconf 88' lang='lat' dir='ltr'>medinm</span> <span class='ocrx_word' id='word_1_271' title='bbox 1142 2449 1214 2512; x_wconf 89' lang='lat' dir='ltr'>anni,</span> <span class='ocrx_word' id='word_1_272' title='bbox 1235 2463 1305 2501; x_wconf 85' lang='lat' dir='ltr'>anno</span> <span class='ocrx_word' id='word_1_273' title='bbox 1325 2453 1455 2516; x_wconf 82' lang='lat' dir='ltr'>sequente</span> <span class='ocrx_word' id='word_1_274' title='bbox 1467 2447 1542 2502; x_wconf 79' lang='lat' dir='ltr'>Mer·</span> <span class='ocrx_word' id='word_1_275' title='bbox 1582 2457 1589 2464; x_wconf 84' lang='grc'><strong>“</strong></span> 
     </span>
     <span class='ocr_line' id='line_1_24' title="bbox 183 2532 1542 2611; baseline -0.003 -21"><span class='ocrx_word' id='word_1_276' title='bbox 183 2535 278 2590; x_wconf 83' lang='lat' dir='ltr'>curius</span> <span class='ocrx_word' id='word_1_277' title='bbox 295 2536 326 2589; x_wconf 84' lang='lat' dir='ltr'>s&#39;n</span> <span class='ocrx_word' id='word_1_278' title='bbox 344 2533 408 2590; x_wconf 80' lang='lat' dir='ltr'>Sole</span> <span class='ocrx_word' id='word_1_279' title='bbox 426 2535 514 2602; x_wconf 63' lang='lat' dir='ltr'>cuna,</span> <span class='ocrx_word' id='word_1_280' title='bbox 542 2549 623 2603; x_wconf 90' lang='lat' dir='ltr'>quem</span> <span class='ocrx_word' id='word_1_281' title='bbox 640 2535 763 2592; x_wconf 92' lang='lat' dir='ltr'>libellum</span> <span class='ocrx_word' id='word_1_282' title='bbox 782 2535 922 2608; x_wconf 87' lang='lat' dir='ltr'>inscripsit</span> <span class='ocrx_word' id='word_1_283' title='bbox 938 2537 1074 2609; x_wconf 87' lang='lat' dir='ltr'>Keplerus</span> <span class='ocrx_word' id='word_1_284' title='bbox 1093 2535 1156 2590; x_wconf 87' lang='lat' dir='ltr'>duci</span> <span class='ocrx_word' id='word_1_285' title='bbox 1173 2535 1422 2611; x_wconf 75' lang='lat' dir='ltr'>lVdrttembergico</span> <span class='ocrx_word' id='word_1_286' title='bbox 1442 2532 1542 2587; x_wconf 87' lang='lat' dir='ltr'>Joanni</span> 
     </span>
    </p>
   </div>
   <div class='ocr_carea' id='block_1_3' title="bbox 183 2619 1541 2777">
    <p class='ocr_par' dir='ltr' id='par_1_4' title="bbox 183 2619 1541 2777">
     <span class='ocr_line' id='line_1_25' title="bbox 183 2619 1540 2688; baseline -0.001 -14"><span class='ocrx_word' id='word_1_287' title='bbox 183 2620 325 2676; x_wconf 85' lang='lat' dir='ltr'>Friderico</span> <span class='ocrx_word' id='word_1_288' title='bbox 348 2619 402 2674; x_wconf 85' lang='lat' dir='ltr'>Cal.</span> <span class='ocrx_word' id='word_1_289' title='bbox 427 2621 518 2674; x_wconf 83' lang='lat' dir='ltr'>Martii</span> <span class='ocrx_word' id='word_1_290' title='bbox 545 2623 620 2679; x_wconf 79' lang='lat' dir='ltr'>teos.</span> <span class='ocrx_word' id='word_1_291' title='bbox 646 2656 674 2666; x_wconf 93' lang='lat'>-</span> <span class='ocrx_word' id='word_1_292' title='bbox 700 2625 741 2679; x_wconf 88' lang='lat' dir='ltr'>De</span> <span class='ocrx_word' id='word_1_293' title='bbox 771 2623 976 2680; x_wconf 81' lang='lat' dir='ltr'>Commentariis</span> <span class='ocrx_word' id='word_1_294' title='bbox 1003 2624 1037 2678; x_wconf 91' lang='lat' dir='ltr'>de</span> <span class='ocrx_word' id='word_1_295' title='bbox 1060 2629 1136 2678; x_wconf 88' lang='lat' dir='ltr'>motu</span> <span class='ocrx_word' id='word_1_296' title='bbox 1160 2621 1258 2676; x_wconf 87' lang='lat' dir='ltr'>Martis</span> <span class='ocrx_word' id='word_1_297' title='bbox 1286 2620 1381 2675; x_wconf 87' lang='lat' dir='ltr'>scribit</span> <span class='ocrx_word' id='word_1_298' title='bbox 1405 2619 1540 2688; x_wconf 84' lang='lat' dir='ltr'>lieplerus</span> 
     </span>
     <span class='ocr_line' id='line_1_26' title="bbox 183 2695 1541 2777; baseline -0.001 -23"><span class='ocrx_word' id='word_1_299' title='bbox 183 2699 310 2755; x_wconf 86' lang='lat' dir='ltr'>Fabricio</span> <span class='ocrx_word' id='word_1_300' title='bbox 329 2701 507 2768; x_wconf 63' lang='lat' dir='ltr'>(Nouembrih</span> <span class='ocrx_word' id='word_1_301' title='bbox 536 2697 617 2761; x_wconf 86' lang='lat' dir='ltr'>Mars</span> <span class='ocrx_word' id='word_1_302' title='bbox 641 2717 705 2758; x_wconf 88' lang='lat' dir='ltr'>curu</span> <span class='ocrx_word' id='word_1_303' title='bbox 730 2699 829 2760; x_wconf 78' lang='lat' dir='ltr'>formis</span> <span class='ocrx_word' id='word_1_304' title='bbox 853 2708 883 2759; x_wconf 89' lang='lat' dir='ltr'>et</span> <span class='ocrx_word' id='word_1_305' title='bbox 904 2701 1029 2777; x_wconf 90' lang='lat' dir='ltr'>pecnnia</span> <span class='ocrx_word' id='word_1_306' title='bbox 1048 2697 1243 2774; x_wconf 79' lang='lat' dir='ltr'>januarinum</span> <span class='ocrx_word' id='word_1_307' title='bbox 1273 2699 1418 2774; x_wconf 79' lang='lat' dir='ltr'>integrum</span> <span class='ocrx_word' id='word_1_308' title='bbox 1440 2695 1541 2753; x_wconf 91' lang='lat' dir='ltr'>hacret</span> 
     </span>
    </p>
   </div>
   <div class='ocr_carea' id='block_1_4' title="bbox 183 2781 1542 2953">
    <p class='ocr_par' dir='ltr' id='par_1_5' title="bbox 183 2781 1542 2953">
     <span class='ocr_line' id='line_1_27' title="bbox 183 2781 1541 2864; baseline -0.003 -21"><span class='ocrx_word' id='word_1_309' title='bbox 183 2783 411 2862; x_wconf 83' lang='lat' dir='ltr'>Heidelbergac.</span> <span class='ocrx_word' id='word_1_310' title='bbox 456 2785 643 2863; x_wconf 85' lang='lat' dir='ltr'>Hipparchus</span> <span class='ocrx_word' id='word_1_311' title='bbox 664 2789 726 2864; x_wconf 88' lang='lat' dir='ltr'>jam</span> <span class='ocrx_word' id='word_1_312' title='bbox 750 2788 867 2848; x_wconf 86' lang='lat' dir='ltr'>demum</span> <span class='ocrx_word' id='word_1_313' title='bbox 895 2789 997 2863; x_wconf 88' lang='lat' dir='ltr'>incipit</span> <span class='ocrx_word' id='word_1_314' title='bbox 1020 2805 1055 2844; x_wconf 84' lang='lat' dir='ltr'>ex</span> <span class='ocrx_word' id='word_1_315' title='bbox 1079 2801 1158 2848; x_wconf 86' lang='lat' dir='ltr'>novo</span> <span class='ocrx_word' id='word_1_316' title='bbox 1181 2802 1247 2844; x_wconf 88' lang='lat' dir='ltr'>meo</span> <span class='ocrx_word' id='word_1_317' title='bbox 1271 2785 1402 2843; x_wconf 87' lang='lat' dir='ltr'>incubitu</span> <span class='ocrx_word' id='word_1_318' title='bbox 1427 2790 1456 2841; x_wconf 92' lang='lat' dir='ltr'>et</span> <span class='ocrx_word' id='word_1_319' title='bbox 1477 2781 1541 2840; x_wconf 85' lang='lat' dir='ltr'>iotu</span> 
     </span>
     <span class='ocr_line' id='line_1_28' title="bbox 183 2873 1542 2953; baseline -0.002 -23"><span class='ocrx_word' id='word_1_320' title='bbox 183 2890 297 2930; x_wconf 87' lang='lat' dir='ltr'>rursum</span> <span class='ocrx_word' id='word_1_321' title='bbox 321 2874 516 2950; x_wconf 78' lang='lat' dir='ltr'>incalescere3</span> <span class='ocrx_word' id='word_1_322' title='bbox 540 2874 592 2934; x_wconf 91' lang='lat' dir='ltr'>sed</span> <span class='ocrx_word' id='word_1_323' title='bbox 614 2874 776 2937; x_wconf 89' lang='lat' dir='ltr'>lentissime</span> <span class='ocrx_word' id='word_1_324' title='bbox 799 2875 978 2953; x_wconf 83' lang='lat' dir='ltr'>progredior.</span> <span class='ocrx_word' id='word_1_325' title='bbox 1016 2877 1156 2934; x_wconf 84' lang='lat' dir='ltr'>Hernarto</span> <span class='ocrx_word' id='word_1_326' title='bbox 1180 2874 1306 2930; x_wconf 78' lang='lat' dir='ltr'>mrimnti</span> <span class='ocrx_word' id='word_1_327' title='bbox 1324 2873 1485 2942; x_wconf 82' lang='lat' dir='ltr'>iieplernm,</span> <span class='ocrx_word' id='word_1_328' title='bbox 1510 2877 1542 2928; x_wconf 86' lang='lat' dir='ltr'>ut</span> 
     </span>
    </p>
   </div>
   <div class='ocr_carea' id='block_1_5' title="bbox 182 2954 1661 3037">
    <p class='ocr_par' dir='ltr' id='par_1_6' title="bbox 182 2954 1661 3037">
     <span class='ocr_line' id='line_1_29' title="bbox 182 2954 1661 3037; baseline 0.008 -21"><span class='ocrx_word' id='word_1_329' title='bbox 182 2963 236 3019; x_wconf 87' lang='lat' dir='ltr'>iter</span> <span class='ocrx_word' id='word_1_330' title='bbox 262 2963 471 3033; x_wconf 77' lang='lat' dir='ltr'>Heidelbergam</span> <span class='ocrx_word' id='word_1_331' title='bbox 496 2965 671 3036; x_wconf 71' lang='lat' dir='ltr'>ingressurus</span> <span class='ocrx_word' id='word_1_332' title='bbox 701 2981 751 3037; x_wconf 90' lang='lat' dir='ltr'>per</span> <span class='ocrx_word' id='word_1_333' title='bbox 777 2967 952 3022; x_wconf 85' lang='lat' dir='ltr'>Monachinm</span> <span class='ocrx_word' id='word_1_334' title='bbox 986 2967 1100 3036; x_wconf 81' lang='lat' dir='ltr'>iaceret,</span> <span class='ocrx_word' id='word_1_335' title='bbox 1129 2965 1288 3036; x_wconf 87' lang='lat' dir='ltr'>respoudit:</span> <span class='ocrx_word' id='word_1_336' title='bbox 1323 2957 1437 3016; x_wconf 82' lang='lat' dir='ltr'>hiteras</span> <span class='ocrx_word' id='word_1_337' title='bbox 1459 2954 1541 3016; x_wconf 82' lang='lat' dir='ltr'>Tuas</span> <span class='ocrx_word' id='word_1_338' title='bbox 1660 3025 1661 3028; x_wconf 74' lang='grc'>,</span> 
     </span>
    </p>
   </div>
   <div class='ocr_carea' id='block_1_6' title="bbox 172 3043 1543 4796">
    <p class='ocr_par' dir='ltr' id='par_1_7' title="bbox 184 3043 1543 3732">
     <span class='ocr_line' id='line_1_30' title="bbox 186 3043 1540 3127; baseline -0.004 -19"><span class='ocrx_word' id='word_1_339' title='bbox 186 3054 237 3108; x_wconf 82' lang='grc'>13.</span> <span class='ocrx_word' id='word_1_340' title='bbox 253 3048 334 3124; x_wconf 84' lang='lat' dir='ltr'>Sept</span> <span class='ocrx_word' id='word_1_341' title='bbox 350 3051 474 3125; x_wconf 90' lang='lat' dir='ltr'>scriptas</span> <span class='ocrx_word' id='word_1_342' title='bbox 496 3049 570 3127; x_wconf 92' lang='lat' dir='ltr'>proh</span> <span class='ocrx_word' id='word_1_343' title='bbox 593 3049 677 3109; x_wconf 88' lang='lat' dir='ltr'>dolor</span> <span class='ocrx_word' id='word_1_344' title='bbox 692 3057 722 3111; x_wconf 84' lang='lat'>3.</span> <span class='ocrx_word' id='word_1_345' title='bbox 738 3048 803 3114; x_wconf 86' lang='lat' dir='ltr'>Oct.</span> <span class='ocrx_word' id='word_1_346' title='bbox 828 3054 986 3111; x_wconf 87' lang='lat' dir='ltr'>etiamnum</span> <span class='ocrx_word' id='word_1_347' title='bbox 1003 3051 1117 3125; x_wconf 71' lang='lat' dir='ltr'>Progne</span> <span class='ocrx_word' id='word_1_348' title='bbox 1134 3048 1257 3111; x_wconf 87' lang='lat' dir='ltr'>haerens</span> <span class='ocrx_word' id='word_1_349' title='bbox 1273 3047 1382 3122; x_wconf 83' lang='lat' dir='ltr'>accepi.</span> <span class='ocrx_word' id='word_1_350' title='bbox 1422 3043 1540 3104; x_wconf 90' lang='lat' dir='ltr'>Viatico</span> 
     </span>
     <span class='ocr_line' id='line_1_31' title="bbox 184 3135 1540 3216; baseline 0 -24"><span class='ocrx_word' id='word_1_351' title='bbox 184 3135 266 3194; x_wconf 91' lang='lat' dir='ltr'>inhio</span> <span class='ocrx_word' id='word_1_352' title='bbox 295 3137 436 3196; x_wconf 87' lang='lat' dir='ltr'>hactenns</span> <span class='ocrx_word' id='word_1_353' title='bbox 463 3138 584 3212; x_wconf 82' lang='lat' dir='ltr'>frustra,</span> <span class='ocrx_word' id='word_1_354' title='bbox 616 3155 670 3198; x_wconf 90' lang='lat' dir='ltr'>nec</span> <span class='ocrx_word' id='word_1_355' title='bbox 698 3139 761 3198; x_wconf 88' lang='lat' dir='ltr'>sine</span> <span class='ocrx_word' id='word_1_356' title='bbox 792 3155 827 3199; x_wconf 95' lang='grc' dir='ltr'>οο</span> <span class='ocrx_word' id='word_1_357' title='bbox 857 3143 898 3200; x_wconf 90' lang='lat' dir='ltr'>ire</span> <span class='ocrx_word' id='word_1_358' title='bbox 930 3155 1016 3216; x_wconf 87' lang='lat' dir='ltr'>queo.</span> <span class='ocrx_word' id='word_1_359' title='bbox 1062 3139 1214 3199; x_wconf 86' lang='lat' dir='ltr'>Remissos</span> <span class='ocrx_word' id='word_1_360' title='bbox 1244 3136 1363 3214; x_wconf 82' lang='lat' dir='ltr'>quidem</span> <span class='ocrx_word' id='word_1_361' title='bbox 1384 3151 1450 3192; x_wconf 91' lang='lat' dir='ltr'>snm</span> <span class='ocrx_word' id='word_1_362' title='bbox 1474 3147 1540 3192; x_wconf 88' lang='lat' dir='ltr'>cnm</span> 
     </span>
     <span class='ocr_line' id='line_1_32' title="bbox 186 3218 1541 3304; baseline -0.003 -22"><span class='ocrx_word' id='word_1_363' title='bbox 186 3225 324 3282; x_wconf 76' lang='lat' dir='ltr'>nocentis</span> <span class='ocrx_word' id='word_1_364' title='bbox 346 3223 384 3283; x_wconf 89' lang='lat' dir='ltr'>ad</span> <span class='ocrx_word' id='word_1_365' title='bbox 409 3225 595 3302; x_wconf 78' lang='lat' dir='ltr'>Welserum3</span> <span class='ocrx_word' id='word_1_366' title='bbox 618 3233 650 3285; x_wconf 91' lang='lat' dir='ltr'>at</span> <span class='ocrx_word' id='word_1_367' title='bbox 671 3228 726 3284; x_wconf 88' lang='lat' dir='ltr'>nisi</span> <span class='ocrx_word' id='word_1_368' title='bbox 750 3227 799 3287; x_wconf 90' lang='lat' dir='ltr'>ille</span> <span class='ocrx_word' id='word_1_369' title='bbox 821 3231 902 3304; x_wconf 88' lang='lat' dir='ltr'>prius</span> <span class='ocrx_word' id='word_1_370' title='bbox 926 3229 1109 3286; x_wconf 84' lang='lat' dir='ltr'>consensisse</span> <span class='ocrx_word' id='word_1_371' title='bbox 1131 3231 1267 3298; x_wconf 86' lang='lat' dir='ltr'>testetur,</span> <span class='ocrx_word' id='word_1_372' title='bbox 1291 3223 1347 3282; x_wconf 86' lang='lat' dir='ltr'>hac</span> <span class='ocrx_word' id='word_1_373' title='bbox 1369 3237 1421 3297; x_wconf 88' lang='lat' dir='ltr'>spe</span> <span class='ocrx_word' id='word_1_374' title='bbox 1444 3218 1541 3294; x_wconf 85' lang='lat' dir='ltr'>Praga</span> 
     </span>
     <span class='ocr_line' id='line_1_33' title="bbox 185 3311 1540 3388; baseline -0.004 -17"><span class='ocrx_word' id='word_1_375' title='bbox 185 3311 289 3387; x_wconf 90' lang='lat' dir='ltr'>pedem</span> <span class='ocrx_word' id='word_1_376' title='bbox 310 3329 367 3370; x_wconf 87' lang='lat' dir='ltr'>non</span> <span class='ocrx_word' id='word_1_377' title='bbox 391 3329 497 3372; x_wconf 85' lang='lat' dir='ltr'>moseo</span> <span class='ocrx_word' id='word_1_378' title='bbox 521 3319 575 3388; x_wconf 84' lang='lat' dir='ltr'>(etr.</span> <span class='ocrx_word' id='word_1_379' title='bbox 588 3324 638 3374; x_wconf 81' lang='lat' dir='ltr'>rot.</span> <span class='ocrx_word' id='word_1_380' title='bbox 653 3323 698 3371; x_wconf 83' lang='lat'>111.</span> <span class='ocrx_word' id='word_1_381' title='bbox 718 3337 744 3387; x_wconf 89' lang='lat' dir='ltr'>p.</span> <span class='ocrx_word' id='word_1_382' title='bbox 760 3319 820 3388; x_wconf 83' lang='grc'>10).</span> <span class='ocrx_word' id='word_1_383' title='bbox 846 3319 958 3375; x_wconf 87' lang='lat' dir='ltr'>Librum</span> <span class='ocrx_word' id='word_1_384' title='bbox 972 3335 995 3376; x_wconf 87' lang='lat' dir='ltr'>c.</span> <span class='ocrx_word' id='word_1_385' title='bbox 1007 3317 1087 3373; x_wconf 87' lang='lat' dir='ltr'>duem</span> <span class='ocrx_word' id='word_1_386' title='bbox 1107 3317 1171 3372; x_wconf 85' lang='lat' dir='ltr'>anni</span> <span class='ocrx_word' id='word_1_387' title='bbox 1189 3318 1267 3387; x_wconf 91' lang='lat' dir='ltr'>prelo</span> <span class='ocrx_word' id='word_1_388' title='bbox 1280 3315 1433 3384; x_wconf 80' lang='lat' dir='ltr'>srrbjcctunr</span> <span class='ocrx_word' id='word_1_389' title='bbox 1445 3313 1540 3380; x_wconf 85' lang='lat' dir='ltr'>inisse,</span> 
     </span>
     <span class='ocr_line' id='line_1_34' title="bbox 185 3405 1540 3484; baseline 0 -26"><span class='ocrx_word' id='word_1_390' title='bbox 185 3411 299 3484; x_wconf 83' lang='lat' dir='ltr'>apparet</span> <span class='ocrx_word' id='word_1_391' title='bbox 316 3419 350 3459; x_wconf 86' lang='lat' dir='ltr'>ex</span> <span class='ocrx_word' id='word_1_392' title='bbox 370 3405 413 3460; x_wconf 90' lang='lat' dir='ltr'>his</span> <span class='ocrx_word' id='word_1_393' title='bbox 431 3405 563 3461; x_wconf 80' lang='lat' dir='ltr'>Heruarti</span> <span class='ocrx_word' id='word_1_394' title='bbox 581 3408 672 3462; x_wconf 83' lang='lat' dir='ltr'>serbis</span> <span class='ocrx_word' id='word_1_395' title='bbox 690 3411 729 3472; x_wconf 81' lang='lat'>(5.</span> <span class='ocrx_word' id='word_1_396' title='bbox 748 3407 840 3470; x_wconf 75' lang='lat' dir='ltr'>Deci:</span> <span class='ocrx_word' id='word_1_397' title='bbox 864 3407 970 3477; x_wconf 79' lang='lat' dir='ltr'>Wegm</span> <span class='ocrx_word' id='word_1_398' title='bbox 989 3405 1037 3461; x_wconf 89' lang='lat' dir='ltr'>des</span> <span class='ocrx_word' id='word_1_399' title='bbox 1055 3405 1172 3461; x_wconf 86' lang='lat' dir='ltr'>Wcrclrs</span> <span class='ocrx_word' id='word_1_400' title='bbox 1192 3407 1226 3461; x_wconf 89' lang='lat' dir='ltr'>de</span> <span class='ocrx_word' id='word_1_401' title='bbox 1243 3407 1334 3462; x_wconf 87' lang='lat' dir='ltr'>Marte</span> <span class='ocrx_word' id='word_1_402' title='bbox 1352 3405 1405 3459; x_wconf 90' lang='lat' dir='ltr'>hab</span> <span class='ocrx_word' id='word_1_403' title='bbox 1424 3405 1468 3461; x_wconf 89' lang='lat' dir='ltr'>ich</span> <span class='ocrx_word' id='word_1_404' title='bbox 1488 3405 1540 3460; x_wconf 92' lang='lat' dir='ltr'>den</span> 
     </span>
     <span class='ocr_line' id='line_1_35' title="bbox 184 3491 1543 3564; baseline 0 -17"><span class='ocrx_word' id='word_1_405' title='bbox 184 3491 295 3560; x_wconf 82' lang='lat' dir='ltr'>Auisng</span> <span class='ocrx_word' id='word_1_406' title='bbox 311 3493 361 3547; x_wconf 89' lang='lat' dir='ltr'>mit</span> <span class='ocrx_word' id='word_1_407' title='bbox 380 3493 573 3550; x_wconf 88' lang='lat' dir='ltr'>sonderharem</span> <span class='ocrx_word' id='word_1_408' title='bbox 592 3499 721 3550; x_wconf 89' lang='lat' dir='ltr'>contento</span> <span class='ocrx_word' id='word_1_409' title='bbox 740 3494 873 3564; x_wconf 78' lang='lat' dir='ltr'>geschen3</span> <span class='ocrx_word' id='word_1_410' title='bbox 893 3494 942 3549; x_wconf 90' lang='lat' dir='ltr'>der</span> <span class='ocrx_word' id='word_1_411' title='bbox 957 3492 1065 3550; x_wconf 88' lang='lat' dir='ltr'>machte</span> <span class='ocrx_word' id='word_1_412' title='bbox 1083 3493 1135 3548; x_wconf 88' lang='lat' dir='ltr'>mir</span> <span class='ocrx_word' id='word_1_413' title='bbox 1151 3493 1238 3564; x_wconf 81' lang='lat' dir='ltr'>gleich</span> <span class='ocrx_word' id='word_1_414' title='bbox 1259 3493 1302 3547; x_wconf 86' lang='lat' dir='ltr'>ein</span> <span class='ocrx_word' id='word_1_415' title='bbox 1320 3495 1458 3548; x_wconf 83' lang='lat' dir='ltr'>mehreres</span> <span class='ocrx_word' id='word_1_416' title='bbox 1476 3493 1543 3548; x_wconf 79' lang='lat' dir='ltr'>Vor-</span> 
     </span>
     <span class='ocr_line' id='line_1_36' title="bbox 184 3580 1542 3653; baseline 0.001 -17"><span class='ocrx_word' id='word_1_417' title='bbox 184 3580 283 3650; x_wconf 80' lang='lat' dir='ltr'>lsngeu</span> <span class='ocrx_word' id='word_1_418' title='bbox 308 3581 377 3637; x_wconf 90' lang='lat' dir='ltr'>nach</span> <span class='ocrx_word' id='word_1_419' title='bbox 402 3581 464 3636; x_wconf 90' lang='lat' dir='ltr'>dem</span> <span class='ocrx_word' id='word_1_420' title='bbox 482 3582 557 3636; x_wconf 85' lang='lat' dir='ltr'>Rest.</span> <span class='ocrx_word' id='word_1_421' title='bbox 594 3581 681 3637; x_wconf 90' lang='lat' dir='ltr'>Dahei</span> <span class='ocrx_word' id='word_1_422' title='bbox 703 3583 747 3638; x_wconf 92' lang='lat' dir='ltr'>ich</span> <span class='ocrx_word' id='word_1_423' title='bbox 770 3581 857 3652; x_wconf 80' lang='lat' dir='ltr'>gleicb</span> <span class='ocrx_word' id='word_1_424' title='bbox 876 3583 943 3650; x_wconf 75' lang='lat' dir='ltr'>,soll</span> <span class='ocrx_word' id='word_1_425' title='bbox 970 3588 1033 3638; x_wconf 82' lang='lat' dir='ltr'>vast</span> <span class='ocrx_word' id='word_1_426' title='bbox 1059 3597 1162 3653; x_wconf 78' lang='lat' dir='ltr'>ungoru</span> <span class='ocrx_word' id='word_1_427' title='bbox 1188 3597 1347 3651; x_wconf 86' lang='lat' dir='ltr'>vernomen,</span> <span class='ocrx_word' id='word_1_428' title='bbox 1372 3582 1421 3638; x_wconf 88' lang='lat' dir='ltr'>das</span> <span class='ocrx_word' id='word_1_429' title='bbox 1440 3581 1479 3638; x_wconf 80' lang='lat' dir='ltr'>Er</span> <span class='ocrx_word' id='word_1_430' title='bbox 1502 3583 1542 3638; x_wconf 92' lang='lat' dir='ltr'>nit</span> 
     </span>
     <span class='ocr_line' id='line_1_37' title="bbox 185 3663 1449 3732; baseline 0.006 -8"><span class='ocrx_word' id='word_1_431' title='bbox 185 3669 273 3724; x_wconf 70' lang='lat' dir='ltr'>werde</span> <span class='ocrx_word' id='word_1_432' title='bbox 293 3671 341 3724; x_wconf 89' lang='lat' dir='ltr'>der</span> <span class='ocrx_word' id='word_1_433' title='bbox 358 3671 420 3724; x_wconf 84' lang='lat' dir='ltr'>Zeit</span> <span class='ocrx_word' id='word_1_434' title='bbox 437 3687 472 3726; x_wconf 88' lang='lat' dir='ltr'>an</span> <span class='ocrx_word' id='word_1_435' title='bbox 490 3663 695 3730; x_wconf 66' lang='lat' dir='ltr'>mir&#39;lrommen.</span> <span class='ocrx_word' id='word_1_436' title='bbox 1446 3725 1449 3732; x_wconf 66' lang='lat'>.</span> 
     </span>
    </p>

    <p class='ocr_par' dir='ltr' id='par_1_8' title="bbox 172 3759 1542 4796">
     <span class='ocr_line' id='line_1_38' title="bbox 290 3759 1541 3831; baseline 0.002 -19"><span class='ocrx_word' id='word_1_437' title='bbox 290 3759 405 3827; x_wconf 83' lang='lat' dir='ltr'>Saepius</span> <span class='ocrx_word' id='word_1_438' title='bbox 422 3759 475 3812; x_wconf 91' lang='lat' dir='ltr'>hoe</span> <span class='ocrx_word' id='word_1_439' title='bbox 492 3765 616 3828; x_wconf 89' lang='lat' dir='ltr'>tempore</span> <span class='ocrx_word' id='word_1_440' title='bbox 636 3761 763 3827; x_wconf 81' lang='lat' dir='ltr'>,tnrbas“</span> <span class='ocrx_word' id='word_1_441' title='bbox 785 3759 813 3815; x_wconf 92' lang='lat' dir='ltr'>ln</span> <span class='ocrx_word' id='word_1_442' title='bbox 837 3759 900 3816; x_wconf 83' lang='lat' dir='ltr'>arria</span> <span class='ocrx_word' id='word_1_443' title='bbox 917 3759 1049 3830; x_wconf 79' lang='lat' dir='ltr'>Ptagensl</span> <span class='ocrx_word' id='word_1_444' title='bbox 1069 3759 1205 3830; x_wconf 86' lang='lat' dir='ltr'>Keplerns</span> <span class='ocrx_word' id='word_1_445' title='bbox 1224 3759 1290 3816; x_wconf 87' lang='lat' dir='ltr'>dicit</span> <span class='ocrx_word' id='word_1_446' title='bbox 1314 3761 1340 3814; x_wconf 88' lang='lat' dir='ltr'>in</span> <span class='ocrx_word' id='word_1_447' title='bbox 1364 3760 1488 3831; x_wconf 87' lang='lat' dir='ltr'>epistolis</span> <span class='ocrx_word' id='word_1_448' title='bbox 1507 3760 1541 3816; x_wconf 88' lang='lat' dir='ltr'>nd</span> 
     </span>
     <span class='ocr_line' id='line_1_39' title="bbox 184 3845 1541 3918; baseline 0.002 -18"><span class='ocrx_word' id='word_1_449' title='bbox 184 3845 285 3901; x_wconf 84' lang='lat' dir='ltr'>amicos</span> <span class='ocrx_word' id='word_1_450' title='bbox 308 3845 388 3901; x_wconf 83' lang='lat' dir='ltr'>datis.</span> <span class='ocrx_word' id='word_1_451' title='bbox 426 3847 486 3901; x_wconf 87' lang='lat' dir='ltr'>Hae</span> <span class='ocrx_word' id='word_1_452' title='bbox 512 3847 640 3914; x_wconf 68' lang='lat' dir='ltr'>„turbae”</span> <span class='ocrx_word' id='word_1_453' title='bbox 667 3863 698 3904; x_wconf 90' lang='lat' dir='ltr'>re</span> <span class='ocrx_word' id='word_1_454' title='bbox 715 3865 779 3904; x_wconf 86' lang='lat' dir='ltr'>vera</span> <span class='ocrx_word' id='word_1_455' title='bbox 797 3847 872 3904; x_wconf 89' lang='lat' dir='ltr'>haud</span> <span class='ocrx_word' id='word_1_456' title='bbox 891 3849 1006 3918; x_wconf 79' lang='lat' dir='ltr'>exiguae</span> <span class='ocrx_word' id='word_1_457' title='bbox 1023 3847 1111 3905; x_wconf 82' lang='lat' dir='ltr'>fuere.</span> <span class='ocrx_word' id='word_1_458' title='bbox 1146 3848 1269 3916; x_wconf 79' lang='lat' dir='ltr'>Hungari</span> <span class='ocrx_word' id='word_1_459' title='bbox 1294 3857 1322 3904; x_wconf 89' lang='lat' dir='ltr'>et</span> <span class='ocrx_word' id='word_1_460' title='bbox 1340 3849 1462 3906; x_wconf 83' lang='lat' dir='ltr'>hiorasia</span> <span class='ocrx_word' id='word_1_461' title='bbox 1487 3849 1541 3906; x_wconf 85' lang='lat' dir='ltr'>fine</span> 
     </span>
     <span class='ocr_line' id='line_1_40' title="bbox 172 3933 1541 4007; baseline 0.003 -21"><span class='ocrx_word' id='word_1_462' title='bbox 172 3934 251 3987; x_wconf 81' lang='lat' dir='ltr'>&#39;anni</span> <span class='ocrx_word' id='word_1_463' title='bbox 273 3937 340 3989; x_wconf 75' lang='grc'>1107</span> <span class='ocrx_word' id='word_1_464' title='bbox 358 3950 375 3988; x_wconf 91' lang='lat' dir='ltr'>a</span> <span class='ocrx_word' id='word_1_465' title='bbox 393 3933 540 4006; x_wconf 77' lang='lat' dir='ltr'>liudolpho</span> <span class='ocrx_word' id='word_1_466' title='bbox 559 3933 593 3987; x_wconf 89' lang='lat' dir='ltr'>ad</span> <span class='ocrx_word' id='word_1_467' title='bbox 612 3933 724 3987; x_wconf 78' lang='lat' dir='ltr'>tratrem</span> <span class='ocrx_word' id='word_1_468' title='bbox 741 3935 888 3989; x_wconf 88' lang='lat' dir='ltr'>Matthiarn</span> <span class='ocrx_word' id='word_1_469' title='bbox 907 3935 1101 3990; x_wconf 88' lang='lat' dir='ltr'>discessionem</span> <span class='ocrx_word' id='word_1_470' title='bbox 1119 3935 1253 4001; x_wconf 86' lang='lat' dir='ltr'>iecerunt,</span> <span class='ocrx_word' id='word_1_471' title='bbox 1273 3944 1385 4001; x_wconf 81' lang='lat' dir='ltr'>,secuta</span> <span class='ocrx_word' id='word_1_472' title='bbox 1403 3935 1541 4007; x_wconf 81' lang='lat' dir='ltr'>expeditio</span> 
     </span>
     <span class='ocr_line' id='line_1_41' title="bbox 185 4019 1541 4094; baseline 0.004 -22"><span class='ocrx_word' id='word_1_473' title='bbox 185 4019 212 4074; x_wconf 89' lang='lat' dir='ltr'>in</span> <span class='ocrx_word' id='word_1_474' title='bbox 230 4021 389 4074; x_wconf 84' lang='lat' dir='ltr'>Bohrmiam</span> <span class='ocrx_word' id='word_1_475' title='bbox 408 4037 479 4076; x_wconf 89' lang='lat' dir='ltr'>anno</span> <span class='ocrx_word' id='word_1_476' title='bbox 499 4023 576 4089; x_wconf 80' lang='lat' dir='ltr'>tone,</span> <span class='ocrx_word' id='word_1_477' title='bbox 596 4022 771 4092; x_wconf 88' lang='lat' dir='ltr'>Rndolpbns,</span> <span class='ocrx_word' id='word_1_478' title='bbox 797 4021 899 4077; x_wconf 90' lang='lat' dir='ltr'>bellum</span> <span class='ocrx_word' id='word_1_479' title='bbox 918 4022 1067 4076; x_wconf 82' lang='lat' dir='ltr'>fraternum</span> <span class='ocrx_word' id='word_1_480' title='bbox 1086 4023 1273 4094; x_wconf 80' lang='lat' dir='ltr'>abominatae,</span> <span class='ocrx_word' id='word_1_481' title='bbox 1298 4027 1383 4079; x_wconf 84' lang='lat' dir='ltr'>amice</span> <span class='ocrx_word' id='word_1_482' title='bbox 1401 4023 1541 4094; x_wconf 77' lang='lat' dir='ltr'>transegit,</span> 
     </span>
     <span class='ocr_line' id='line_1_42' title="bbox 185 4107 1541 4181; baseline 0.004 -20"><span class='ocrx_word' id='word_1_483' title='bbox 185 4107 321 4174; x_wconf 79' lang='lat' dir='ltr'>Ungariao</span> <span class='ocrx_word' id='word_1_484' title='bbox 346 4107 484 4175; x_wconf 86' lang='lat' dir='ltr'>diadema,</span> <span class='ocrx_word' id='word_1_485' title='bbox 510 4109 660 4162; x_wconf 84' lang='lat' dir='ltr'>Morariam</span> <span class='ocrx_word' id='word_1_486' title='bbox 685 4114 712 4164; x_wconf 88' lang='lat' dir='ltr'>et</span> <span class='ocrx_word' id='word_1_487' title='bbox 737 4109 877 4163; x_wconf 70' lang='lat' dir='ltr'>niustriam</span> <span class='ocrx_word' id='word_1_488' title='bbox 900 4109 1034 4164; x_wconf 84' lang='lat' dir='ltr'>Matthiae</span> <span class='ocrx_word' id='word_1_489' title='bbox 1058 4111 1142 4165; x_wconf 88' lang='lat' dir='ltr'>cessit</span> <span class='ocrx_word' id='word_1_490' title='bbox 1166 4111 1222 4180; x_wconf 76' lang='lat'>(⁶29.</span> <span class='ocrx_word' id='word_1_491' title='bbox 1246 4111 1336 4181; x_wconf 78' lang='lat' dir='ltr'>iunii)</span> <span class='ocrx_word' id='word_1_492' title='bbox 1363 4119 1391 4167; x_wconf 87' lang='lat' dir='ltr'>et</span> <span class='ocrx_word' id='word_1_493' title='bbox 1414 4111 1541 4167; x_wconf 87' lang='lat' dir='ltr'>Bohemis</span> 
     </span>
     <span class='ocr_line' id='line_1_43' title="bbox 186 4195 1542 4268; baseline 0 -16"><span class='ocrx_word' id='word_1_494' title='bbox 186 4203 280 4252; x_wconf 85' lang='lat' dir='ltr'>auctor</span> <span class='ocrx_word' id='word_1_495' title='bbox 297 4195 358 4266; x_wconf 80' lang='lat' dir='ltr'>init,</span> <span class='ocrx_word' id='word_1_496' title='bbox 378 4204 409 4252; x_wconf 92' lang='lat' dir='ltr'>nt</span> <span class='ocrx_word' id='word_1_497' title='bbox 426 4197 542 4254; x_wconf 89' lang='lat' dir='ltr'>eundem</span> <span class='ocrx_word' id='word_1_498' title='bbox 560 4213 746 4254; x_wconf 87' lang='lat' dir='ltr'>successorem</span> <span class='ocrx_word' id='word_1_499' title='bbox 764 4197 825 4264; x_wconf 92' lang='lat' dir='ltr'>sibi,</span> <span class='ocrx_word' id='word_1_500' title='bbox 844 4197 867 4251; x_wconf 89' lang='lat' dir='ltr'>si</span> <span class='ocrx_word' id='word_1_501' title='bbox 885 4203 1043 4264; x_wconf 85' lang='lat' dir='ltr'>moreretur,</span> <span class='ocrx_word' id='word_1_502' title='bbox 1063 4197 1260 4254; x_wconf 76' lang='lat' dir='ltr'>declarareut“.</span> <span class='ocrx_word' id='word_1_503' title='bbox 1296 4198 1402 4254; x_wconf 84' lang='lat' dir='ltr'>Eodem</span> <span class='ocrx_word' id='word_1_504' title='bbox 1419 4205 1542 4268; x_wconf 87' lang='lat' dir='ltr'>tempore</span> 
     </span>
     <span class='ocr_line' id='line_1_44' title="bbox 186 4283 1541 4356; baseline -0.001 -16"><span class='ocrx_word' id='word_1_505' title='bbox 186 4285 223 4350; x_wconf 82' lang='lat' dir='ltr'>(i.</span> <span class='ocrx_word' id='word_1_506' title='bbox 242 4283 323 4354; x_wconf 82' lang='lat' dir='ltr'>Maji)</span> <span class='ocrx_word' id='word_1_507' title='bbox 341 4283 479 4354; x_wconf 85' lang='lat' dir='ltr'>principes</span> <span class='ocrx_word' id='word_1_508' title='bbox 497 4285 658 4340; x_wconf 80' lang='lat' dir='ltr'>Germaniae</span> <span class='ocrx_word' id='word_1_509' title='bbox 671 4284 785 4340; x_wconf 88' lang='lat' dir='ltr'>Lutheri</span> <span class='ocrx_word' id='word_1_510' title='bbox 802 4285 866 4339; x_wconf 84' lang='lat' dir='ltr'>fidei</span> <span class='ocrx_word' id='word_1_511' title='bbox 879 4285 981 4340; x_wconf 88' lang='lat' dir='ltr'>addicti</span> <span class='ocrx_word' id='word_1_512' title='bbox 994 4285 1090 4342; x_wconf 80' lang='lat' dir='ltr'>foedus</span> <span class='ocrx_word' id='word_1_513' title='bbox 1103 4287 1236 4356; x_wconf 85' lang='lat' dir='ltr'>iecerunt,</span> <span class='ocrx_word' id='word_1_514' title='bbox 1257 4287 1427 4354; x_wconf 77' lang='lat' dir='ltr'>„unionem“,</span> <span class='ocrx_word' id='word_1_515' title='bbox 1447 4294 1541 4343; x_wconf 88' lang='lat' dir='ltr'>contra</span> 
     </span>
     <span class='ocr_line' id='line_1_45' title="bbox 186 4371 1540 4444; baseline 0.001 -18"><span class='ocrx_word' id='word_1_516' title='bbox 186 4371 358 4440; x_wconf 83' lang='lat' dir='ltr'>Catholicos,</span> <span class='ocrx_word' id='word_1_517' title='bbox 384 4373 482 4442; x_wconf 85' lang='lat' dir='ltr'>qrribns</span> <span class='ocrx_word' id='word_1_518' title='bbox 501 4373 531 4427; x_wconf 88' lang='lat' dir='ltr'>hl</span> <span class='ocrx_word' id='word_1_519' title='bbox 549 4377 606 4442; x_wconf 83' lang='grc'>(10.</span> <span class='ocrx_word' id='word_1_520' title='bbox 625 4373 693 4442; x_wconf 71' lang='lat' dir='ltr'>Mtaji</span> <span class='ocrx_word' id='word_1_521' title='bbox 714 4375 795 4442; x_wconf 81' lang='grc'>1609)</span> <span class='ocrx_word' id='word_1_522' title='bbox 821 4381 1010 4443; x_wconf 87' lang='lat' dir='ltr'>opposuerunt</span> <span class='ocrx_word' id='word_1_523' title='bbox 1033 4373 1143 4444; x_wconf 79' lang='lat' dir='ltr'>foedus,</span> <span class='ocrx_word' id='word_1_524' title='bbox 1168 4375 1241 4444; x_wconf 86' lang='lat' dir='ltr'>qnod</span> <span class='ocrx_word' id='word_1_525' title='bbox 1265 4372 1395 4428; x_wconf 89' lang='lat' dir='ltr'>dixerunt</span> <span class='ocrx_word' id='word_1_526' title='bbox 1416 4371 1540 4440; x_wconf 57' lang='lat' dir='ltr'>,tigano</span> 
     </span>
     <span class='ocr_line' id='line_1_46' title="bbox 186 4459 1541 4532; baseline -0.001 -16"><span class='ocrx_word' id='word_1_527' title='bbox 186 4461 238 4530; x_wconf 77' lang='lat' dir='ltr'>Qui</span> <span class='ocrx_word' id='word_1_528' title='bbox 256 4462 284 4516; x_wconf 92' lang='lat' dir='ltr'>in</span> <span class='ocrx_word' id='word_1_529' title='bbox 303 4461 435 4516; x_wconf 88' lang='lat' dir='ltr'>Bohenria</span> <span class='ocrx_word' id='word_1_530' title='bbox 453 4461 568 4517; x_wconf 77' lang='lat' dir='ltr'>hother-l</span> <span class='ocrx_word' id='word_1_531' title='bbox 590 4461 672 4517; x_wconf 85' lang='lat' dir='ltr'>fidem</span> <span class='ocrx_word' id='word_1_532' title='bbox 695 4461 942 4532; x_wconf 87' lang='lat' dir='ltr'>amplectebantur,</span> <span class='ocrx_word' id='word_1_533' title='bbox 969 4467 1035 4531; x_wconf 91' lang='lat' dir='ltr'>post</span> <span class='ocrx_word' id='word_1_534' title='bbox 1052 4463 1151 4518; x_wconf 91' lang='lat' dir='ltr'>multos</span> <span class='ocrx_word' id='word_1_535' title='bbox 1174 4459 1306 4517; x_wconf 89' lang='lat' dir='ltr'>tumultus</span> <span class='ocrx_word' id='word_1_536' title='bbox 1325 4459 1359 4516; x_wconf 92' lang='lat' dir='ltr'>ab</span> <span class='ocrx_word' id='word_1_537' title='bbox 1377 4463 1541 4530; x_wconf 87' lang='lat' dir='ltr'>imperatore</span> 
     </span>
     <span class='ocr_line' id='line_1_47' title="bbox 186 4547 1541 4622; baseline 0.004 -20"><span class='ocrx_word' id='word_1_538' title='bbox 186 4557 385 4619; x_wconf 82' lang='lat' dir='ltr'>extorquernut</span> <span class='ocrx_word' id='word_1_539' title='bbox 408 4549 545 4606; x_wconf 87' lang='lat' dir='ltr'>licentiam</span> <span class='ocrx_word' id='word_1_540' title='bbox 572 4550 650 4606; x_wconf 89' lang='lat' dir='ltr'>liberi</span> <span class='ocrx_word' id='word_1_541' title='bbox 675 4567 741 4608; x_wconf 91' lang='lat' dir='ltr'>usus</span> <span class='ocrx_word' id='word_1_542' title='bbox 765 4565 904 4610; x_wconf 83' lang='lat' dir='ltr'>sacrorum</span> <span class='ocrx_word' id='word_1_543' title='bbox 919 4551 995 4620; x_wconf 66' lang='lat' dir='ltr'>(Lex</span> <span class='ocrx_word' id='word_1_544' title='bbox 1015 4551 1178 4622; x_wconf 71' lang='lat' dir='ltr'>Maiestatis,</span> <span class='ocrx_word' id='word_1_545' title='bbox 1198 4551 1241 4605; x_wconf 83' lang='lat'>11.</span> <span class='ocrx_word' id='word_1_546' title='bbox 1259 4547 1315 4604; x_wconf 78' lang='lat' dir='ltr'>inl.</span> <span class='ocrx_word' id='word_1_547' title='bbox 1334 4549 1427 4614; x_wconf 77' lang='grc'>1109).</span> <span class='ocrx_word' id='word_1_548' title='bbox 1463 4549 1541 4608; x_wconf 86' lang='lat' dir='ltr'>Hunc</span> 
     </span>
     <span class='ocr_line' id='line_1_48' title="bbox 187 4637 1540 4710; baseline -0.001 -17"><span class='ocrx_word' id='word_1_549' title='bbox 187 4647 315 4708; x_wconf 84' lang='lat' dir='ltr'>spectans</span> <span class='ocrx_word' id='word_1_550' title='bbox 334 4637 423 4708; x_wconf 81' lang='lat' dir='ltr'>legem</span> <span class='ocrx_word' id='word_1_551' title='bbox 443 4639 553 4708; x_wconf 89' lang='lat' dir='ltr'>scripsit</span> <span class='ocrx_word' id='word_1_552' title='bbox 570 4638 707 4710; x_wconf 82' lang='lat' dir='ltr'>lieplerus</span> <span class='ocrx_word' id='word_1_553' title='bbox 726 4639 752 4695; x_wconf 90' lang='lat' dir='ltr'>d.</span> <span class='ocrx_word' id='word_1_554' title='bbox 772 4641 811 4694; x_wconf 89' lang='grc'>18.</span> <span class='ocrx_word' id='word_1_555' title='bbox 831 4639 897 4695; x_wconf 91' lang='lat' dir='ltr'>Julii</span> <span class='ocrx_word' id='word_1_556' title='bbox 919 4643 985 4697; x_wconf 84' lang='grc'>1609</span> <span class='ocrx_word' id='word_1_557' title='bbox 1004 4641 1170 4708; x_wconf 84' lang='lat' dir='ltr'>Tubingam:</span> <span class='ocrx_word' id='word_1_558' title='bbox 1191 4637 1327 4704; x_wconf 86' lang='lat' dir='ltr'>,Vicimus</span> <span class='ocrx_word' id='word_1_559' title='bbox 1343 4651 1393 4706; x_wconf 90' lang='lat' dir='ltr'>per</span> <span class='ocrx_word' id='word_1_560' title='bbox 1411 4638 1461 4691; x_wconf 88' lang='lat' dir='ltr'>Dei</span> <span class='ocrx_word' id='word_1_561' title='bbox 1480 4655 1540 4708; x_wconf 80' lang='lat' dir='ltr'>gra·</span> 
     </span>
     <span class='ocr_line' id='line_1_49' title="bbox 186 4723 1311 4796; baseline -0.003 -17"><span class='ocrx_word' id='word_1_562' title='bbox 186 4727 259 4780; x_wconf 87' lang='lat' dir='ltr'>tiam.</span> <span class='ocrx_word' id='word_1_563' title='bbox 294 4723 440 4782; x_wconf 84' lang='lat' dir='ltr'>Habentur</span> <span class='ocrx_word' id='word_1_564' title='bbox 456 4725 583 4796; x_wconf 90' lang='lat' dir='ltr'>publicae</span> <span class='ocrx_word' id='word_1_565' title='bbox 602 4729 747 4784; x_wconf 84' lang='lat' dir='ltr'>conciones</span> <span class='ocrx_word' id='word_1_566' title='bbox 766 4727 935 4795; x_wconf 78' lang='lat' dir='ltr'>germanicae</span> <span class='ocrx_word' id='word_1_567' title='bbox 955 4729 982 4783; x_wconf 91' lang='lat' dir='ltr'>in</span> <span class='ocrx_word' id='word_1_568' title='bbox 1000 4727 1109 4794; x_wconf 87' lang='lat' dir='ltr'>templis</span> <span class='ocrx_word' id='word_1_569' title='bbox 1128 4732 1156 4781; x_wconf 90' lang='lat' dir='ltr'>et</span> <span class='ocrx_word' id='word_1_570' title='bbox 1173 4724 1311 4780; x_wconf 82' lang='lat' dir='ltr'>aedibus.“</span> 
     </span>
    </p>
   </div>
   <div class='ocr_carea' id='block_1_7' title="bbox 286 4811 1659 4888">
    <p class='ocr_par' dir='ltr' id='par_1_9' title="bbox 286 4811 1659 4888">
     <span class='ocr_line' id='line_1_50' title="bbox 286 4811 1659 4888; baseline 0.001 -18"><span class='ocrx_word' id='word_1_571' title='bbox 286 4815 320 4871; x_wconf 88' lang='lat' dir='ltr'>ln</span> <span class='ocrx_word' id='word_1_572' title='bbox 339 4815 464 4888; x_wconf 89' lang='lat' dir='ltr'>epistolis</span> <span class='ocrx_word' id='word_1_573' title='bbox 481 4817 535 4872; x_wconf 90' lang='lat' dir='ltr'>hoc</span> <span class='ocrx_word' id='word_1_574' title='bbox 553 4832 624 4872; x_wconf 90' lang='lat' dir='ltr'>anno</span> <span class='ocrx_word' id='word_1_575' title='bbox 644 4816 715 4872; x_wconf 88' lang='lat' dir='ltr'>datis</span> <span class='ocrx_word' id='word_1_576' title='bbox 728 4817 903 4886; x_wconf 86' lang='lat' dir='ltr'>acceptisque</span> <span class='ocrx_word' id='word_1_577' title='bbox 915 4817 985 4872; x_wconf 88' lang='lat' dir='ltr'>haee</span> <span class='ocrx_word' id='word_1_578' title='bbox 996 4821 1092 4874; x_wconf 86' lang='lat' dir='ltr'>notatu</span> <span class='ocrx_word' id='word_1_579' title='bbox 1104 4813 1226 4883; x_wconf 75' lang='lat' dir='ltr'>dignima</span> <span class='ocrx_word' id='word_1_580' title='bbox 1238 4815 1393 4868; x_wconf 81' lang='lat' dir='ltr'>occnmnnt.</span> <span class='ocrx_word' id='word_1_581' title='bbox 1417 4811 1540 4871; x_wconf 78' lang='lat' dir='ltr'>ioannes</span> <span class='ocrx_word' id='word_1_582' title='bbox 1654 4875 1659 4884; x_wconf 55' lang='grc'><strong>,</strong></span> 
     </span>
    </p>
   </div>
   <div class='ocr_carea' id='block_1_8' title="bbox 187 4898 1541 4977">
    <p class='ocr_par' dir='ltr' id='par_1_10' title="bbox 187 4898 1541 4977">
     <span class='ocr_line' id='line_1_51' title="bbox 187 4898 1541 4977; baseline -0.001 -15"><span class='ocrx_word' id='word_1_583' title='bbox 187 4903 376 4972; x_wconf 83' lang='lat' dir='ltr'>hitllerns,</span> <span class='ocrx_word' id='word_1_584' title='bbox 401 4917 481 4974; x_wconf 80' lang='lat' dir='ltr'>quam</span> <span class='ocrx_word' id='word_1_585' title='bbox 503 4919 587 4975; x_wconf 89' lang='lat' dir='ltr'>supra</span> <span class='ocrx_word' id='word_1_586' title='bbox 604 4903 641 4974; x_wconf 74' lang='lat' dir='ltr'>ip.</span> <span class='ocrx_word' id='word_1_587' title='bbox 660 4903 722 4974; x_wconf 79' lang='grc'>740)</span> <span class='ocrx_word' id='word_1_588' title='bbox 747 4905 880 4973; x_wconf 76' lang='lat' dir='ltr'>inmas,</span> <span class='ocrx_word' id='word_1_589' title='bbox 902 4903 980 4962; x_wconf 88' lang='lat' dir='ltr'>initio</span> <span class='ocrx_word' id='word_1_590' title='bbox 1002 4902 1068 4960; x_wconf 87' lang='lat' dir='ltr'>anni</span> <span class='ocrx_word' id='word_1_591' title='bbox 1090 4901 1187 4972; x_wconf 82' lang='lat' dir='ltr'>relect,</span> <span class='ocrx_word' id='word_1_592' title='bbox 1213 4898 1354 4972; x_wconf 86' lang='lat' dir='ltr'>accepisse</span> <span class='ocrx_word' id='word_1_593' title='bbox 1378 4917 1409 4960; x_wconf 88' lang='lat' dir='ltr'>ae</span> <span class='ocrx_word' id='word_1_594' title='bbox 1426 4901 1541 4977; x_wconf 86' lang='lat' dir='ltr'>Kepleri</span> 
     </span>
    </p>
   </div>
   <div class='ocr_carea' id='block_1_9' title="bbox 0 0 1841 5544">
    <p class='ocr_par' dir='ltr' id='par_1_11' title="bbox 0 0 1841 5544">
     <span class='ocr_line' id='line_1_52' title="bbox 0 0 1841 5544; baseline 0 0"><span class='ocrx_word' id='word_1_595' title='bbox 0 0 1841 5544; x_wconf 95' lang='lat' dir='ltr'> </span> 
     </span>
    </p>
   </div>
  </div>
 </body>
</html>
