3516 5540
314 394 378 481 '592
623 407 1365 478 smmumnrameueoaomrssauoxvr.

314 584 452 657 Martium,
470 585 598 658 Aprilem,
616 586 721 657 idaiam
739 593 767 644 et
784 589 908 659 Jonium,
929 599 1040 651 secutus
1057 581 1207 652 Romanam
1226 593 1362 666 quandam
1376 593 1521 662 rationem,
1538 593 1656 663 conjecit.

315 675 344 742 3)
364 676 386 730 Α
406 677 493 746 prima
509 671 670 745 Olympiade
693 677 826 748 usquein
845 679 960 747 primum
979 681 1049 738 diem
1069 683 1198 752 Quintilis
1216 683 1295 754 primi
1316 681 1382 738 anni
1400 681 1503 738 iuliani
1526 681 1657 736 dimidium

315 765 379 822 anni
396 785 441 818 roo
458 781 563 817 sorraco
582 763 778 833 Aegyptiorum
801 773 941 834 peractum
959 767 1024 841 fuit,
1048 771 1094 843 qui
1112 772 1233 834 continet
1254 787 1342 827 annos
1359 769 1508 842 Aegyptios
1523 769 1597 836 titt,
1614 767 1658 822 Ju-

221 867 223 878 ·
312 853 401 908 hunos
423 857 528 907 tantum
546 849 624 908 1160.
661 853 705 906 Ex
729 851 773 908 his
797 855 971 925 perspicuum
995 864 1050 928 est,
1075 859 1148 929 quod
1169 857 1330 932 principium
1354 845 1457 914 Julisni
1482 858 1545 914 anui
1567 871 1659 927 magna

314 937 425 996 solertia
447 939 546 1009 partim
564 939 598 994 ad
618 937 765 1013 Graecum,
789 943 888 1012 partim
911 943 946 1000 ad
962 944 1127 1018 Aegyptium
1144 962 1246 1004 anuum
1263 946 1345 1002 luerit
1363 945 1594 1005 accommodatum
1610 951 1657 1001 etc.

416 1027 645 1098 Praeceptum
663 1028 696 1084 de
713 1031 907 1101 copacsccudis
923 1033 1003 1101 feriis
1019 1032 1197 1090 hebdomadis
1219 1034 1258 1090 sic
1277 1035 1434 1091 exorditur:
1461 1035 1527 1091 ideo
1545 1033 1617 1089 Deus
1634 1037 1660 1088 et

312 1113 435 1170 condidit
452 1129 537 1184 genus
556 1116 703 1170 humanum
721 1123 749 1171 et
767 1115 897 1174 infinitam
916 1135 992 1176 suam
1011 1121 1179 1190 sapientiam,
1194 1121 1340 1191 justitiam,
1359 1123 1511 1178 bonitatem
1523 1129 1552 1176 et
1563 1119 1659 1176 miseri-

312 1201 433 1258 cordiam
449 1201 599 1274 pateieeit,
626 1212 658 1258 ut
679 1211 843 1272 agnoscatur
867 1212 894 1260 et
918 1205 1069 1264 celebretur
1087 1225 1104 1263 a
1122 1223 1222 1279 gauere
1243 1208 1363 1265 humano
1384 1210 1412 1264 iu
1437 1209 1491 1265 hac
1513 1209 1570 1264 rita
1594 1209 1659 1263 etin

314 1291 385 1346 omni
404 1291 578 1348 aeternitate.
608 1289 782 1362 Quapropter
797 1291 913 1348 ecclesia
926 1293 977 1348 Dei
995 1296 1030 1349 ab
1047 1293 1124 1351 initio
1143 1296 1237 1350 mundi
1253 1311 1341 1367 usque
1359 1297 1387 1352 in
1404 1298 1480 1354 huno
1492 1297 1565 1354 diem
1577 1305 1660 1350 senat

213 1409 217 1428 ι
312 1379 416 1437 dierum
436 1379 631 1449 hebdomadas,
649 1379 788 1436 institutus
807 1395 823 1433 a
841 1379 934 1448 primic
952 1380 1085 1452 patribus,
1103 1387 1134 1437 ut
1145 1384 1275 1439 memoria
1286 1385 1431 1440 creationis
1449 1399 1539 1440 rerum
1553 1391 1579 1436 et
1592 1391 1659 1454 pate·

313 1468 441 1524 iectionis
459 1467 511 1523 Dei
529 1465 564 1522 ad
583 1481 689 1522 omnem
707 1469 896 1536 posteritatem
921 1475 1124 1537 propagaretur.
1160 1471 1230 1526 Nam
1251 1473 1331 1542 primi
1348 1479 1441 1544 patrea
1460 1473 1494 1529 nd
1513 1472 1660 1540 exemplum

312 1556 457 1614 creationis
482 1553 540 1610 dies
559 1553 575 1610 6
594 1553 765 1610 destinarunt
786 1556 876 1624 operis
898 1558 1007 1613 rusticis
1031 1565 1059 1614 et
1081 1561 1273 1626 oeconomicis‚
1301 1559 1447 1630 septimum
1471 1575 1569 1616 vacare
1595 1558 1660 1612 omni

313 1659 397 1716 opere
415 1643 559 1700 voluerunt
576 1649 718 1711 totumque
736 1643 796 1698 Deo
815 1652 843 1700 et
861 1645 958 1702 divinia
977 1646 1058 1702 rebus
1077 1663 1183 1704 sacrum
1210 1663 1271 1705 esse
1273 1687 1367 1706 .....
1404 1648 1469 1704 ideo
1489 1654 1517 1702 et
1536 1647 1661 1716 septimus

313 1731 370 1787 dies
389 1731 495 1801 accepit
513 1729 618 1786 sabbati
636 1744 734 1786 nomeu
754 1745 770 1784 a
787 1730 890 1802 quiete,
914 1738 945 1786 ut
967 1733 1172 1804 admoneamur,
1195 1735 1299 1790 relictis
1324 1735 1385 1791 eliis
1408 1737 1490 1795 rebus
1516 1741 1545 1789 et
1563 1730 1661 1800 studiis,

313 1833 383 1890 quae
401 1826 464 1875 sunt
482 1818 635 1888 praesentis
653 1818 738 1889 ritae,
762 1825 837 1875 certa
860 1825 984 1889 tempora
1006 1823 1088 1878 etiam
1105 1823 1158 1892 piis
1182 1823 1402 1880 meditationibus
1426 1829 1455 1879 et
1471 1822 1615 1892 colloquiis
1633 1819 1663 1874 de

314 1907 374 1963 Deo
394 1922 426 1964 ac
444 1905 478 1961 dc
496 1905 589 1961 lutura
606 1907 662 1960 rita
679 1903 823 1962 tribuenda
839 1921 917 1975 esse,
943 1913 970 1962 et
994 1909 1090 1980 reliqui
1108 1910 1125 1966 6
1144 1910 1202 1966 dies
1220 1909 1255 1966 ad
1273 1910 1417 1968 sabbatum
1435 1911 1510 1966 reiut
1528 1917 1610 1980 caput
1626 1921 1662 1962 re·

313 1995 446 2064 teruntur,
464 1999 595 2050 vocentur
613 1995 684 2049 enim
702 1993 790 2065 prima
802 1993 917 2064 sabbati,
937 1997 1064 2067 secunda,
1082 1997 1163 2054 tertia
1181 2004 1242 2068 eto,
1261 2005 1292 2054 ut
1309 2000 1425 2069 septimo
1437 1999 1498 2055 loco
1518 1997 1663 2061 sabbatum,

313 2084 389 2140 reiut
408 2083 625 2140 antecedentium
645 2083 841 2139 consummatio
866 2083 987 2141 accedat.
1023 2085 1062 2140 Ae
1080 2085 1202 2151 sequitur
1219 2102 1292 2143 nunc
1309 2087 1378 2143 haec
1396 2097 1537 2156 postrema
1555 2083 1664 2142 molesia

312 2173 425 2230 eandem
442 2179 549 2244 patrum
569 2172 790 2229 consuetudinem
808 2179 941 2242 perpetuo
958 2187 1102 2241 consensu,
1121 2173 1173 2228 nisi
1191 2173 1263 2244 quod
1278 2175 1356 2242 justa
1375 2175 1409 2230 de
1426 2189 1510 2230 causa
1528 2173 1664 2230 sabbatum

313 2263 402 2334 impiis
421 2279 453 2318 ac
471 2261 638 2334 blasphemis
656 2259 777 2330 Judacis,
796 2251 889 2316 rerum
907 2261 1036 2318 Moesiam
1055 2261 1251 2330 aversantibus,
1271 2261 1400 2332 relinquit
1417 2269 1445 2318 st
1463 2260 1527 2318 loeo
1546 2261 1604 2331 ejus
1616 2259 1664 2332 pri·

310 2367 382 2407 mam
401 2351 495 2407 leriam
514 2351 642 2422 celebret,
660 2364 742 2418 quam
760 2363 888 2405 vocamus
907 2347 1069 2404 dominicum
1088 2349 1173 2418 diem,
1200 2351 1271 2422 quod
1291 2365 1323 2405 eo
1342 2349 1386 2404 die
1406 2350 1533 2406 Christus
1551 2365 1568 2404 a
1585 2357 1664 2404 morte

312 2441 505 2512 resurrexerim
524 2438 587 2496 inde
605 2445 749 2508 sequentes
769 2439 827 2493 dies
845 2444 925 2493 vocat
942 2452 997 2492 suo.
1011 2436 1104 2494 ordine
1122 2437 1277 2505 secundam,
1295 2437 1404 2492 tertiam
1423 2443 1476 2496 etc.
1493 2437 1602 2492 leriam.

417 2527 505 2598 Saepe
523 2527 606 2596 igitur
623 2523 669 2596 fle,
694 2542 754 2582 cum
774 2524 832 2580 dies
852 2523 950 2596 aliquis
969 2525 995 2578 in
1014 2541 1086 2580 anno
1105 2525 1280 2595 proponitur,
1298 2532 1329 2578 ut
1347 2525 1447 2594 gestiat
1463 2525 1574 2581 animus
1592 2524 1663 2590 seire,

312 2619 339 2673 iu
357 2631 438 2688 quam
455 2615 552 2672 feriam
574 2611 752 2669 hebdomadis
774 2611 879 2668 mcidat
903 2618 954 2668 etc.
991 2611 1148 2681 (Triplicem
1170 2615 1298 2682 proponit
1317 2611 1486 2670 lieinholdus
1513 2613 1664 2669 methodum

312 2703 465 2762 inveniendi
483 2703 634 2776 quaesitum
652 2717 687 2756 ex
707 2701 834 2767 ,canone
851 2698 1016 2769 senarum).

415 2789 607 2861 Praecepto
637 2790 670 2846 de
700 2789 805 2846 calado
835 2789 996 2860 cppcrcmis
1032 2789 1232 2859 magnitudinis
1262 2791 1362 2861 tropici
1391 2791 1473 2857 osai,
1508 2789 1579 2845 haec
1606 2785 1664 2856 legi·

311 2895 384 2935 mus:
411 2879 560 2948 ,Tropious
579 2892 667 2933 annus
686 2883 729 2932 est
746 2891 854 2946 semper
870 2883 928 2930 tum
946 2875 1034 2930 minor
1052 2891 1122 2931 anno
1142 2876 1261 2938 sidereo.
1285 2885 1343 2932 tum
1362 2877 1444 2934 etiam
1463 2877 1507 2933 sui
1533 2875 1663 2933 dissimilis

312 2975 425 3038 propter
441 2967 456 3020 l
477 2981 582 3034 causes,
601 2981 669 3036 quas
688 2965 791 3033 primus
809 2963 869 3019 Nic.
889 2963 1054 3033 copernieus
1073 2963 1236 3019 dexteritate
1254 2971 1283 3020 et
1300 2962 1412 3020 solertia
1430 2979 1481 3019 sua
1500 2963 1611 3021 taudem
1625 2964 1663 3017 de

311 3057 461 3126 prehensas
485 3053 645 3112 enunciavit.
682 3053 741 3108 liae
760 3057 824 3107 sunt
846 3051 997 3122 inaequalis
1019 3051 1173 3120 praecessio
1198 3052 1430 3122 aequinoctiorum
1455 3053 1499 3107 rel
1522 3054 1664 3108 sectionum

312 3141 557 3215 aequinoctialium,
576 3139 711 3196 anomalia
727 3147 817 3196 motus
836 3139 907 3196 Solis
924 3139 951 3192 in
968 3137 1088 3209 zodiaco,
1107 3138 1220 3195 nautio
1239 3139 1356 3210 denique
1372 3145 1431 3194 tum
1450 3139 1663 3202 coeanensium,

312 3239 369 3288 tum
388 3229 512 3300 apogaei,
532 3245 546 3283 e
566 3229 663 3298 quibus
682 3228 771 3283 causis
790 3226 848 3284 sola
866 3226 1009 3292 anomalia,
1027 3241 1078 3294 per
1094 3241 1124 3280 se
1142 3241 1197 3280 nou
1215 3225 1306 3296 magni
1325 3225 1467 3296 momenti,
1494 3229 1605 3296 cognita
1621 3225 1665 3280 tuit

235 3385 238 3394 ¹
311 3321 477 3375 Ptolemaeo.
509 3318 682 3389 Quapropter
700 3325 760 3371 tota
776 3313 921 3385 posteritas
941 3321 1018 3384 grato
1030 3313 1122 3369 animo
1136 3314 1278 3383 coperuioi
1296 3329 1396 3368 nomen
1415 3313 1577 3384 celebrabit,
1595 3313 1664 3383 cujm

259 3403 261 3410 '
312 3411 404 3468 labore
422 3418 450 3466 et
469 3407 559 3466 studio
577 3407 702 3464 doctrina
719 3407 780 3476 ipsa
798 3404 956 3459 coelestium
973 3411 1103 3470 motuum,
1119 3395 1315 3470 propemodum
1334 3400 1466 3472 collapsa,
1484 3401 1585 3458 iterum
1597 3401 1665 3457 resti-

313 3505 372 3556 tuta
391 3504 433 3554 est
451 3505 479 3553 et
496 3511 595 3564 magns
613 3495 672 3565 ejus
690 3507 798 3565 quoque
816 3491 864 3547 lux
883 3505 997 3547 accensa
1016 3489 1132 3545 inventis
1150 3497 1179 3544 et
1196 3489 1342 3558 patefactis
1361 3491 1396 3544 ab
1415 3505 1447 3544 eo
1466 3490 1577 3556 multia,
1602 3501 1665 3558 quae

311 3588 434 3643 adhunc
456 3599 543 3656 usque
566 3588 683 3640 aetatem
708 3581 750 3637 rel
773 3582 868 3653 ignota
885 3579 1008 3649 lucrant,
1034 3579 1077 3634 sei
1100 3579 1225 3634 obscura.
1269 3579 1346 3632 Circa
1359 3595 1484 3646 ‘aunuum
1509 3595 1565 3651 quo
1584 3576 1665 3634 Ptole·

311 3689 404 3731 maeus
427 3673 492 3729 anni
515 3671 727 3742 magnitudinem
749 3676 877 3725 accurata
900 3667 1090 3724 obsecratione
1113 3665 1293 3721 consideravit
1312 3667 1377 3733 (140
1394 3683 1420 3736 p.
1442 3667 1516 3736 Cb),
1539 3667 1593 3721 init
1609 3667 1666 3721 anui

310 3775 445 3834 apparens
468 3758 624 3828 magnitudo
646 3757 727 3826 juxta
746 3764 868 3812 nostrum
891 3753 1065 3830 caleulumd.
1085 3753 1181 3809 36511.
1200 3756 1226 3809 5.
1253 3753 1296 3809 53¹
1319 3755 1384 3824 56”,
1412 3745 1518 3825 quanta
1540 3754 1598 3809 iere
1620 3752 1667 3807 boc

309 3857 404 3906 nostro
422 3855 543 3919 tempore
560 3860 667 3901 rursum
686 3845 786 3900 existit.
815 3843 884 3899 Nam
902 3841 974 3912 quod
992 3841 1162 3897 Ptolemaeus
1181 3840 1243 3894 anui
1261 3841 1474 3909 magnitudinem
1492 3843 1578 3912 paulo
1590 3841 1666 3908 maio-

310 3955 365 3995 rem
391 3953 441 3993 sua
465 3940 556 3990 aetate
580 3931 692 3988 tradidit
716 3931 874 4002 etquidem
899 3932 1045 3986 arbitratus
1065 3937 1119 3997 est,
1146 3945 1253 3998 semper
1276 3945 1386 3984 manere
1406 3931 1522 3987 eandem
1541 3931 1600 3987 sine
1617 3929 1667 3984 ulls

309 4024 468 4093 mutatione,
486 4019 611 4076 videlicet
631 4019 722 4077 (1.665
742 4020 768 4074 h.
783 4021 806 4074 5.
826 4021 951 4086 55”12”,
973 4017 1000 4072 id
1019 4033 1095 4073 suam
1114 4019 1300 4072 ernestionem
1319 4015 1412 4088 babet,
1430 4017 1465 4073 dc
1485 4033 1543 4089 qua
1560 4020 1595 4074 ab
1613 4017 1667 4072 aliis

309 4109 415 4170 erudite
433 4111 566 4180 scriptum
584 4115 632 4164 est.
664 4109 788 4164 Ceterum
807 4107 928 4176 tropicus
947 4123 1033 4163 annus
1051 4104 1180 4176 aequalis,
1199 4106 1246 4174 qui
1264 4102 1380 4161 refertur
1398 4105 1432 4160 ud
1445 4107 1569 4162 medium
1580 4103 1666 4173 aequi-

309 4203 439 4272 noctium,
458 4205 501 4255 cst
515 4198 597 4266 juxta
609 4195 811 4252 observationes
830 4203 857 4249 et
870 4194 1011 4263 Copernici
1029 4193 1196 4264 hypotheses
1215 4193 1306 4251 (1365
1324 4193 1352 4249 lt.
1366 4197 1390 4250 5.
1406 4193 1449 4248 49¹
1464 4193 1527 4264 16¹¹,
1547 4191 1667 4264 quemad

310 4288 419 4344 modum
432 4293 460 4342 et
471 4283 657 4356 Alpbonslnae
670 4283 727 4339 iere
739 4279 934 4338 tradiderunt.“
948 4299 997 4328 -ι

415 4371 564 4432 Reinholdi
587 4364 705 4442 aequalia
730 4371 843 4442 ejusque
868 4367 1017 4440 discipulus
1043 4371 1216 4438 Casperua
1241 4369 1414 4427 Pencerus
1439 4371 1668 4440 („praeceptorem

311 4463 364 4519 sibi
381 4463 553 4520 carissimum
572 4465 599 4514 et
616 4464 750 4528 perpetua
766 4457 931 4526 gratitudine
949 4457 1155 4513 celebrandum¹⁴
1177 4459 1242 4514 dicit
1259 4459 1397 4516 Peueerus
1409 4457 1606 4525 Reinholdum)
1619 4471 1667 4510 non

312 4556 418 4604 tautum
436 4545 617 4605 astronomiae
635 4543 835 4614 laudatoriis,
854 4544 902 4600 sad
922 4547 1002 4601 etiam
1020 4548 1047 4600 in
1067 4547 1126 4602 aliis
1146 4547 1284 4620 doctrinae
1303 4548 1449 4618 generibus
1469 4555 1595 4604 versatus
1613 4543 1667 4599 luit.

312 4635 532 4692 Mathematicam
552 4633 666 4691 docebat
684 4633 848 4703 Vitebergae
865 4633 901 4688 sb
919 4649 990 4689 anno
1007 4635 1073 4690 1554
1092 4635 1120 4690 in
1137 4635 1220 4706 1576,
1244 4651 1315 4690 anno
1328 4636 1397 4692 1566
1423 4637 1549 4692 medicus
1567 4639 1668 4690 creatus

313 4732 356 4780 est
372 4725 504 4794 principis
521 4724 669 4780 Dessaviue
689 4723 824 4793 (mortuus
843 4729 885 4776 est
902 4721 1049 4778 Dessaviae
1068 4738 1139 4778 anno
1157 4721 1235 4787 1602,
1254 4738 1354 4778 annum
1373 4739 1458 4795 agens
1471 4727 1571 4795 77¹³);
1598 4733 1670 4778 socer

195 4806 198 4814 '
314 4809 533 4868 Melanchthonis
552 4831 613 4871 cum
631 4811 791 4880 theologicis
810 4825 839 4866 se
857 4811 1021 4866 immisceret
1040 4809 1291 4884 disceptationibus,
1311 4827 1361 4882 per
1382 4814 1415 4869 16
1432 4825 1522 4868 annos
1541 4811 1621 4882 (1576
1638 4805 1669 4862 sd
