3588 5540
815 439 892 502 1627.
1458 437 1523 513 90⁹?

274 622 424 696 lleplcrnm
446 635 507 680 cum
530 619 637 680 Jesottt
659 619 811 690 lillingensi
833 619 981 675 Albcrtc
1005 617 1124 676 (turtio
1149 635 1199 692 pcr
1224 625 1324 678 ionum
1346 620 1417 677 toti
1439 620 1525 678 muita

169 713 258 783 egisse
277 713 412 770 derebus
432 711 630 778 astronomicis,
650 709 769 764 diximus
786 705 840 762 vol.
858 707 906 762 Vl.
925 723 953 776 p.
972 707 1032 766 583.
1068 708 1165 778 Neque
1182 723 1246 769 vero
1264 709 1447 767 astronomica
1465 714 1524 766 tan·

169 810 225 858 tum
244 801 367 870 tetigisse
386 799 533 870 liepIerum
551 797 580 852 in
598 795 722 867 epistolis
741 795 811 864 suis,
831 794 879 850 scd
899 794 979 850 edam
996 809 1040 849 res
1059 795 1093 850 ad
1111 795 1192 851 iidem
1210 798 1390 867 pertinentes,
1409 803 1526 868 apparet

170 905 184 944 e
196 889 419 959 responsionibus
433 887 527 956 Curtii,
546 899 617 956 quse
630 889 785 954 supersunt,
798 898 881 952 quum
893 882 1005 952 Kepleri
1017 883 1146 953 epistolas
1158 883 1213 940 huc
1225 900 1311 954 nsque
1328 886 1431 941 imstrc
1443 899 1525 955 qnae·

113 975 114 980 ’
168 976 318 1034 siverimus.
354 975 496 1046 Epistulae
520 973 605 1030 Curtii
624 972 754 1043 supplent
776 970 975 1042 quadamtenus
997 970 1058 1028 illas
1080 973 1204 1042 Keplcri,
1233 989 1304 1043 qnae
1328 973 1523 1030 desiderantur.

169 1067 219 1122 Die
240 1068 281 1122 10.
300 1065 376 1120 iunii
394 1064 504 1134 scripsit
522 1062 646 1119 Curtius:
667 1059 763 1130 ,Quod
782 1074 870 1130 nuper
886 1059 972 1115 literis
989 1061 1057 1116 meis
1075 1061 1176 1128 addidi,
1194 1061 1276 1117 nolim
1293 1069 1322 1119 tc
1339 1079 1371 1118 eo
1390 1063 1524 1134 accipere,

168 1153 242 1210 solut
259 1153 282 1208 ei
300 1153 414 1222 laqueos
432 1149 614 1207 conscientiae
632 1154 696 1205 tuae
714 1148 862 1219 dispositus
883 1147 964 1203 selim
982 1155 1011 1202 et
1022 1145 1176 1204 'secundnm
1199 1151 1278 1206 amici
1301 1151 1416 1219 gratiam
1440 1156 1524 1220 atque

168 1242 329 1300 sententiam
349 1243 430 1296 etiem
449 1239 484 1295 da
501 1239 593 1296 Sacris
611 1243 640 1294 et
657 1237 747 1294 salmo
766 1241 815 1290 tua
833 1235 954 1306 decerni3
981 1241 1062 1306 atquc
1087 1249 1137 1292 nos
1154 1250 1209 1293 non
1231 1243 1286 1293 tam
1303 1237 1447 1294 infeliciter
1464 1253 1524 1294 eru·

168 1329 217 1387 diti
235 1345 338 1396 surmus,
358 1329 424 1400 quin
441 1328 490 1383 nni
508 1327 614 1382 cuidam
632 1325 748 1384 subinde
765 1324 854 1380 laetus
872 1323 909 1378 sit
925 1324 1015 1394 Deus,
1040 1339 1218 1394 quemnemo
1240 1326 1335 1394 utiquc
1352 1324 1432 1396 iallit,
1451 1325 1524 1394 quis·

168 1419 228 1488 quis
248 1416 390 1471 affectatas
408 1412 645 1470 excusatiunculas
663 1411 790 1482 privatim
809 1410 881 1466 domi
899 1427 965 1468 suae
989 1412 1206 1470 comminiscitur.
1215 1417 1244 1475 tt)
1280 1413 1335 1470 Sed
1353 1429 1403 1483 ego
1421 1419 1463 1479 te,
1488 1413 1524 1468 mi

169 1506 296 1576 Keplere,
316 1521 377 1560 cnm
396 1502 515 1557 dolerem
532 1501 572 1555 ita
588 1503 841 1570 comparatum,·st
858 1498 932 1554 haud
950 1499 1033 1570 paule
1050 1500 1143 1570 plures
1161 1507 1262 1556 naeres
1280 1501 1308 1555 in
1326 1499 1374 1556 illa
1392 1508 1454 1571 tua,
1473 1515 1524 1556 seu

167 1595 273 1666 privata
291 1606 339 1648 sen
358 1591 420 1660 alia,
439 1605 522 1659 qnam
538 1589 567 1643 in
585 1593 681 1644 nostra
699 1590 728 1641 et
745 1585 887 1642 catholica
904 1588 1020 1644 ccclesia
1038 1603 1177 1660 agnoscas,
1195 1588 1287 1646 lacere
1304 1589 1384 1646 aliter
1402 1605 1457 1646 non
1477 1589 1524 1644 ds·

167 1682 220 1754 bui,
240 1697 323 1751 quarn
341 1687 372 1735 ut
390 1678 424 1734 ad
442 1679 496 1733 hoc
513 1677 603 1747 ipsnm
620 1673 741 1732 tribunal
754 1674 937 1731 conscientiae
948 1681 1013 1731 tuae
1031 1681 1058 1729 te
1070 1675 1241 1746 reducerem3
1261 1678 1304 1733 cni
1317 1677 1340 1734 si
1355 1678 1525 1747 obsequeris,
1593 1723 1595 1728 .

167 1788 219 1827 non
239 1786 323 1838 erres,
342 1784 423 1839 qnam
442 1768 488 1824 diu
506 1766 554 1821 illa
571 1781 626 1820 non
645 1769 726 1820 errat
740 1805 746 1819 .
761 1801 789 1818 ..
825 1761 855 1818 Si
873 1777 923 1831 ego
937 1769 1079 1832 suspectus
1092 1780 1160 1834 snm,
1180 1781 1232 1836 age
1250 1773 1278 1822 et
1291 1772 1408 1836 utroque
1426 1765 1525 1826 edente

167 1860 297 1929 loquutur
315 1857 463 1926 scriptura,
489 1854 618 1924 loquatur
634 1851 799 1921 antiquitas,
823 1849 970 1919 loquantur
988 1851 1016 1908 S.
1036 1851 1063 1907 S.
1081 1852 1186 1923 Patres,
1209 1853 1339 1923 loquatur
1356 1855 1447 1925 Deus3
1472 1870 1523 1924 ego

166 1947 273 2002 interim
289 1944 449 2001 ‘taciturnus
473 1939 595 2012 operiar,
618 1956 672 2009 qno
695 1953 782 2008 usqne
800 1938 872 1994 bono
890 1939 948 1994 Deo
965 1940 1098 2009 placuerit
1115 1941 1167 1998 tibi
1188 1957 1247 1997 eum
1267 1947 1383 1998 mentem
1402 1944 1522 2016 injicere,

166 2035 243 2104 crpus
256 2041 283 2089 tc
295 2049 343 2102 per
355 2031 492 2086 inimicum
503 2029 620 2099 injectae
631 2027 796 2099 poeniteat!
828 2026 879 2082 Dic
891 2026 934 2084 25.
947 2027 965 2082 J
967 2027 1037 2083 unii:
1052 2069 1058 2083 .
1072 2069 1079 2084 .
1094 2069 1101 2084 .
1128 2029 1188 2096 ,Ad
1199 2029 1377 2100 appendicem
1390 2029 1525 2100 epistolae

166 2127 229 2178 tuac
248 2135 299 2176 nec
317 2119 483 2188 respondere
501 2122 581 2172 secat
597 2132 649 2173 nec
667 2123 759 2172 tacere
777 2114 907 2172 sustineo.
939 2115 1071 2185 Cuperem
1082 2115 1241 2185 magistrum
1253 2115 1330 2178 illum
1342 2123 1419 2173 tunm
1438 2125 1524 2176 atten-

166 2210 220 2266 tius
239 2207 358 2276 audisse,
377 2207 412 2261 ad
430 2221 499 2277 quos
511 2205 656 2275 loquentes
668 2209 783 2274 uterque
794 2203 1007 2274 provocavimus,
1027 2203 1055 2259 S.
1068 2203 1171 2270 Patres,
1190 2204 1344 2274 Origenem,
1364 2205 1524 2275 Gregorinm

165 2298 332 2362 dianensem,
352 2293 525 2350 Ambrosium
544 2299 604 2360 etc,
623 2293 724 2362 quibus
739 2291 879 2363 judicibus
898 2305 983 2346 causa
1000 2289 1147 2362 deciditur;
1166 2297 1196 2347 tu
1208 2291 1317 2363 quidem
1336 2309 1421 2350 cansa
1438 2294 1524 2364 cadis,

165 2401 215 2440 nos
234 2385 279 2443 hic
297 2384 424 2454 Dilingae
436 2382 464 2438 in
476 2381 577 2439 libellis
591 2380 704 2436 edendis
717 2380 863 2451 sequimur,
882 2377 956 2450 quod
971 2384 1067 2434 sancta
1079 2379 1144 2434 clim
1156 2381 1306 2450 antiquitas
1319 2382 1461 2450 praeivit.“
1476 2422 1501 2438 ..
1515 2425 1523 2442 .

165 2471 216 2526 Die
236 2475 278 2529 19.
299 2471 379 2526 Julii:
400 2469 540 2525 Exclusus
559 2483 619 2525 sum
636 2483 726 2538 nuper
742 2467 889 2538 improviso
907 2466 1003 2522 itinera
1020 2467 1056 2522 ad
1074 2465 1115 2524 lll.
1136 2467 1266 2523 Comitem
1279 2468 1526 2542 Hclffensteinium,

167 2577 220 2630 quo
239 2561 327 2616 minus
352 2559 439 2614 literis
462 2557 518 2614 tuis
540 2557 675 2644 maturius
696 2555 903 2625 responderem
929 2569 1009 2624 quam
1033 2554 1157 2623 equidem
1177 2555 1314 2624 iacturam
1337 2569 1370 2611 ec
1395 2556 1525 2615 libentius

166 2649 224 2717 tuli,
244 2647 318 2717 quod
337 2660 488 2716 speraram,
506 2659 649 2730 possenna
668 2659 703 2699 ex
719 2643 818 2698 vicinia
836 2649 864 2698 et
882 2642 1026 2698 occasione
1043 2643 1108 2700 illuc
1126 2643 1161 2699 ad
1179 2659 1226 2699 ros
1246 2659 1333 2714 usque
1351 2643 1458 2702 Ulmum
1477 2661 1523 2702 ex-

166 2751 284 2792 currere.
316 2735 370 2790 Sed
389 2734 532 2790 laborante
545 2733 693 2788 ctiamncm
710 2731 867 2787 valetudine
886 2728 1006 2799 Comitis,
1026 2728 1104 2798 cujus
1122 2731 1255 2800 obsequie
1274 2731 1404 2788 destinati
1421 2748 1523 2805 sumna,

166 2823 258 2879 missio
277 2823 409 2878 hactonus
428 2821 567 2892 impetrari
585 2835 640 2875 son
657 2821 748 2890 potuit
749 2859 840 2877 .....
877 2819 1048 2874 Postremum
1070 2818 1203 2888 epistulae
1228 2825 1292 2875 tuae
1316 2819 1396 2876 desiit
1413 2819 1440 2874 in
1459 2837 1523 2877 con·

165 2912 325 2968 troversiam
344 2909 516 2978 familiarem,
540 2907 568 2963 in
587 2923 641 2977 qua
665 2913 696 2962 tu
714 2906 819 2963 scilicet
835 2905 944 2976 ingenio
962 2911 1010 2960 tuo
1028 2912 1119 2974 gratas
1137 2905 1239 2974 gratias
1258 2907 1356 2977 debes,
1381 2907 1455 2976 qnod
1473 2907 1523 2964 tibi

165 3000 192 3054 in
211 3015 243 3054 ec
263 2999 455 3054 commentario
473 3003 530 3052 tam
549 2995 703 3052 luculenter
719 2994 919 3065 patrocinatum
939 2999 988 3048 est.
1018 2994 1076 3063 Ais,
1095 2994 1179 3050 rerba
1189 2994 1334 3063 Augustini
1351 2994 1460 3066 passive
1477 3013 1523 3053 aa·

166 3083 292 3156 cipienda
309 3101 359 3154 pre
379 3087 438 3154 ipse
457 3085 591 3156 mercede,
609 3085 654 3140 cui
671 3083 802 3140 associari
820 3083 884 3138 οιιιιι
901 3083 930 3138 in
948 3083 1024 3139 cocle
1041 3081 1190 3152 cupiamus.
1220 3081 1289 3138 Mihi
1307 3099 1334 3140 n.
1353 3081 1388 3137 de
1406 3097 1439 3139 ea
1451 3099 1523 3140 com·

141 3185 147 3206 ·
166 3173 333 3229 mentatione
355 3171 465 3228 militari
488 3173 567 3228 aliter
591 3187 644 3228 non
663 3172 765 3242 visum,
791 3186 871 3240 quam
893 3176 925 3226 ut
942 3171 1095 3240 Augustino
1117 3172 1207 3242 ipsum
1229 3171 1413 3242 Augusunum
1439 3171 1522 3226 inter·

165 3269 268 3332 prctsm
281 3277 427 3318 arcessam.
451 3261 493 3315 ltu
505 3261 588 3329 igitur
598 3258 652 3324 illc,
666 3265 772 3328 quaest.
783 3259 833 3314 ltu
845 3255 872 3313 in
885 3259 1027 3314 Excdum:
1041 3259 1223 3327 admonemur,
1241 3258 1339 3328 inquit,
1353 3275 1414 3315 cum
1426 3258 1522 3315 merita

166 3357 260 3406 nostra
278 3365 329 3404 nea
347 3357 469 3418 pavant,
489 3363 523 3403 nc
542 3345 685 3416 diligamur
697 3362 719 3419 ¹u
731 3345 799 3414 Dec,
818 3345 933 3401 relevari
945 3362 996 3402 nos
1012 3346 1084 3417 apnd
1102 3361 1164 3404 enm
1182 3345 1291 3401 illerum
1309 3346 1411 3402 meritis
1430 3361 1520 3418 posse,

167 3455 234 3512 ques
253 3437 340 3508 diligit
358 3443 408 3492 etc.
445 3437 497 3492 Die
514 3435 556 3492 26.
575 3433 706 3503 angusti:
720 3473 727 3486 .
741 3473 769 3489 ..
799 3433 902 3503 ,Pergo
922 3436 1048 3506 deinceps
1066 3437 1101 3492 ad
1118 3434 1282 3492 familiarem
1298 3436 1520 3504 controversiam,

168 3542 237 3597 quse
256 3534 363 3596 partem
381 3523 514 3595 epistolae
531 3523 602 3580 benc
619 3536 745 3594 magnam
767 3523 881 3579 verbose
904 3529 933 3580 at
953 3529 1020 3594 putu
1037 3523 1167 3582 meditate
1183 3529 1345 3594 conceptam
1368 3525 1522 3596 occuparit.

167 3746 199 3794 ad
216 3759 276 3796 suos
295 3744 383 3792 reverti
400 3742 545 3803 jubebatur.
580 3737 653 3789 Auno
676 3739 752 3790 1632.
773 3737 900 3789 Genavam
925 3753 951 3790 se
975 3741 1081 3790 contulit
1104 3737 1282 3806 (Berneggcrns
1305 3741 1394 3792 scribit
1416 3739 1522 3792 Octobri

170 3819 246 3867 1632.
265 3813 430 3863 Scbielrarde:
450 3811 547 3859 Gratias
565 3823 613 3871 ago
632 3809 663 3859 de
681 3815 747 3859 rocta
760 3809 851 3858 curatis
873 3808 905 3857 ad
923 3825 962 3859 mc
975 3809 1097 3876 Kspplerl
1115 3809 1204 3864 literis.
1241 3813 1297 3860 idea
1315 3811 1390 3873 enlm,
1409 3814 1453 3876 qul
1466 3815 1521 3878 ipss

169 3893 194 3935 st
211 3888 253 3934 bic
272 3889 297 3932 st
315 3883 384 3946 apud
397 3881 550 3931 Baslllcnses
563 3881 698 3945 spopondi,
718 3881 782 3929 scirs
793 3881 930 3943 plurimum
949 3883 1054 3930 interest
1071 3883 1117 3932 ubi
1128 3887 1276 3934 moraretur.
1301 3883 1402 3930 Annum
1416 3884 1482 3932 enlm
1496 3889 1521 3932 st

169 3971 198 4005 sc
217 3955 329 4018 amplius
347 3954 411 4002 nibil
430 3954 565 4016 quicquam
583 3951 671 4000 audiri
689 3951 720 4000 da
739 3947 777 4014 ac)
801 3949 947 4016 ibidemque
973 3952 1076 4002 medicis
1094 3957 1212 4018 acceptus
1229 3952 1416 4020 ptocbcdceltla
1433 3953 1520 4002 sedulo

170 4027 291 4076 visitarit.
335 4024 394 4073 Hoc
418 4037 464 4087 par
489 4023 612 4082 integrum
638 4035 732 4070 anunm
759 4021 922 4086 continuans,
951 4024 1106 4082 negotiorum
1133 4024 1291 4088 quorundam
1320 4035 1398 4072 causa
1421 4020 1519 4088 (typum

172 4097 300 4159 ,Somnii“
321 4091 419 4157 curans)
446 4091 638 4142 Fraucoiurtum
662 4097 745 4154 petere
770 4091 913 4152 cogebatur.
957 4093 1004 4140 llic
1027 4093 1053 4142 in
1078 4095 1214 4143 amicitiam
1236 4095 1429 4154 Ambstrnttarl,
1454 4095 1519 4153 ragis

170 4165 275 4228 drtglias
293 4163 379 4226 legati,
397 4167 523 4211 assumtus
542 4165 619 4224 atque
637 4163 670 4210 ab
690 4160 777 4210 ecdem
796 4159 902 4222 Gacrglo
921 4163 1055 4223 Duglssalo
1073 4163 1104 4213 dc
1122 4165 1219 4213 meliori
1245 4169 1304 4214 ιιοιιι
1323 4163 1519 4227 commendatus,

172 4251 228 4286 cnm
247 4251 276 4285 sc
295 4235 487 4294 Regicmcntum
506 4245 532 4280 ss
552 4233 659 4280 contulit
677 4235 702 4280 st
714 4245 780 4280 anno
794 4232 862 4281 lddb
881 4233 908 4280 ln
921 4247 1050 4282 numerum
1063 4237 1215 4298 praetiosum
1228 4235 1420 4298 suscipiebatur.
1450 4231 1520 4282 Hinc

170 4323 228 4356 vcro
247 4311 305 4370 post
323 4303 427 4365 aliquod
439 4309 538 4367 ternpus
549 4303 578 4352 in
593 4303 691 4350 ltallam
703 4306 760 4351 ¹ottrn
774 4302 937 4366 discessisset,
956 4305 1080 4369 acquisito
1092 4305 1195 4356 Patavii
1208 4305 1326 4354 Doctorls
1339 4304 1413 4351 tituto
1426 4303 1518 4364 Rspic-

171 4383 283 4426 mentum
302 4375 385 4424 donno
404 4387 430 4422 aa
449 4374 552 4437 recepit.
588 4371 689 4422 Sociam
706 4374 775 4422 ritae
793 4373 843 4422 aibl
862 4373 937 4432 clcgtt
960 4375 1080 4436 virginem
1099 4375 1219 4438 Mariam,
1243 4373 1393 4440 professoria
1411 4373 1519 4424 Baimarl

170 4447 249 4498 liliam
268 4443 374 4511 (16⁴0),
393 4459 449 4492 cum
468 4457 517 4506 qna
536 4443 692 4502 ilungariam
710 4443 798 4491 adiens
816 4441 924 4492 triennio
944 4447 1061 4494 curandis
1080 4447 1159 4506 aegris
1178 4445 1355 4510 occupabatur.
1392 4443 1442 4494 Sed
1460 4444 1519 4494 indo

169 4517 366 4578 Regiomontum
386 4519 523 4578 revocatus,
543 4513 663 4561 defuncta
681 4513 764 4574 priore
783 4515 889 4573 conjuga
907 4511 1011 4582 (1646),
1031 4529 1096 4582 quaa
1115 4515 1220 4564 eundem
1239 4514 1416 4580 citherorum,
1437 4515 1520 4580 equi<

171 4591 218 4638 bus
236 4585 304 4635 tillus
322 4586 387 4633 doras
406 4588 432 4632 et
448 4584 537 4632 unicus
554 4581 631 4644 filins,
649 4584 751 4645 paterni
768 4583 877 4632 nominis
895 4585 989 4652 baares,
1009 4600 1076 4635 nunc
1092 4589 1233 4648 supersunt,
1251 4587 1349 4647 patrem
1368 4583 1467 4648 iecerat,
1486 4585 1519 4634 ad

173 4664 235 4706 rota
252 4655 364 4706 secunda
382 4655 493 4716 translit,
510 4653 669 4702 ιιιιιιὶιιιοιιίο
688 4653 738 4702 sibl
749 4665 814 4702 anno
828 4655 897 4704 1664
913 4658 1022 4722 jungens
1040 4657 1161 4717 virginem
1173 4655 1270 4702 Annam
1284 4667 1332 4702 ιοιι
1345 4649 1519 4719 Tbarbacltsn,

170 4743 185 4779 ι
201 4742 253 4792 qna
269 4728 336 4776 lutra
353 4722 588 4789 tranquillissimum
613 4723 757 4785 conjugium
779 4721 860 4772 filium
884 4739 962 4776 uuum
985 4739 1110 4791 unamque
1129 4723 1222 4786 litun,
1247 4737 1261 4772 a
1280 4724 1373 4786 qulbus
1391 4729 1518 4788 superata

172 4799 234 4848 baec
252 4797 343 4847 saltant
362 4801 407 4855 ast,
426 4795 545 4858 suscepit.
563 4819 595 4827 -
614 4791 729 4843 Menona
747 4797 784 4842 est
801 4793 944 4846 Lndorlcus
961 4802 1055 4857 (regum
1074 4793 1195 4844 Polcuias
1214 4792 1361 4860 costocus,
1379 4795 1440 4846 itam
1454 4793 1518 4846 clec-

171 4871 232 4917 tcris
249 4865 467 4926 brandenburglcl
485 4863 596 4912 medicus
620 4867 646 4912 et
664 4864 773 4913 civitatis
791 4863 1005 4926 lisglomcntauas
1022 4863 1145 4932 'physicus
1166 4860 1318 4930 ordinarius)
1338 4864 1378 4915 dle
1392 4867 1434 4920 13.
1446 4863 1517 4935 Sept.

173 4941 249 5004 1666,
266 4933 338 4986 dilus
355 4939 482 4998 superstes
500 4931 649 5001 (chirurgus)
668 4935 733 4984 cbllt
749 4933 942 4988 Ansulcdsml.
