3662 5544
266 383 332 454 800
773 383 838 440 vita
853 382 968 442 loannis
986 383 1108 456 Kepleri.
1207 423 1209 434 .

267 565 325 626 Sed
353 565 424 642 quia
452 569 618 626 commenta
646 579 702 623 sua
730 565 854 642 oppoult
884 565 1002 626 veritati
1032 561 1200 637 naulorum,
1230 560 1301 640 quid
1330 562 1412 623 aliud
1439 565 1622 642 exspectabit

237 671 355 730 ,quam
380 660 410 712 ut
433 650 545 712 cordati
569 667 670 711 omues
694 649 801 728 dicant,
826 652 908 712 illum
932 669 998 713 cum
1021 653 1134 712 ratione
1154 649 1326 727 juveniliter
1346 652 1496 713 insanire?
1517 653 1626 730 Neque

267 749 366 802 tamen
387 741 505 800 memini
529 741 671 812 omniurn,
704 746 789 799 crunt
817 740 941 800 fortasse
964 739 1057 798 multa
1081 741 1184 800 acriori
1215 755 1338 798 censura
1361 739 1465 816 dignu,
1495 743 1621 818 quaesi

174 867 179 872 -
267 831 343 890 serio
366 826 472 888 librum
495 826 595 903 legero
618 835 647 886 et
669 827 694 884 si
717 833 832 905 tempus
855 828 894 887 ad
915 828 992 887 hauc
1014 843 1133 906 operam
1157 825 1324 906 impendere
1347 837 1466 906 potero,
1489 827 1623 906 pauculis

267 919 365 977 verbis
388 916 578 992 consignabo.
624 913 872 979 contumeliosius
898 913 972 974 nihil
995 913 1183 992 deprehendi,
1207 931 1295 992 quam
1319 916 1410 976 verba
1432 917 1510 974 fituli
1533 933 1624 995 supra

267 1003 405 1081 allegata.
450 1003 586 1078 Denique
608 1001 677 1061 talis
698 1000 817 1062 libellus
841 1001 973 1074 videtur,
1003 1005 1054 1080 qni
1076 1009 1107 1062 et
1128 1003 1205 1063 siue¹
1220 1004 1353 1062 raritatis
1373 1003 1490 1078 iactura
1512 1003 1624 1081 n'egligi

269 1100 299 1154 et
320 1090 406 1151 salva
429 1093 575 1167 gravitate
598 1092 653 1147 siri
676 1090 789 1150 cordati
817 1089 909 1150 refelli
938 1089 1055 1168 publice
1078 1091 1187 1168 possit,
1216 1092 1242 1149 si
1272 1088 1339 1149 talis
1367 1091 1504 1151 refutatio
1529 1093 1624 1152 susci-

268 1179 365 1259 piatur
388 1177 558 1238 instituendi
582 1193 672 1237 causa
690 1177 831 1253 juvenem
855 1195 913 1237 non
936 1194 1007 1237 saue
1030 1178 1149 1252 malum,
1173 1193 1230 1250 uec
1243 1175 1392 1237 indoctum
1409 1177 1622 1257 impolitumve,

268 1275 298 1328 et
321 1285 386 1327 cum
410 1265 460 1326 lllo
483 1266 591 1326 multos
623 1265 697 1324 alios
720 1268 749 1324 lu
783 1265 886 1326 eodem
915 1266 978 1326 luto
1007 1265 1171 1326 haerentes.
1217 1264 1263 1326 Ita
1290 1265 1362 1326 milri
1394 1269 1508 1343 risum,
1541 1266 1626 1346 plura

155 1347 161 1360 ’
270 1355 345 1416 forts
367 1353 451 1416 alias.

374 1441 470 1500 'fuam
500 1441 742 1500 incrementorum
781 1439 906 1499 Veneris
939 1437 1248 1518 decrementorumquc
1286 1440 1523 1502 observationem
1556 1448 1625 1503 ante

271 1537 387 1590 uestros
409 1527 552 1588 tumultus
573 1545 681 1603 magua
701 1527 886 1604 jucunditate
909 1525 976 1603 legi,
1001 1544 1065 1586 cum
1090 1527 1238 1587 literarum
1255 1530 1284 1586 et
1298 1526 1503 1606 philosophiae
1528 1530 1626 1589 culto-

271 1620 351 1688 ribus
374 1617 589 1678 eommuuieavi
611 1619 760 1690 etiamque
776 1614 896 1675 Caesari
918 1612 1115 1674 nunciandum
1132 1615 1243 1678 curavi.
1273 1614 1367 1694 Cupio
1387 1625 1535 1695 spectator
1550 1635 1626 1678 esse.

270 1705 496 1768 lustrumeufnm
519 1702 610 1762 lrabet
632 1702 676 1766 lll.
700 1702 806 1762 Orator
829 1710 926 1762 cetera
949 1704 1090 1782 optimum
1113 1709 1142 1762 et
1164 1719 1223 1779 quo
1246 1701 1318 1779 heri,
1343 1703 1489 1764 dominica
1503 1703 1626 1764 Palma-

185 1825 188 1833 ·
270 1809 349 1867 rum,
382 1791 459 1866 rldi,
487 1793 516 1850 ui
544 1790 643 1865 fallor,
674 1805 775 1852 omnes
798 1796 925 1866 quatuor
946 1791 1203 1862 (mollissimis),
1226 1789 1278 1848 sed
1306 1789 1386 1867 qrrod
1417 1809 1474 1852 nun
1498 1792 1626 1870 amplius

271 1899 359 1959 quam
382 1879 561 1958 septuplicat
583 1877 766 1940 diametrum.
811 1877 898 1937 Luna
919 1878 995 1937 euim
1023 1875 1103 1936 uude
1131 1877 1217 1938 oculo
1246 1879 1311 1936 visa
1339 1888 1447 1956 aequat
1469 1883 1627 1939 marimum

272 1969 374 2029 lannae
397 1968 541 2028 maculam
565 1969 594 2024 in
616 1968 820 2026 instrumento.
866 1965 932 2024 Hoc
955 1967 1178 2023 instrumentum
1200 1981 1258 2024 non
1282 1965 1468 2026 suffecturum
1493 1977 1565 2044 puto
1588 1967 1627 2027 ad

272 2048 391 2117 Saturni
415 2055 599 2131 Venerisque
626 2053 735 2130 figuras
767 2051 991 2130 dignoscendas.
1041 2051 1198 2129 Inopinata
1227 2051 1297 2112 mihi
1326 2053 1543 2132 quodammodo
1574 2055 1629 2114 fuit

272 2151 324 2204 tua
346 2144 525 2204 observatio.
571 2141 645 2202 Nam
669 2148 786 2220 prepter
809 2143 956 2217 ingentem
980 2137 1141 2200 claritatem
1158 2139 1281 2200 Veneris
1305 2142 1456 2220 opinabar,
1481 2145 1630 2220 proprium

272 2233 301 2290 in
326 2229 377 2290 illa
399 2231 498 2290 lumen
522 2231 627 2300 inesse.
673 2227 779 2305 ltaque
802 2227 926 2286 multum
949 2243 1062 2287 mecum
1086 2226 1219 2300 meditor,
1243 2229 1323 2305 quali
1339 2229 1492 2307 superficie
1507 2229 1630 2306 globum

272 2319 351 2380 hunc
373 2325 508 2397 oporteat
530 2333 594 2377 csse
617 2315 791 2394 praeditum.
838 2315 945 2374 Mirum
970 2315 1027 2374 nisi
1049 2313 1167 2374 Cirrthia
1190 2322 1252 2374 tota
1274 2333 1364 2375 aurea
1387 2326 1441 2391 esi,
1465 2327 1525 2392 aut,
1549 2317 1630 2394 quod

273 2404 483 2468 fundamentis
509 2403 700 2480 Astrologicis
724 2403 791 2476 diri,
816 2402 964 2464 electrina.
997 2402 1095 2477 Atque
1119 2400 1170 2461 illa
1186 2408 1225 2478 te,
1248 2405 1304 2463 nisi
1321 2407 1423 2465 tetrico
1441 2405 1525 2465 vultu
1542 2423 1631 2467 aver-

273 2496 356 2569 saris,
380 2492 488 2554 blande
511 2494 658 2570 respiciat.
703 2491 788 2551 Vale.

376 2593 408 2649 L.
423 2595 493 2648 Baro
505 2592 524 2647 J
532 2607 663 2647 oannes
682 2590 868 2646 Hoffmann
887 2587 1006 2660 lieplern
1024 2587 1137 2646 tradidit
1154 2588 1226 2643 ritae
1244 2603 1310 2644 suos
1330 2589 1547 2662 descriptionem,
1566 2608 1584 2647 a
1601 2609 1631 2649 se

274 2682 335 2753 ipso
354 2681 542 2750 conscriptum,
561 2686 591 2735 ut
604 2679 765 2747 corrigeret,
785 2693 854 2748 quae
867 2679 956 2732 miuus
975 2683 1040 2746 apta
1059 2677 1228 2747 viderentur,
1247 2685 1331 2746 atque
1350 2685 1380 2734 ut
1394 2679 1527 2748 judicium
1546 2681 1580 2736 de
1594 2691 1633 2738 'ea
1653 2709 1656 2716 ·

275 2769 327 2828 sibl
345 2767 566 2824 communicarat.
601 2765 749 2834 Keplerurn
768 2765 832 2821 huic
850 2765 976 2835 petitioni
994 2765 1111 2821 fautoris
1131 2763 1250 2819 diuturni
1269 2767 1436 2823 satisfecisse
1461 2776 1576 2840 apparet
1598 2785 1632 2824 ex

276 2857 456 2926 responsione
474 2852 638 2924 Hoffmann,
657 2853 722 2908 data
740 2854 844 2921 Prngae
864 2852 1043 2922 (,exlcctc“)
1063 2851 1089 2906 d.
1108 2852 1152 2908 28.
1165 2852 1323 2908 Decembris
1339 2855 1414 2910 ltili.
1445 2855 1518 2923 lieri,
1538 2856 1633 2912 scribit

274 2943 465 3006 Eulimenos,
483 2942 537 3011 legi
554 2949 659 3012 partem
678 2947 786 2996 tuarum
806 2940 969 2996 notularum.
1001 2938 1132 2994 Gratulor
1144 2939 1177 2994 de
1195 2941 1385 2996 benevolentia
1405 2943 1470 2996 milri
1493 2949 1521 2999 et
1543 2945 1634 3000 omnia

273 3035 370 3104 probo.
407 3033 444 3087 At
461 3031 580 3100 ignosce,
600 3031 636 3084 rui
655 3028 781 3100 Keplere‚
801 3027 850 3082 tibi
869 3027 897 3082 in
916 3026 1039 3082 omnibus
1058 3024 1208 3096 prudenter
1226 3029 1335 3097 quidem
1352 3031 1528 3099 prospicienti
1541 3032 1565 3086 si
1578 3047 1634 3086 uon

276 3121 410 3188 ausculto,
431 3121 479 3176 sed
498 3119 600 3174 larsem
619 3117 721 3186 ingenii
740 3131 860 3185 sequens
878 3115 962 3169 menti
980 3113 1108 3184 propriae
1126 3113 1216 3170 sdhue
1234 3116 1280 3170 bic
1298 3115 1434 3186 indulgeo.
1472 3119 1544 3172 llum
1562 3120 1634 3174 eninr

275 3225 336 3266 rnea
353 3209 420 3279 ista,
446 3225 517 3278 quae
535 3213 600 3263 aute
619 3221 720 3262 aunum
739 3211 887 3272 aegrotans
905 3204 932 3256 in
951 3202 1074 3272 pagellas
1093 3201 1225 3270 quasdam
1252 3203 1423 3274 negligenter
1440 3205 1559 3275 conjeci,
1586 3213 1634 3262 tua

282 3313 355 3354 nunc
374 3296 538 3352 excitatione
556 3302 661 3364 repeto,
680 3292 787 3362 reperio
806 3297 896 3346 errata
914 3289 1024 3361 quidem
1042 3289 1173 3359 plurima,
1192 3303 1264 3358 quae
1282 3290 1337 3343 tuis
1356 3289 1442 3346 oculis
1460 3291 1562 3362 lynceis
1581 3309 1636 3348 nou

277 3385 375 3440 mirum
398 3385 423 3438 si
447 3399 577 3439 nauseam
603 3378 714 3452 pariunt
731 3387 760 3436 et
778 3378 908 3435 taedium.
945 3379 1012 3433 Cum
1031 3393 1095 3432 vero
1120 3377 1189 3432 haec
1208 3377 1301 3432 eudem
1325 3377 1416 3455 vincat
1434 3379 1589 3435 humanitas
1607 3387 1635 3435 et

280 3470 397 3534 affectio,
415 3470 494 3526 rideo
512 3469 585 3540 quod
605 3483 764 3525 succurrere
783 3467 869 3538 cupis.
905 3466 958 3521 Hic
985 3472 1133 3522 occurrunt
1150 3479 1165 3518 e
1184 3465 1295 3533 regione
1317 3464 1444 3548 rationes¹
1456 3465 1579 3536 aliquae,
1606 3467 1634 3522 ui

279 3559 360 3616 fallor
382 3559 457 3614 haud
481 3557 568 3624 lares,
594 3573 664 3626 quae
687 3556 799 3612 medere
824 3561 873 3610 tus
898 3563 926 3610 ct
948 3556 1049 3610 bouem
1072 3553 1250 3608 intentionem
1274 3551 1375 3621 ubique
1401 3567 1455 3607 nou
1479 3551 1634 3610 admittunt

278 3645 484 3702 Mallcratiencs
508 3635 671 3700 tuae'antea
690 3661 706 3699 a
723 3659 766 3699 me
784 3644 866 3700 fassis
889 3643 1089 3712 contradicere,
1114 3642 1295 3698 simulationis
1319 3641 1500 3711 suspicionem
1524 3643 1636 3712 injicere

279 3738 308 3789 at
324 3731 458 3787 mendacii
476 3747 589 3799 arguere
608 3731 741 3802 ridentur,
760 3738 788 3786 et
806 3733 845 3788 sic
864 3731 1026 3802 corrigenda
1044 3733 1149 3802 integre
1168 3731 1271 3800 omnia,
1299 3731 1342 3786 rel
1360 3730 1434 3786 nihil.
1470 3731 1576 3788 Deinde
1594 3741 1637 3790 est

278 3819 344 3876 mibi
362 3820 449 3890 stilus,
469 3820 641 3888 quantumvis
660 3818 750 3874 tenuis
769 3827 796 3875 et
815 3819 966 3890 negligens,
985 3835 1094 3889 semper
1111 3820 1182 3874 idem
1202 3828 1230 3876 et
1247 3821 1335 3878 instar
1353 3823 1462 3877 innatus
1464 3861 1557 3878 .....
1589 3821 1635 3876 Me

282 3907 401 3965 dilucide
420 3909 539 3964 omnium
557 3923 612 3963 uon
631 3906 697 3962 dare
714 3907 863 3978 rationem,
891 3925 962 3978 quae
980 3909 1064 3964 iuuuo
1084 3908 1118 3964 dc
1136 3910 1278 3965 literarum
1296 3909 1407 3979 studiis,
1433 3909 1467 3965 de
1486 3907 1635 3979 disciplinis

278 4003 339 4066 eto,
357 4011 392 4052 us
410 4003 437 4052 te
454 3993 577 4052 afficiant
595 4011 652 4050 oro.
677 3994 819 4065 Attiugere
832 4004 937 4052 tautum
956 3997 1099 4052 leviteres
1117 3997 1232 4052 intentio
1246 4005 1312 4066 εεει,
1332 4013 1402 4067 quaa
1419 3998 1569 4067 praeterire
1581 4014 1635 4053 uon

279 4085 366 4158 potui
379 4124 389 4142 .
404 4125 411 4140 .
426 4125 452 4140 ..
488 4083 585 4139 Scribo
603 4082 744 4151 quaedum,
764 4091 794 4138 ut
813 4083 930 4154 stupidis
949 4083 1112 4153 quibusdum
1131 4100 1179 4139 cnr
1196 4101 1330 4154 premam,
1355 4085 1428 4154 quod
1446 4101 1499 4140 non
1518 4085 1635 4142 inconsi-

280 4174 376 4230 derate
394 4170 531 4242 geminato
550 4171 642 4226 sensui
661 4169 779 4225 involvo.
816 4172 903 4240 Quem
922 4173 991 4241 rulo,
1010 4171 1108 4242 capiet,
1129 4173 1243 4229 allorum
1261 4175 1377 4230 interest
1394 4173 1469 4228 nihil.
1484 4216 1490 4230 .
1505 4216 1533 4231 ..
1561 4175 1636 4230 Haec

280 4259 316 4319 ad
335 4269 364 4317 te
383 4257 509 4316 molestia
527 4259 613 4314 morbi
626 4259 677 4314 mei
690 4259 835 4328 expressit.
862 4260 890 4314 Sl
904 4277 957 4314 non
972 4262 1069 4330 omnia,
1089 4277 1123 4316 ex
1142 4262 1214 4318 omui
1232 4262 1333 4330 angulo
1347 4263 1444 4318 decore
1458 4269 1486 4317 et
1499 4263 1635 4331 decenter,

280 4357 404 4406 menter
421 4355 521 4412 tamen,
539 4347 605 4402 milri
624 4345 717 4414 crede,
736 4353 764 4401 et
781 4347 809 4401 lu
828 4347 901 4403 bunc
918 4349 999 4409 finem
1019 4350 1119 4415 solum,
1144 4367 1178 4404 ue
1197 4351 1220 4406 si
1238 4357 1328 4408 tecum
1347 4353 1455 4405 omnino
1473 4367 1516 4404 me
1536 4351 1636 4406 sentire

280 4452 336 4494 uon
356 4436 545 4508 conspexeris,
568 4435 648 4491 aliter
671 4434 725 4489 hoc
750 4435 869 4504 accipias
895 4445 943 4490 ant
962 4438 995 4492 de
1014 4437 1139 4492 libertate
1162 4445 1210 4494 tua
1232 4438 1377 4507 quicquam
1399 4439 1529 4494 remittas.
1568 4441 1637 4492 Amo

282 4527 354 4582 euim
372 4525 454 4597 illam,
473 4526 582 4582 unicum
599 4524 735 4580 amicitiae
757 4539 850 4578 serum
873 4541 929 4582 cor.
966 4526 1048 4592 Vale,
1071 4533 1153 4593 teque
1174 4525 1264 4594 ipsum
1288 4532 1432 4595 exspecto,
1457 4523 1639 4594 qrraudn,crit

282 4621 399 4682 gratum.
419 4647 451 4654 —
472 4614 617 4683 (Inscripta
636 4619 678 4669 est
696 4609 852 4666 Hoffmauni
866 4614 929 4669 Vita
949 4615 1123 4685 ,Deucano“,
1142 4629 1256 4682 eamque
1269 4611 1415 4682 lieplcrus,
1434 4612 1505 4667 forte
1518 4607 1637 4682 descrip-

282 4707 346 4770 tum,
370 4716 463 4756 secum
481 4701 608 4770 retinuit;
625 4700 697 4756 inest
715 4697 802 4754 codici
821 4699 990 4770 Vienniensi,
1011 4702 1058 4770 qni
1075 4701 1199 4757 conduct
1218 4701 1359 4769 Epistulas
1378 4700 1490 4768 Kepleri
1510 4699 1637 4754 aliorum·

283 4796 477 4934 gualguenus&
492 4788 565 4844 uude
584 4787 715 4845 desumsit
733 4785 808 4842 illam
826 4787 982 4844 Hanschius
1000 4797 1028 4844 et
1046 4789 1200 4846 collectioni
1219 4803 1285 4846 suae
1303 4789 1424 4858 inseruit,
1442 4789 1490 4845 nbi
1508 4785 1639 4858 legitura

282 4889 310 4952 p.
397 4873 425 4930 io
446 4877 456 4932 f
482 4876 516 4950 l.)
