3624 5554
806 391 884 453 scon
1066 457 1070 474 ,
1447 395 1512 467 737

162 577 313 634 vecturam
334 587 535 652 personarum,
560 579 602 634 20
624 574 656 634 in
678 573 827 646 viaticum,
852 577 893 632 40
916 571 1042 649 amplius
1066 574 1095 632 iu
1118 573 1177 634 dno
1192 591 1275 651 vasa,
1299 575 1411 654 repleta
1426 577 1512 639 bouis

163 659 323 722 mobilibus
347 663 413 722 sive
435 659 619 736 supellectili,
643 659 732 738 idqne
755 658 957 722 tantummodo
980 659 1116 721 Lincium
1137 679 1241 740 usque.
1286 663 1385 725 Taceo
1401 672 1511 742 qnanto

162 749 221 824 jam
244 751 275 806 in
299 766 370 809 aere
393 751 447 810 sim
468 749 596 826 hospitis
618 752 686 809 mei.
722 749 846 810 Restant
859 747 932 807 mibi
954 750 1103 826 impensae
1125 765 1184 809 non
1206 749 1314 828 plnres,
1339 769 1427 829 quam
1444 755 1512 830 qui-

165 837 219 896 bus
242 837 281 896 ad
305 853 420 896 moram
447 844 572 912 quatuor
601 835 820 898 hebdomadum
843 843 871 896 et
894 833 1000 896 deinde
1021 835 1060 894 ad
1088 839 1144 897 iter
1171 836 1253 898 aliud
1276 839 1380 914 (breve
1402 839 1513 914 tamen)

166 922 292 1000 indigeo.
339 923 421 984 Intra
442 923 497 984 has
528 931 655 1002 quatuor
685 922 886 986 hebdomadas
908 925 1086 999 exspectabo
1118 931 1256 986 eventum
1277 930 1369 987 nostri
1390 931 1512 1006 negotii.

167 1013 206 1072 st
226 1011 321 1071 nihilo
344 1013 450 1084 minus,
474 1011 630 1074 dummodo
654 1029 706 1092 per
727 1011 926 1072 valetudinem
955 1011 1059 1085 liceat,
1091 1015 1121 1071 in
1143 1031 1258 1074 omnem
1282 1021 1420 1076 eventum
1443 1017 1513 1078 mibi

166 1099 244 1176 apud
274 1099 389 1176 legatos
411 1101 575 1178 principum
604 1100 639 1160 de
669 1099 822 1160 commoda
852 1098 1018 1161 conditione
1046 1100 1176 1177 legitime
1203 1103 1443 1181 circumspiciam,
1472 1107 1515 1164 sic

167 1195 275 1260 umen,
299 1194 333 1247 ut
354 1189 379 1248 si
403 1187 473 1264 quid
496 1191 609 1250 interea
631 1187 672 1250 M.
695 1188 762 1248 'l'ca
785 1187 920 1261 effecerit,
944 1187 975 1246 id
997 1195 1101 1262 ratum,
1129 1197 1227 1250 cetera
1248 1193 1330 1251 irrita
1350 1194 1418 1251 sint.
1455 1189 1515 1252 Ubi

167 1275 223 1334 boc
246 1281 363 1352 tempus
396 1277 542 1338 transierit
571 1283 661 1352 atque
683 1275 726 1337 M.
749 1275 815 1334 Tua
836 1274 1031 1352 postulaverit
1051 1293 1069 1336 a
1091 1293 1152 1350 me,
1183 1283 1215 1336 ut
1238 1276 1348 1338 diutius
1369 1295 1514 1354 maneam,

167 1362 196 1420 id
218 1379 279 1424 non
302 1363 388 1423 aliter
409 1363 480 1422 mibi
502 1364 645 1440 possibile
664 1370 728 1437 est,
758 1365 814 1424 nisi
836 1370 889 1423 aut
911 1363 1053 1423 viaticum
1081 1362 1153 1422 mibi
1174 1382 1194 1424 a
1215 1364 1257 1425 M.
1280 1365 1346 1426 Tua
1367 1383 1421 1442 pro
1444 1385 1516 1426 vec·

166 1459 231 1510 tura
246 1458 276 1511 ct
292 1453 372 1512 victu
387 1453 572 1524 restituatur,
596 1459 629 1510 ut
643 1449 702 1511 duo
718 1468 791 1511 vasa
804 1463 871 1512 mea
892 1448 951 1510 buc
972 1449 1172 1524 solvebantur,
1195 1469 1233 1512 ns
1256 1471 1333 1530 quae
1354 1463 1516 1514 convasata

167 1545 235 1598 sunt
257 1539 317 1598 situ
338 1545 468 1616 percant,
492 1545 544 1598 aut
566 1537 607 1602 M.
622 1538 656 1598 Τ.
672 1537 811 1614 praedem
833 1555 865 1602 se
887 1545 1015 1615 praestet
1036 1555 1089 1614 pro
1112 1557 1158 1598 me
1173 1539 1253 1616 apud
1275 1540 1352 1614 illos,
1375 1542 1516 1618 aquibus

167 1628 336 1686 necesmria
364 1624 437 1684 mibi
463 1624 503 1686 ad
524 1627 634 1686 victum
661 1625 820 1686 coemenda
850 1631 928 1688 sunt.
973 1623 1104 1700 Quorum
1126 1625 1198 1686 illud
1221 1631 1247 1688 si
1269 1635 1446 1706 praestetur,
1476 1628 1516 1689 sd

168 1721 309 1775 semestre
331 1729 440 1790 usque,
470 1713 536 1774 Deo
559 1715 650 1774 vitam
673 1721 869 1790 propagante,
900 1719 1070 1802 exspectare
1099 1725 1217 1790 potero,
1247 1717 1295 1774 sin
1324 1716 1381 1776 hoc
1406 1724 1515 1791 sutem,

169 1804 311 1878 tantisper
334 1801 439 1862 durare
460 1808 559 1879 potest
581 1818 663 1862 mors
684 1818 759 1874 mea,
783 1800 851 1858 dum
874 1799 905 1858 id
919 1799 960 1858 M.
976 1800 1059 1861 Tuae
1082 1810 1111 1860 et
1133 1801 1326 1864 creditoribus
1344 1803 1517 1866 allubescat.

169 1887 287 1949 Interea
308 1890 489 1950 astronomia
512 1895 542 1950 et
563 1888 679 1950 labores
701 1887 743 1948 M.
759 1887 842 1948 Tuae
864 1894 965 1948 tantas
986 1887 1059 1948 mibi
1081 1905 1169 1950 curae
1192 1897 1284 1964 erunt,
1307 1898 1448 1968 quantam
1463 1893 1519 1952 lert

170 1975 310 2037 valetudo
334 1993 410 2038 mea.
456 1975 533 2053 Quin
557 1980 663 2052 etiam,
687 1978 711 2036 si
734 1977 885 2052 negotium
909 1977 1056 2036 exanimi
1079 1979 1226 2038 sententia
1247 1979 1327 2056 apud
1350 1979 1421 2040 0⁰⁰²
1444 1977 1518 2040 Mam

170 2063 309 2124 coniicias
331 2067 546 2141 viaticumque,
569 2065 612 2123 uti
635 2081 719 2140 spem
739 2063 851 2138 iecisti,
873 2063 1019 2140 impetres,
1043 2063 1082 2124 ab
1105 2081 1140 2125 eo
1163 2083 1308 2128 summam
1330 2083 1412 2143 earn,
1441 2085 1519 2144 qnae

170 2154 282 2214 interea
302 2151 373 2212 milri
396 2151 471 2214 cM.
487 2150 554 2212 'l'ua
576 2151 762 2212 commodata
782 2150 883 2228 suerit,
915 2150 1041 2211 demtum
1064 2149 1106 2212 M.
1130 2151 1213 2213 Tuas
1235 2157 1397 2219 restituam.
1442 2155 1520 2231 Quin

171 2243 258 2299 otiam
282 2238 312 2298 id
335 2242 412 2300 iutra
435 2246 454 2300 4
477 2241 658 2317 septimanas
681 2256 801 2316 operam
824 2237 916 2312 dsbo,
941 2246 974 2298 ut
995 2239 1102 2316 aliquis
1125 2240 1202 2300 alius
1224 2241 1296 2302 mibi
1317 2242 1348 2302 id
1370 2242 1520 2318 salarium,

171 2327 251 2402 qnod
274 2325 392 2388 Graecii
414 2327 515 2402 habui,
538 2328 567 2384 in
591 2328 647 2388 boc
669 2327 820 2387 biennium
841 2325 959 2404 pendat,
983 2344 1036 2403 pro
1059 2343 1119 2404 quo
1141 2328 1291 2407 obligatus
1313 2329 1357 2390 iili
1378 2333 1444 2406 sim,
1467 2349 1522 2393 ex·

171 2421 236 2475 acto
259 2421 392 2491 tempore
412 2415 444 2472 in
467 2415 532 2491 ejus
554 2417 706 2475 servitium
729 2416 860 2473 transire.
1291 2435 1295 2442 ⁵

278 2501 382 2562 Habet
402 2503 492 2580 igitur
513 2501 554 2562 M.
579 2502 646 2562 'Pus
668 2519 812 2561 summam
835 2500 1021 2562 consiliorum
1037 2519 1176 2580 meorum,
1200 2522 1276 2582 quae
1299 2511 1332 2584 ut
1354 2506 1425 2566 mibi
1440 2509 1522 2585 inopi

172 2594 200 2649 et
223 2587 341 2651 deserto
365 2597 395 2651 et
418 2590 497 2650 exuli
520 2606 580 2649 non
603 2591 632 2649 in
655 2589 786 2669 pejorem
809 2595 921 2666 partem
952 2591 1156 2666 interpretetur
1179 2593 1285 2653 obnixe
1308 2611 1389 2670 rogo.
1434 2595 1522 2658 Vale.

902 2675 1138 2754 Magnificentius
1162 2685 1191 2739 et
1213 2679 1383 2748 Nobilitstis
1405 2681 1489 2744 Tuae

1085 2764 1315 2830 officiosissimus

1005 2850 1048 2913 M.
1069 2851 1210 2916 Joonncs
1231 2854 1392 2930 Keplerus.

275 2995 473 3052 Maestlirro
490 2994 574 3078 dlii.
586 2995 744 3053 Decembris
763 2996 902 3051 etiamtum
915 2995 1020 3064 Pragae
1037 2994 1154 3052 haerens
1171 2994 1256 3052 refert
1267 2995 1418 3068 Keplerus:
1450 2993 1524 3055 Cum

173 3097 219 3140 rue
241 3087 388 3156 quartana
410 3083 552 3142 invaserit
573 3085 603 3142 in
625 3085 747 3158 itinere,
771 3081 827 3141 diei
850 3098 909 3141 non
932 3087 1045 3158 polest,
1076 3097 1163 3158 quam
1187 3079 1430 3141 melancholicum
1453 3082 1525 3142 mibi

173 3184 382 3245 paroxysmum
405 3171 554 3231 effecerint
568 3178 636 3231 tuae
652 3170 762 3244 literae,
788 3168 867 3246 qnod
892 3185 1007 3229 ornnem
1030 3167 1104 3228 adeo
1119 3185 1201 3245 spem
1215 3169 1244 3225 irr
1260 3168 1412 3228 academia
1426 3176 1526 3230 vestra

173 3255 415 3333 prociderunt).
459 3257 534 3317 Nam
558 3259 606 3318 bic
629 3257 744 3335 Prsgae
767 3258 867 3317 inveni
896 3259 993 3316 omnia
1022 3257 1216 3315 incertissima
1239 3261 1268 3317 et
1291 3255 1327 3317 de
1349 3273 1415 3316 mco
1439 3259 1526 3334 vivc;

173 3342 352 3404 manendum
373 3361 444 3406 vero
467 3345 536 3404 dum
560 3345 764 3406 convalescam
788 3353 840 3404 aut
862 3347 978 3404 moriar.
1017 3342 1124 3402 Omnia
1146 3342 1310 3420 quadruplo
1334 3352 1402 3405 sunt
1416 3347 1526 3423 preti03

175 3439 290 3491 tantum
312 3435 413 3492 uxoris
435 3443 519 3493 meae
541 3436 667 3509 miseret,
691 3451 779 3510 qnam
801 3445 915 3493 mecum
937 3432 1042 3492 habeo.
1089 3431 1216 3508 Rragam
1240 3448 1309 3491 vero
1331 3433 1390 3509 lvi,
1421 3441 1473 3493 aut
1496 3440 1529 3494 ut

172 3527 357 3596 praestarem
380 3519 515 3599 Tyeboui
539 3520 617 3598 quod
638 3523 776 3599 promisi,
800 3523 826 3580 si
848 3521 944 3581 victus
967 3518 1066 3593 detur,
1097 3523 1148 3578 ant
1170 3525 1203 3578 ut
1225 3521 1448 3597 praecipuarum
1471 3523 1528 3581 ob·

175 3610 377 3667 servationem
400 3625 520 3686 compos
549 3609 657 3670 fierem.
704 3607 739 3668 Id
762 3606 800 3668 ad
822 3609 973 3667 minimum
1003 3621 1098 3684 spero.
1145 3603 1277 3667 Obsecro
1299 3614 1328 3667 te
1351 3607 1529 3686 Praeceptor

175 3693 360 3770 honorande,
383 3698 492 3756 enitere
515 3702 548 3755 ut
569 3697 594 3756 si
618 3713 677 3774 qua
699 3696 829 3756 conditio
851 3693 930 3772 apud
953 3711 1007 3755 vos
1030 3701 1125 3768 vacet,
1149 3696 1179 3752 in
1203 3712 1268 3755 esnr
1291 3712 1347 3772 ego
1363 3696 1528 3757 succedam.

176 3779 296 3858 Ubique
319 3785 362 3842 ita
384 3799 562 3860 megaram,
585 3791 619 3843 ut
639 3791 754 3860 gratum
778 3783 952 3860 discipulum
975 3781 1068 3842 decet.
1109 3781 1201 3842 Crede
1217 3783 1297 3857 milri,
1321 3784 1346 3842 si
1362 3784 1530 3862 Tubingam

175 3878 292 3930 mature
317 3887 435 3944 venero,
459 3869 567 3932 multos
589 3870 744 3949 Styrenses
766 3871 882 3943 nobiles
904 3885 940 3929 eo
963 3876 1126 3942 attraxere,
1150 3871 1200 3945 qui
1223 3871 1363 3930 aliorsum
1387 3872 1530 3933 concede·

177 3963 251 4018 rent.
308 3957 412 4036 Tycho
444 3961 515 4018 mire
548 3958 774 4036 philosophatur
802 3961 850 4031 (de
873 3959 1042 4016 observando
1062 3961 1132 4016 Solis
1159 3960 1281 4029 deliquio
1305 3961 1530 4031 aestimandaque

158 4055 161 4067 ’
179 4049 335 4118 quantitate
354 4049 579 4120 obscurationis).
620 4047 839 4108 Demonstratio
855 4047 947 4106 totins
960 4049 1003 4106 rei
1018 4063 1084 4106 cum
1107 4049 1145 4106 sit
1168 4044 1290 4122 pulchra
1312 4051 1342 4105 ct
1363 4045 1530 4119 artificiosa,

177 4135 296 4196 ridetur
317 4135 389 4195 mibi
412 4137 515 4214 digua,
538 4153 628 4211 quam
650 4136 728 4214 typis
750 4133 894 4195 mandem.
939 4133 1044 4211 Itaque
1067 4135 1093 4194 si
1116 4137 1154 4194 sit
1177 4133 1397 4212 typographus,
1422 4133 1529 4192 curabo

179 4224 219 4282 im
240 4225 317 4282 rimi.

219 4241 239 4301 p
282 4313 317 4369 In
333 4311 506 4382 praelatione
529 4311 564 4368 ad
583 4312 703 4370 Tabulas
721 4310 912 4382 Rndolphiuss
935 4309 1014 4367 dicit:
1056 4309 1143 4369 Anno·
1172 4306 1427 4381 monostemi,
1465 4323 1531 4367 cunr

177 4399 241 4476 ism
264 4396 450 4459 discessisset
472 4397 747 4474 Longcmontanus,
778 4393 913 4474 Tycboni
935 4413 982 4455 mc
1005 4413 1071 4456 cum
1093 4395 1205 4458 familia
1227 4395 1340 4472 Pragas
1361 4397 1423 4455 stitl
1444 4411 1532 4471 prse-

180 4493 310 4562 sentem,
339 4483 395 4545 scd
417 4483 569 4561 inutilem,
598 4489 707 4564 qnippe
730 4489 875 4562 quartana
896 4501 944 4544 me
965 4485 995 4543 in
1019 4486 1121 4545 itinere
1150 4485 1329 4560 corripuerat
1351 4481 1533 4561 detinuitque

281 4659 307 4727 ⁸)
326 4657 435 4720 Qualem
447 4657 577 4708 Mssstlini
594 4659 783 4722 responsionem
802 4659 842 4708 bis
855 4657 922 4707 dicat
934 4657 1070 4723 Kapisrns,
1089 4659 1222 4708 mucimus.
1246 4653 1301 4704 Una
1313 4659 1428 4719 superest
1439 4653 1533 4705 Maest-

183 4729 229 4778 llnl
246 4732 359 4794 epistola
375 4729 425 4780 hoc
443 4742 509 4780 enno
528 4729 588 4778 dats
606 4728 660 4796 (15.
672 4725 750 4796 dam),
769 4729 796 4778 ln
814 4742 865 4793 qua
882 4727 915 4778 sd
933 4730 1106 4794 quaestionem
1125 4726 1229 4790 Kepleri
1247 4726 1279 4774 ds
1295 4737 1368 4774 mora
1380 4725 1535 4788 Tubingensl

184 4801 313 4864 respondit
330 4804 364 4861 (r.
382 4815 404 4854 s.
422 4815 450 4865 p.
471 4799 540 4861 708),
558 4801 620 4848 item
636 4813 727 4865 parum
745 4801 869 4864 praebens
887 4799 981 4851 solatii.
1016 4797 1079 4847 Eum
1097 4811 1172 4862 quum
1184 4796 1247 4844 dicit
1257 4793 1382 4861 Ksplerus
1400 4797 1534 4864 epistolam

184 4885 264 4935 usque
280 4875 309 4923 in
326 4871 509 4936 manuscriptis
527 4870 763 4934 succensendum
780 4883 862 4934 nsque
878 4867 1089 4944 Pulkoviensibus
1107 4865 1326 4933 deprehendimus.

233 4955 329 5012 uslei
342 4956 420 5013 opera
434 4955 500 5003 vm.
1293 4951 1335 5017 48.
