3662 5544
820 437 895 496 ιιιι.
1083 431 1090 456 ’
1259 475 1261 480 -
1463 445 1557 519 359,-

176 616 345 678 mutationis
368 615 491 680 Veneris
514 617 673 678 etiamnum
694 634 784 696 super
806 615 921 694 aliquot
948 617 1096 697 scropulis
1122 619 1235 684 dubito.
1278 621 1365 699 Rogo
1386 627 1527 704 maiorem

176 705 205 762 in
227 703 355 778 modurn,
379 707 531 766 certiorem
553 722 600 768 me
622 706 723 780 iacias,
747 708 773 766 si
788 705 943 784 'l'ubinpaa
964 708 1127 784 reperiatur
1148 708 1256 786 aliquis
1279 710 1384 772 calculi
1406 719 1526 794 peritos,

176 794 226 868 qui
248 791 287 852 ad
309 810 355 852 me
378 791 536 854 concedere
559 793 630 854 solit
652 811 705 872 per
726 792 849 872 aliquod
872 801 986 871 tempus
1014 793 1061 855 sel
1091 812 1144 872 pro
1168 799 1433 863 communicatione
1456 807 1527 867 artis

176 878 224 940 uel
245 897 298 958 pro
320 879 478 958 stipendio.

279 981 310 1036 In
327 979 414 1035 literis
432 979 477 1038 die
494 979 537 1038 22.
555 981 622 1038 nee.
640 982 716 1038 tcto.
736 979 881 1038 Maecilino
904 981 975 1037 datis
996 981 1121 1051 pluribus
1145 980 1255 1038 disserit
1272 983 1409 1053 lieplerns
1433 987 1467 1044 de
1485 1005 1527 1047 re·

174 1066 311 1132 fractione,
329 1083 380 1124 nec
398 1083 455 1124 non
472 1067 600 1125 describit
616 1069 832 1126 observationem
856 1069 964 1140 eclipsis
989 1069 1093 1126 lunaris
1112 1070 1137 1126 d.
1155 1069 1198 1126 27.
1216 1071 1285 1141 Aug.
1306 1075 1374 1130 told
1397 1076 1528 1150 habitam,
1572 1109 1576 1154 1

175 1169 244 1225 quse
260 1153 388 1224 leguntur
406 1155 449 1210 rol
467 1155 502 1210 ΙΙ.
520 1171 548 1224 p.
568 1155 598 1210 31
620 1171 656 1212 ss.
676 1165 705 1213 et
722 1156 774 1212 rol.
793 1157 841 1214 Ill.
861 1174 887 1227 p.
907 1159 956 1213 bii
977 1164 1005 1213 et
1022 1158 1083 1222 724,
1102 1171 1157 1226 quo
1174 1159 1318 1226 posteriori
1337 1160 1398 1218 loco
1415 1165 1527 1222 modurn

176 1243 336 1300 obseruandi
360 1250 388 1301 et
410 1245 620 1301 instrumentum
646 1245 838 1314 exponitque
863 1261 930 1300 usus
956 1244 1047 1301 inerit.
1083 1245 1125 1300 De
1143 1245 1240 1301 stodiis
1262 1247 1320 1303 suis
1345 1247 1414 1305 haec
1430 1251 1525 1312 refert:

121 1357 153 1374 ·-
176 1327 209 1385 ln
232 1327 367 1405 Epitome
390 1327 466 1388 ultra
488 1331 603 1390 tertiam
626 1331 765 1405 paginam
788 1331 852 1408 typi
874 1345 932 1388 nou
948 1337 1162 1406 processerunt,
1185 1329 1268 1394 deest
1289 1333 1374 1394 nobie
1396 1338 1528 1418 sculptor

176 1414 324 1492 lignarios.
355 1416 460 1492 ltaque
482 1433 554 1494 rogo
577 1415 773 1489 vehementer,
797 1415 846 1476 sel
868 1415 1035 1476 commodes
1057 1417 1105 1476 sel
1128 1415 1241 1478 vendas
1264 1419 1336 1480 mihi
1358 1427 1446 1500 typos
1469 1427 1526 1506 lig.

175 1519 245 1564 neos
266 1502 416 1580 Epitomes
439 1513 516 1578 tuae,
541 1511 695 1580 utrumque
718 1503 796 1564 dicto
819 1507 946 1581 pretio..
964 1547 996 1564 ..
1033 1504 1080 1564 Dc
1097 1505 1194 1564 causis
1216 1505 1348 1586 physicis
1370 1512 1456 1573 salva
1477 1531 1524 1576 res

176 1598 234 1664 eet;
257 1591 397 1667 quicquid
420 1592 456 1652 de
480 1593 525 1652 bis
549 1591 683 1669 disputo,
706 1591 736 1650 id
758 1593 834 1650 iuter
854 1593 997 1670 principia
1018 1591 1141 1652 relertur
1141 1633 1249 1656 .....
1294 1595 1357 1672 Ego
1380 1601 1406 1658 st
1427 1602 1525 1664 minu,
1574 1631 1579 1648 ι

175 1695 273 1736 reram
296 1678 483 1756 hypothesin,
506 1678 610 1740 saltem
625 1696 692 1738 mea
707 1681 844 1756 opinione
859 1696 958 1739 veram
974 1679 1058 1738 trado
1074 1697 1203 1754 causam,
1226 1697 1304 1757 quae
1321 1685 1525 1752 multominus

174 1769 266 1836 (quam
284 1770 460 1842 Fabricium,
486 1771 536 1827 cir.
554 1771 603 1826 iii.
625 1770 675 1826 128
693 1769 744 1838 ss.)
767 1765 857 1826 habet
879 1765 1071 1826 absurditatis
1093 1771 1126 1825 in
1147 1770 1343 1845 computando
1360 1778 1525 1853 compendii

177 1851 221 1912 uel
244 1853 311 1930 plus
344 1853 392 1914 vel
419 1857 515 1914 minua
538 1852 718 1914 tantundem.
766 1853 841 1914 Dico
863 1856 956 1927 enirn,
986 1853 1085 1922 librari
1113 1854 1262 1932 planetam
1292 1859 1322 1916 ln
1347 1857 1426 1921 linea
1446 1875 1527 1926 recta

176 1957 274 2000 sersus
297 1941 397 2001 Solem
419 1945 589 2018 appetentia
611 1941 791 2018 magrretioa,
823 1959 906 2017 quee-
921 1943 952 2000 in
974 1940 1098 2001 dirersis
1127 1941 1264 2003 librarum
1288 1944 1526 2014 inclinationibus

174 2029 212 2087 sit
226 2028 360 2090 diuersae
376 2029 572 2106 tortitudinis3
595 2029 700 2090 metior
714 2028 791 2088 banc
805 2028 1003 2090 tortitudinem
1018 2045 1071 2105 per
1085 2030 1176 2105 sinus,
1202 2031 1336 2092 ellectum
1351 2051 1404 2112 par
1419 2037 1526 2119 (since)
1582 2095 1588 2108 ,

174 2132 274 2176 sersus
297 2117 463 2177 anomaliae
485 2119 627 2190 eceentri,
649 2133 702 2192 pro
726 2117 839 2177 ratione
860 2133 931 2177 sero
954 2116 1157 2177 distantiarum
1179 2116 1218 2178 ad
1241 2118 1341 2180 Solem
1363 2124 1440 2185 laclo
1462 2135 1526 2188 tar·

174 2201 240 2262 dem
262 2204 312 2266 vel
334 2204 466 2266 velocem
488 2223 518 2265 re
541 2221 621 2264 reru.
658 2203 840 2281 Hypothesls
863 2210 908 2264 est
931 2205 1065 2281 physica,
1089 2205 1161 2282 quia
1183 2205 1274 2267 habet
1296 2211 1431 2288 exempla
1446 2213 1526 2294 phy-

172 2293 232 2351 sica
254 2295 408 2370 magnetis,
432 2300 478 2353 est
498 2293 631 2370 physica,
654 2291 683 2352 b.
701 2309 725 2350 e.
742 2291 894 2365 naturalis,
920 2289 991 2368 quita
1016 2309 1085 2352 seru
1108 2301 1138 2353 et
1153 2293 1260 2354 educta
1282 2312 1319 2357 ex
1334 2300 1400 2375 ipsa
1416 2310 1522 2364 natura

173 2382 285 2440 iuterna
306 2396 459 2458 corporum
474 2379 612 2458 planetae
628 2386 658 2440 et
672 2377 760 2451 Solis,
784 2385 829 2438 est
843 2379 975 2458 physice,
1000 2380 1070 2456 quia
1083 2379 1187 2440 modos
1202 2397 1304 2442 omnes
1319 2391 1400 2446 tenet
1415 2392 1525 2450 motio-

172 2483 239 2526 num
261 2468 455 2544 naturalium
479 2477 524 2529 ast
548 2476 646 2528 tamen
672 2468 759 2526 etiam
785 2469 998 2540 astronomica,
1021 2467 1092 2542 qula
1114 2469 1403 2544 compendiosissime
1426 2483 1527 2554 potest

172 2559 333 2632 computari
355 2559 494 2632 aequatio
510 2563 540 2616 et
555 2554 693 2614 distantia
708 2552 855 2630 planetae.
885 2553 988 2614 Posita
1002 2556 1078 2614 enirn
1095 2555 1244 2615 aucmaha
1269 2563 1412 2635 eceentri,
1436 2561 1525 2626 datur

172 2643 242 2702 mihi
270 2645 351 2703 sinus
382 2643 447 2720 ejus
476 2641 681 2720 complementi
712 2639 760 2701 sel
788 2657 939 2716 arcemus,
971 2648 1000 2702 et
1031 2649 1063 2702 ut
1091 2642 1173 2702 sinus
1196 2649 1276 2704 totus
1299 2645 1454 2724 adhunc,
1480 2654 1524 2715 rio

171 2730 289 2792 libratio
319 2731 440 2797 dimidia
460 2747 511 2791 sec
536 2729 737 2792 eceentricitas
766 2735 828 2789 tota
858 2727 896 2788 ad
924 2737 1036 2806 partem
1066 2728 1229 2790 librationis
1258 2729 1318 2792 illic
1347 2734 1524 2815 addendam,

171 2817 219 2879 hic
240 2819 428 2880 auferendam
450 2836 470 2877 a
491 2816 707 2879 semidiametro
735 2815 847 2876 orbitae
876 2815 1022 2892 planetae.
1068 2817 1306 2878 Demonstrstum
1337 2829 1382 2881 est
1403 2823 1523 2886 solidis·

170 2907 251 2980 sione,
274 2907 320 2968 his
343 2905 508 2966 librationis
522 2905 756 2983 simplicissimae
770 2903 886 2979 legibus
901 2903 1024 2980 effigiari
1041 2905 1168 2965 orbitani
1183 2905 1353 2984 ellipticam.
1384 2909 1523 2988 Sequitur

171 2997 325 3070 aequatio,
359 2994 442 3070 cujus
464 3002 533 3056 sunt
554 3000 652 3070 partes
683 2993 782 3068 optioa
803 2997 833 3051 at
855 2990 988 3071 physica.
1033 2990 1141 3070 Opticu
1169 2999 1214 3053 est
1236 2987 1271 3054 er
1296 2999 1521 3075 eceentricitste,

171 3081 292 3159 physice
315 3099 351 3142 ex
373 3081 499 3141 naturali
523 3081 659 3140 tarditate
691 3079 729 3138 ob
757 3075 925 3138 distantiam
948 3097 966 3138 a
989 3077 1058 3140 Sole
1081 3081 1251 3140 auctiorem.
1296 3080 1423 3145 Rursum
1445 3086 1522 3150 hanc

172 3177 307 3246 computo
329 3167 476 3230 facillime.
521 3168 596 3228 Nam
620 3174 655 3229 ut
676 3173 720 3227 est
741 3167 823 3226 sinus
843 3166 1009 3234 anomaliae
1033 3169 1158 3228 eceentri
1180 3166 1218 3228 ud
1242 3175 1351 3244 totnnr,
1381 3175 1425 3233 sio
1452 3191 1522 3238 area

172 3257 236 3333 (seu
257 3258 358 3333 potios
374 3251 473 3341 valor)
494 3254 632 3332 trianguli
648 3255 812 3330 aequatorii
827 3253 864 3312 ad
880 3271 978 3316 areana
995 3249 1153 3339 (valorem)
1174 3254 1253 3317 illius
1269 3259 1417 3336 trianguli,
1442 3263 1522 3337 quod

172 3345 200 3402 in
221 3345 371 3404 anomalia
394 3343 491 3406 media
513 3351 586 3418 stat,
617 3344 747 3402 existens
777 3343 907 3402 omnium
933 3346 1090 3403 maximum
1094 3386 1201 3406 .....
1244 3344 1279 3404 ln
1302 3353 1384 3423 parte
1406 3349 1522 3427 reliqua

171 3433 355 3508 aequationis
385 3435 500 3512 optieae
531 3448 644 3492 rursum
674 3437 741 3490 ntor
769 3431 835 3488 sinu
868 3431 1072 3509 complementl
1106 3430 1154 3492 sel
1185 3447 1322 3493 excessus
1355 3437 1522 3500 anomaliae

171 3522 304 3593 eceentri,
327 3521 375 3580 cui
397 3520 475 3580 addo
498 3519 547 3580 sel
568 3515 690 3580 detraho
714 3517 974 3591 eceentricitstsm,
998 3525 1027 3578 et
1049 3524 1082 3578 ut
1104 3518 1243 3579 distentia
1266 3519 1402 3598 planetae
1418 3541 1436 3584 a
1451 3525 1521 3588 Sole

170 3607 207 3666 ad
228 3606 305 3668 hauc
326 3607 445 3682 iactam,
468 3609 511 3668 sic
532 3608 614 3667 sinus
635 3611 715 3665 totus
736 3603 775 3663 ad
797 3606 892 3664 sinurn
916 3601 1121 3683 'complementi
1137 3605 1186 3666 rel
1202 3623 1340 3669 excessus
1356 3613 1522 3676 anomaliae

171 3703 350 3772 coaequatae
353 3739 484 3759 ......
529 3694 631 3765 Vides,
655 3690 727 3750 nihil
748 3692 889 3752 interesse
912 3696 1118 3768 astronomiae,
1141 3693 1264 3774 physica
1286 3697 1325 3757 sit
1346 3695 1521 3778 hypothesis

170 3801 206 3842 un
228 3783 305 3858 licta,
330 3782 489 3843 dummodo
511 3788 714 3859 computemus
737 3777 815 3841 inde.
854 3822 857 3833 .

270 3883 302 3938 In
320 3882 406 3940 literis
418 3881 490 3939 datis
504 3882 529 3936 d.
542 3884 567 3938 5.
581 3880 649 3950 hlsji
666 3879 838 3949 quaesiverat
849 3877 992 3949 Keplerus,
1011 3894 1066 3948 quo
1084 3879 1146 3936 loco
1164 3881 1413 3940 essenthiaestlini
1430 3885 1522 3944 studia

168 3968 365 4038 chronologica,
375 3985 478 4038 suaque
489 3967 531 4025 illi
542 3967 702 4035 tradiderat;
716 3982 777 4021 oum
785 3965 948 4021 Maesthnus
957 3981 1009 4021 non
1020 3966 1111 4020 atatim
1120 3968 1305 4039 responderet,
1315 3971 1384 4040 petit
1395 3972 1423 4026 in
1435 3971 1521 4030 literis

169 4055 237 4110 datis
254 4071 347 4111 mense
360 4055 519 4126 Septembri,
538 4072 598 4110 corn
618 4053 737 4110 nondum
755 4053 853 4110 certior
870 4053 959 4108 iactus
979 4058 1060 4116 esset,
1078 4068 1113 4108 an
1125 4053 1271 4110 Maestlino
1289 4056 1411 4113 redditae
1428 4065 1522 4117 essent

171 4141 304 4204 „schedae
316 4143 583 4213 chronographicset
597 4157 672 4210 snae,
689 4147 735 4206 ,ut
748 4155 778 4196 se
794 4137 879 4196 iaciat
891 4155 1015 4196 securum
1028 4147 1065 4209 et,
1084 4141 1107 4196 si
1119 4142 1235 4212 placeat,
1247 4145 1392 4200 remittat*
1418 4145 1521 4202 hlaeat·

169 4231 238 4286 linus
256 4229 399 4300 respondit
416 4229 451 4284 ad
469 4231 562 4286 literas
581 4232 631 4288 has
651 4232 676 4287 d.
694 4231 737 4285 21.
758 4228 941 4298 Septembris,
968 4227 1076 4283 aridum
1100 4243 1130 4282 se
1156 4229 1346 4298 chronologica
1364 4230 1475 4299 Keplerl
1492 4237 1522 4288 et

169 4335 228 4373 cnm
246 4318 387 4388 voluptate
405 4315 512 4386 legisse.
537 4317 711 4388 Propositum
725 4315 776 4372 sibi
793 4327 863 4382 esse,
881 4314 915 4370 de
934 4313 1072 4384 aliquibus
1086 4317 1235 4387 Keplernm
1247 4331 1365 4385 monere,
1384 4331 1445 4372 esse
1456 4333 1520 4374 sero

171 4421 202 4462 ea
219 4404 341 4462 nondum
360 4404 505 4477 descripta,
525 4407 575 4462 sed
592 4405 717 4475 proxima
734 4403 878 4459 occasione
897 4417 927 4458 se
946 4403 1036 4458 omnia
1055 4403 1134 4460 simul
1152 4404 1304 4458 missurum.
1339 4403 1452 4459 Placere
1469 4403 1521 4460 arbi

169 4493 371 4549 adornationem
384 4493 540 4564 Epitomes,
559 4499 638 4550 eante
656 4505 720 4547 vero
737 4490 873 4562 agendum
893 4505 954 4546 esse
976 4497 1089 4560 propter
1106 4505 1167 4561 eos,
1192 4489 1238 4558 qui
1255 4500 1305 4559 pro
1323 4489 1520 4561 hypothesibus

169 4579 276 4635 nshatis
295 4577 474 4636 defendendis
491 4582 603 4638 nimium
621 4579 754 4636 laborent.
780 4579 838 4644 ,ile
855 4577 935 4633 Luna
952 4593 1023 4649 quae
1043 4579 1152 4646 scribis,
1171 4575 1260 4646 pergit
1275 4574 1447 4644 Maestlinus,
1466 4593 1521 4634 non

168 4668 247 4738 plane
265 4665 399 4738 intellige,
418 4667 543 4724 existimo
561 4675 659 4738 anum,
678 4667 723 4722 hic
735 4681 752 4720 a
764 4664 854 4722 uasis
872 4664 993 4735 physicis
1010 4663 1201 4722 abstinendum
1219 4675 1280 4718 esse
1299 4669 1327 4717 et
1338 4665 1521 4722 astronomica

168 4755 360 4826 ethonomica,
385 4767 434 4824 per
457 4769 553 4812 causas
571 4763 599 4812 et
616 4755 783 4828 hypotheses
807 4753 1018 4823 asmonomieas,
1042 4768 1097 4809 non
1118 4749 1260 4822 physicas,
1283 4763 1345 4804 esse
1366 4752 1519 4810 tractanda.

169 4843 293 4900 Calculus
312 4843 385 4898 eninr
403 4841 578 4898 fundamenta
596 4842 777 4900 cenommica
795 4856 830 4898 ex
847 4841 995 4910 geomeffla
1013 4847 1042 4894 et
1059 4836 1227 4895 arithmetica
1238 4836 1372 4907 postulat,
1389 4854 1444 4894 non
1455 4853 1520 4896 con·

165 4931 284 5002 lecturas
303 4928 442 5004 physicas,
461 4943 531 5000 qnss
548 4928 677 4989 lectorem
694 4929 780 5000 meris
797 4929 961 5003 perturbm
982 4942 1065 4998 quern
1082 4925 1236 4984 minrmsut.
1272 4923 1328 4988 sad
1344 4941 1400 4989 con
1417 4927 1519 5012 dubito,
