<?xml version="1.0" encoding="UTF-8"?>
<!DOCTYPE html PUBLIC "-//W3C//DTD XHTML 1.0 Transitional//EN"
    "http://www.w3.org/TR/xhtml1/DTD/xhtml1-transitional.dtd">
<html xmlns="http://www.w3.org/1999/xhtml" xml:lang="en" lang="en">
 <head>
  <title>
</title>
<meta http-equiv="Content-Type" content="text/html;charset=utf-8" />
  <meta name='ocr-system' content='tesseract 3.04.00' />
  <meta name='ocr-capabilities' content='ocr_page ocr_carea ocr_par ocr_line ocrx_word'/>
</head>
<body>
  <div class='ocr_page' id='page_1' title='image "./joanniskepleria25frisgoog/joanniskepleria25frisgoog_0408.png"; bbox 0 0 3588 5540; ppageno 0'>
   <div class='ocr_carea' id='block_1_1' title="bbox 595 407 1530 484">
    <p class='ocr_par' dir='ltr' id='par_1_1' title="bbox 595 407 1530 484">
     <span class='ocr_line' id='line_1_1' title="bbox 595 407 1530 484; baseline 0.001 -16"><span class='ocrx_word' id='word_1_1' title='bbox 595 408 639 468; x_wconf 89' lang='lat' dir='ltr'><strong>De</strong></span> <span class='ocrx_word' id='word_1_2' title='bbox 659 407 752 470; x_wconf 83' lang='lat' dir='ltr'><strong>amida</strong></span> <span class='ocrx_word' id='word_1_3' title='bbox 769 415 798 470; x_wconf 91' lang='lat' dir='ltr'><strong>et</strong></span> <span class='ocrx_word' id='word_1_4' title='bbox 815 407 971 468; x_wconf 73' lang='lat' dir='ltr'><strong>fautoribus</strong></span> <span class='ocrx_word' id='word_1_5' title='bbox 988 407 1108 484; x_wconf 82' lang='lat' dir='ltr'><strong>liepiori</strong></span> <span class='ocrx_word' id='word_1_6' title='bbox 1465 407 1530 483; x_wconf 71' lang='lat'><strong>949</strong></span> 
     </span>
    </p>
   </div>
   <div class='ocr_carea' id='block_1_2' title="bbox 98 589 1605 2072">
    <p class='ocr_par' dir='ltr' id='par_1_2' title="bbox 178 589 1531 930">
     <span class='ocr_line' id='line_1_2' title="bbox 181 589 1531 672; baseline 0.001 -18"><span class='ocrx_word' id='word_1_7' title='bbox 181 589 249 654; x_wconf 87' lang='lat' dir='ltr'><strong>diae</strong></span> <span class='ocrx_word' id='word_1_8' title='bbox 273 590 324 652; x_wconf 65' lang='lat'><strong>151</strong></span> <span class='ocrx_word' id='word_1_9' title='bbox 347 590 552 672; x_wconf 72' lang='lat' dir='ltr'><strong>accipiatupi“</strong></span> <span class='ocrx_word' id='word_1_10' title='bbox 599 590 647 650; x_wconf 87' lang='lat' dir='ltr'><strong>Ad</strong></span> <span class='ocrx_word' id='word_1_11' title='bbox 668 591 743 654; x_wconf 89' lang='lat' dir='ltr'><strong>haec</strong></span> <span class='ocrx_word' id='word_1_12' title='bbox 764 590 929 670; x_wconf 83' lang='lat' dir='ltr'><strong>chlerus:</strong></span> <span class='ocrx_word' id='word_1_13' title='bbox 960 589 1044 672; x_wconf 83' lang='lat' dir='ltr'><strong>„Risi</strong></span> <span class='ocrx_word' id='word_1_14' title='bbox 1066 595 1111 666; x_wconf 88' lang='lat' dir='ltr'><strong>tc,</strong></span> <span class='ocrx_word' id='word_1_15' title='bbox 1137 593 1187 669; x_wconf 93' lang='lat' dir='ltr'><strong>qui</strong></span> <span class='ocrx_word' id='word_1_16' title='bbox 1211 592 1240 652; x_wconf 94' lang='lat' dir='ltr'><strong>in</strong></span> <span class='ocrx_word' id='word_1_17' title='bbox 1263 610 1330 658; x_wconf 88' lang='lat' dir='ltr'><strong>mea</strong></span> <span class='ocrx_word' id='word_1_18' title='bbox 1355 591 1463 656; x_wconf 76' lang='lat' dir='ltr'><strong>(imeri</strong></span> <span class='ocrx_word' id='word_1_19' title='bbox 1482 595 1531 656; x_wconf 89' lang='lat' dir='ltr'><strong>in·</strong></span> 
     </span>
     <span class='ocr_line' id='line_1_3' title="bbox 179 679 1530 758; baseline 0.001 -18"><span class='ocrx_word' id='word_1_20' title='bbox 179 681 264 741; x_wconf 83' lang='lat' dir='ltr'><strong>venis</strong></span> <span class='ocrx_word' id='word_1_21' title='bbox 294 686 452 743; x_wconf 76' lang='lat' dir='ltr'>secantem.</span> <span class='ocrx_word' id='word_1_22' title='bbox 498 679 688 742; x_wconf 81' lang='lat' dir='ltr'><strong>Abscissorcs</strong></span> <span class='ocrx_word' id='word_1_23' title='bbox 719 680 836 758; x_wconf 91' lang='lat' dir='ltr'><strong>quidem</strong></span> <span class='ocrx_word' id='word_1_24' title='bbox 868 679 1038 758; x_wconf 90' lang='lat' dir='ltr'><strong>praedicant</strong></span> <span class='ocrx_word' id='word_1_25' title='bbox 1065 679 1220 758; x_wconf 77' lang='lat' dir='ltr'>astrologi,</span> <span class='ocrx_word' id='word_1_26' title='bbox 1252 681 1306 742; x_wconf 87' lang='lat' dir='ltr'><strong>sed</strong></span> <span class='ocrx_word' id='word_1_27' title='bbox 1329 685 1349 741; x_wconf 93' lang='lat' dir='ltr'><strong>ii</strong></span> <span class='ocrx_word' id='word_1_28' title='bbox 1371 683 1442 742; x_wconf 91' lang='lat' dir='ltr'><strong>mihi</strong></span> <span class='ocrx_word' id='word_1_29' title='bbox 1471 700 1530 743; x_wconf 92' lang='lat' dir='ltr'><strong>nou</strong></span> 
     </span>
     <span class='ocr_line' id='line_1_4' title="bbox 179 766 1530 848; baseline 0.003 -22"><span class='ocrx_word' id='word_1_30' title='bbox 179 767 306 847; x_wconf 87' lang='lat' dir='ltr'><strong>placent.</strong></span> <span class='ocrx_word' id='word_1_31' title='bbox 351 768 397 828; x_wconf 82' lang='lat' dir='ltr'><strong>&#39;lh</strong></span> <span class='ocrx_word' id='word_1_32' title='bbox 422 785 492 828; x_wconf 86' lang='lat' dir='ltr'><strong>vero</strong></span> <span class='ocrx_word' id='word_1_33' title='bbox 515 786 551 828; x_wconf 90' lang='lat' dir='ltr'><strong>ex</strong></span> <span class='ocrx_word' id='word_1_34' title='bbox 574 768 724 844; x_wconf 74' lang='lat' dir='ltr'><strong>astrologo</strong></span> <span class='ocrx_word' id='word_1_35' title='bbox 749 773 779 828; x_wconf 91' lang='lat' dir='ltr'><strong>et</strong></span> <span class='ocrx_word' id='word_1_36' title='bbox 797 775 970 848; x_wconf 73' lang='lat' dir='ltr'><strong>astronomo</strong></span> <span class='ocrx_word' id='word_1_37' title='bbox 1000 766 1137 827; x_wconf 87' lang='lat' dir='ltr'><strong>eoniusue</strong></span> <span class='ocrx_word' id='word_1_38' title='bbox 1161 785 1226 828; x_wconf 89' lang='lat' dir='ltr'><strong>cum</strong></span> <span class='ocrx_word' id='word_1_39' title='bbox 1249 769 1415 846; x_wconf 81' lang='lat' dir='ltr'><strong>Hypotitcat</strong></span> <span class='ocrx_word' id='word_1_40' title='bbox 1437 769 1530 832; x_wconf 86' lang='lat' dir='ltr'><strong>velles</strong></span> 
     </span>
     <span class='ocr_line' id='line_1_5' title="bbox 178 852 1017 930; baseline 0 -16"><span class='ocrx_word' id='word_1_41' title='bbox 178 855 284 930; x_wconf 87' lang='lat' dir='ltr'><strong>dicere,</strong></span> <span class='ocrx_word' id='word_1_42' title='bbox 311 852 418 916; x_wconf 78' lang='lat' dir='ltr'><strong>Genesi</strong></span> <span class='ocrx_word' id='word_1_43' title='bbox 440 855 539 915; x_wconf 89' lang='lat' dir='ltr'><strong>dixisti</strong></span> <span class='ocrx_word' id='word_1_44' title='bbox 563 872 598 916; x_wconf 87' lang='lat' dir='ltr'><strong>ex</strong></span> <span class='ocrx_word' id='word_1_45' title='bbox 621 854 802 915; x_wconf 90' lang='lat' dir='ltr'><strong>abundantia</strong></span> <span class='ocrx_word' id='word_1_46' title='bbox 824 853 950 914; x_wconf 83' lang='lat' dir='ltr'><strong>cordis.“</strong></span> <span class='ocrx_word' id='word_1_47' title='bbox 975 885 1017 898; x_wconf 91' lang='lat'><strong>-·-</strong></span> 
     </span>
    </p>

    <p class='ocr_par' dir='ltr' id='par_1_3' title="bbox 98 939 1605 2072">
     <span class='ocr_line' id='line_1_6' title="bbox 283 939 1530 1022; baseline 0.005 -20"><span class='ocrx_word' id='word_1_48' title='bbox 283 944 437 1004; x_wconf 88' lang='lat' dir='ltr'><strong>Fabricius</strong></span> <span class='ocrx_word' id='word_1_49' title='bbox 460 941 609 1020; x_wconf 87' lang='lat' dir='ltr'><strong>quondam</strong></span> <span class='ocrx_word' id='word_1_50' title='bbox 631 945 747 1020; x_wconf 76' lang='lat' dir='ltr'><strong>scripsit</strong></span> <span class='ocrx_word' id='word_1_51' title='bbox 769 941 806 1002; x_wconf 88' lang='lat' dir='ltr'><strong>ad</strong></span> <span class='ocrx_word' id='word_1_52' title='bbox 828 941 1006 1020; x_wconf 88' lang='lat' dir='ltr'><strong>Keplerum:</strong></span> <span class='ocrx_word' id='word_1_53' title='bbox 1040 939 1253 1018; x_wconf 84' lang='lat' dir='ltr'><strong>„Gopsmicum</strong></span> <span class='ocrx_word' id='word_1_54' title='bbox 1276 943 1418 1005; x_wconf 87' lang='lat' dir='ltr'><strong>hacteuus</strong></span> <span class='ocrx_word' id='word_1_55' title='bbox 1441 961 1530 1022; x_wconf 88' lang='lat' dir='ltr'><strong>parce</strong></span> 
     </span>
     <span class='ocr_line' id='line_1_7' title="bbox 179 1029 1531 1108; baseline 0.002 -19"><span class='ocrx_word' id='word_1_56' title='bbox 179 1031 248 1106; x_wconf 90' lang='lat' dir='ltr'><strong>legi,</strong></span> <span class='ocrx_word' id='word_1_57' title='bbox 272 1031 351 1106; x_wconf 90' lang='lat' dir='ltr'><strong>qood</strong></span> <span class='ocrx_word' id='word_1_58' title='bbox 375 1032 516 1090; x_wconf 89' lang='lat' dir='ltr'><strong>obscurus</strong></span> <span class='ocrx_word' id='word_1_59' title='bbox 538 1036 567 1090; x_wconf 91' lang='lat' dir='ltr'><strong>et</strong></span> <span class='ocrx_word' id='word_1_60' title='bbox 589 1032 722 1090; x_wconf 88' lang='lat' dir='ltr'><strong>concisus</strong></span> <span class='ocrx_word' id='word_1_61' title='bbox 748 1038 840 1106; x_wconf 85' lang='lat' dir='ltr'><strong>esset;</strong></span> <span class='ocrx_word' id='word_1_62' title='bbox 865 1039 896 1089; x_wconf 91' lang='lat' dir='ltr'><strong>at</strong></span> <span class='ocrx_word' id='word_1_63' title='bbox 918 1046 996 1089; x_wconf 89' lang='lat' dir='ltr'><strong>nuuc</strong></span> <span class='ocrx_word' id='word_1_64' title='bbox 1017 1032 1111 1104; x_wconf 91' lang='lat' dir='ltr'><strong>magis</strong></span> <span class='ocrx_word' id='word_1_65' title='bbox 1133 1029 1204 1088; x_wconf 91' lang='lat' dir='ltr'><strong>mihi</strong></span> <span class='ocrx_word' id='word_1_66' title='bbox 1228 1034 1329 1108; x_wconf 78' lang='lat' dir='ltr'><strong>incipit</strong></span> <span class='ocrx_word' id='word_1_67' title='bbox 1351 1031 1477 1092; x_wconf 87' lang='lat' dir='ltr'><strong>arridere</strong></span> <span class='ocrx_word' id='word_1_68' title='bbox 1501 1039 1531 1093; x_wconf 92' lang='lat' dir='ltr'><strong>ct</strong></span> 
     </span>
     <span class='ocr_line' id='line_1_8' title="bbox 178 1117 1531 1197; baseline 0.001 -20"><span class='ocrx_word' id='word_1_69' title='bbox 178 1117 261 1177; x_wconf 89' lang='lat' dir='ltr'><strong>solus</strong></span> <span class='ocrx_word' id='word_1_70' title='bbox 284 1126 380 1179; x_wconf 90' lang='lat' dir='ltr'><strong>motus</strong></span> <span class='ocrx_word' id='word_1_71' title='bbox 395 1119 503 1178; x_wconf 81' lang='lat' dir='ltr'><strong>Tenue</strong></span> <span class='ocrx_word' id='word_1_72' title='bbox 517 1135 565 1179; x_wconf 93' lang='lat' dir='ltr'><strong>me</strong></span> <span class='ocrx_word' id='word_1_73' title='bbox 587 1117 737 1195; x_wconf 89' lang='lat' dir='ltr'><strong>prohibet,</strong></span> <span class='ocrx_word' id='word_1_74' title='bbox 761 1134 820 1193; x_wconf 95' lang='lat' dir='ltr'><strong>quo</strong></span> <span class='ocrx_word' id='word_1_75' title='bbox 841 1119 938 1176; x_wconf 90' lang='lat' dir='ltr'><strong>minus</strong></span> <span class='ocrx_word' id='word_1_76' title='bbox 961 1134 996 1176; x_wconf 84' lang='lat' dir='ltr'><strong>ex</strong></span> <span class='ocrx_word' id='word_1_77' title='bbox 1019 1123 1082 1176; x_wconf 92' lang='lat' dir='ltr'><strong>toto</strong></span> <span class='ocrx_word' id='word_1_78' title='bbox 1104 1129 1209 1176; x_wconf 87' lang='lat' dir='ltr'><strong>mauris</strong></span> <span class='ocrx_word' id='word_1_79' title='bbox 1230 1120 1288 1194; x_wconf 85' lang='lat' dir='ltr'><strong>ipsi</strong></span> <span class='ocrx_word' id='word_1_80' title='bbox 1309 1119 1437 1178; x_wconf 93' lang='lat' dir='ltr'><strong>nondum</strong></span> <span class='ocrx_word' id='word_1_81' title='bbox 1460 1136 1531 1197; x_wconf 92' lang='lat' dir='ltr'><strong>por·</strong></span> 
     </span>
     <span class='ocr_line' id='line_1_9' title="bbox 178 1204 1527 1284; baseline 0.002 -21"><span class='ocrx_word' id='word_1_82' title='bbox 178 1207 282 1282; x_wconf 86' lang='lat' dir='ltr'><strong>rigam.</strong></span> <span class='ocrx_word' id='word_1_83' title='bbox 338 1204 500 1281; x_wconf 80' lang='lat' dir='ltr'><strong>Quomodo</strong></span> <span class='ocrx_word' id='word_1_84' title='bbox 527 1213 730 1282; x_wconf 77' lang='lat' dir='ltr'><strong>argumentum</strong></span> <span class='ocrx_word' id='word_1_85' title='bbox 765 1205 917 1284; x_wconf 81' lang='lat' dir='ltr'><strong>&#39;lychcnis</strong></span> <span class='ocrx_word' id='word_1_86' title='bbox 939 1208 1039 1278; x_wconf 83' lang='lat' dir='ltr'><strong>(Tyeh.</strong></span> <span class='ocrx_word' id='word_1_87' title='bbox 1058 1207 1147 1278; x_wconf 82' lang='lat' dir='ltr'><strong>Epist</strong></span> <span class='ocrx_word' id='word_1_88' title='bbox 1165 1225 1195 1278; x_wconf 89' lang='lat' dir='ltr'><strong>p.</strong></span> <span class='ocrx_word' id='word_1_89' title='bbox 1215 1208 1278 1279; x_wconf 77' lang='lat'>189)</span> <span class='ocrx_word' id='word_1_90' title='bbox 1306 1209 1385 1266; x_wconf 90' lang='lat' dir='ltr'><strong>circa</strong></span> <span class='ocrx_word' id='word_1_91' title='bbox 1416 1215 1527 1266; x_wconf 91' lang='lat' dir='ltr'><strong>motum</strong></span> 
     </span>
     <span class='ocr_line' id='line_1_10' title="bbox 180 1292 1529 1372; baseline 0 -20"><span class='ocrx_word' id='word_1_92' title='bbox 180 1292 315 1352; x_wconf 87' lang='lat' dir='ltr'><strong>diurnum</strong></span> <span class='ocrx_word' id='word_1_93' title='bbox 348 1311 384 1353; x_wconf 87' lang='lat' dir='ltr'><strong>ex</strong></span> <span class='ocrx_word' id='word_1_94' title='bbox 411 1295 548 1356; x_wconf 90' lang='lat' dir='ltr'><strong>tormenti</strong></span> <span class='ocrx_word' id='word_1_95' title='bbox 578 1293 668 1369; x_wconf 90' lang='lat' dir='ltr'><strong>globo</strong></span> <span class='ocrx_word' id='word_1_96' title='bbox 696 1292 822 1353; x_wconf 79' lang='lat' dir='ltr'><strong>ceinture</strong></span> <span class='ocrx_word' id='word_1_97' title='bbox 851 1292 921 1352; x_wconf 85' lang='lat' dir='ltr'><strong>visi</strong></span> <span class='ocrx_word' id='word_1_98' title='bbox 958 1292 1024 1352; x_wconf 86' lang='lat' dir='ltr'><strong>Hoc</strong></span> <span class='ocrx_word' id='word_1_99' title='bbox 1053 1300 1147 1352; x_wconf 92' lang='lat' dir='ltr'><strong>totam</strong></span> <span class='ocrx_word' id='word_1_100' title='bbox 1169 1292 1324 1370; x_wconf 76' lang='lat' dir='ltr'><strong>(lopernici</strong></span> <span class='ocrx_word' id='word_1_101' title='bbox 1352 1293 1529 1372; x_wconf 75' lang='lat' dir='ltr'><strong>hypothesin</strong></span> 
     </span>
     <span class='ocr_line' id='line_1_11' title="bbox 180 1379 1527 1460; baseline -0.001 -19"><span class='ocrx_word' id='word_1_102' title='bbox 180 1380 321 1458; x_wconf 79' lang='lat' dir='ltr'><strong>explodit</strong></span> <span class='ocrx_word' id='word_1_103' title='bbox 367 1381 486 1457; x_wconf 83' lang='lat' dir='ltr'><strong>Inquiro</strong></span> <span class='ocrx_word' id='word_1_104' title='bbox 515 1382 603 1457; x_wconf 88' lang='lat' dir='ltr'><strong>igitur</strong></span> <span class='ocrx_word' id='word_1_105' title='bbox 625 1379 701 1440; x_wconf 88' lang='lat' dir='ltr'><strong>tales</strong></span> <span class='ocrx_word' id='word_1_106' title='bbox 722 1380 917 1460; x_wconf 73' lang='lat' dir='ltr'><strong>hypotheses,</strong></span> <span class='ocrx_word' id='word_1_107' title='bbox 946 1398 1022 1457; x_wconf 90' lang='lat' dir='ltr'><strong>quae</strong></span> <span class='ocrx_word' id='word_1_108' title='bbox 1046 1382 1140 1439; x_wconf 90' lang='lat' dir='ltr'><strong>omnis</strong></span> <span class='ocrx_word' id='word_1_109' title='bbox 1163 1379 1353 1440; x_wconf 86' lang='lat' dir='ltr'><strong>absurditatis</strong></span> <span class='ocrx_word' id='word_1_110' title='bbox 1376 1395 1406 1440; x_wconf 91' lang='lat' dir='ltr'><strong>et</strong></span> <span class='ocrx_word' id='word_1_111' title='bbox 1428 1382 1527 1460; x_wconf 92' lang='lat' dir='ltr'><strong>impii·</strong></span> 
     </span>
     <span class='ocr_line' id='line_1_12' title="bbox 180 1464 1530 1546; baseline 0.001 -20"><span class='ocrx_word' id='word_1_112' title='bbox 180 1464 257 1528; x_wconf 89' lang='lat' dir='ltr'><strong>citae</strong></span> <span class='ocrx_word' id='word_1_113' title='bbox 280 1468 517 1529; x_wconf 80' lang='lat' dir='ltr'><strong>contradictionis</strong></span> <span class='ocrx_word' id='word_1_114' title='bbox 540 1476 673 1546; x_wconf 87' lang='lat' dir='ltr'><strong>expertes</strong></span> <span class='ocrx_word' id='word_1_115' title='bbox 696 1470 763 1540; x_wconf 88' lang='lat' dir='ltr'><strong>sint,</strong></span> <span class='ocrx_word' id='word_1_116' title='bbox 787 1470 830 1528; x_wconf 90' lang='lat' dir='ltr'><strong>sic</strong></span> <span class='ocrx_word' id='word_1_117' title='bbox 854 1468 905 1526; x_wconf 89' lang='lat' dir='ltr'><strong>tihi</strong></span> <span class='ocrx_word' id='word_1_118' title='bbox 931 1476 961 1528; x_wconf 87' lang='lat' dir='ltr'><strong>et</strong></span> <span class='ocrx_word' id='word_1_119' title='bbox 983 1469 1038 1528; x_wconf 90' lang='lat' dir='ltr'><strong>arti</strong></span> <span class='ocrx_word' id='word_1_120' title='bbox 1061 1468 1155 1544; x_wconf 89' lang='lat' dir='ltr'><strong>magia</strong></span> <span class='ocrx_word' id='word_1_121' title='bbox 1178 1466 1323 1528; x_wconf 87' lang='lat' dir='ltr'><strong>consulas.</strong></span> <span class='ocrx_word' id='word_1_122' title='bbox 1369 1468 1457 1528; x_wconf 84' lang='lat' dir='ltr'><strong>Aliud</strong></span> <span class='ocrx_word' id='word_1_123' title='bbox 1481 1487 1530 1528; x_wconf 89' lang='lat' dir='ltr'><strong>ar·</strong></span> 
     </span>
     <span class='ocr_line' id='line_1_13' title="bbox 180 1553 1527 1633; baseline 0.002 -19"><span class='ocrx_word' id='word_1_124' title='bbox 180 1553 350 1632; x_wconf 86' lang='lat' dir='ltr'><strong>gumeutum</strong></span> <span class='ocrx_word' id='word_1_125' title='bbox 365 1564 468 1616; x_wconf 83' lang='lat' dir='ltr'><strong>&#39;contra</strong></span> <span class='ocrx_word' id='word_1_126' title='bbox 484 1555 693 1633; x_wconf 75' lang='lat' dir='ltr'><strong>Copernicumz</strong></span> <span class='ocrx_word' id='word_1_127' title='bbox 715 1557 742 1614; x_wconf 91' lang='lat' dir='ltr'><strong>si</strong></span> <span class='ocrx_word' id='word_1_128' title='bbox 757 1555 848 1615; x_wconf 82' lang='lat' dir='ltr'><strong>Terra</strong></span> <span class='ocrx_word' id='word_1_129' title='bbox 863 1555 915 1613; x_wconf 86' lang='lat' dir='ltr'><strong>teli</strong></span> <span class='ocrx_word' id='word_1_130' title='bbox 931 1563 1014 1615; x_wconf 92' lang='lat' dir='ltr'><strong>motu</strong></span> <span class='ocrx_word' id='word_1_131' title='bbox 1029 1563 1203 1626; x_wconf 91' lang='lat' dir='ltr'><strong>moveretur,</strong></span> <span class='ocrx_word' id='word_1_132' title='bbox 1226 1571 1346 1615; x_wconf 87' lang='lat' dir='ltr'><strong>neccsse</strong></span> <span class='ocrx_word' id='word_1_133' title='bbox 1361 1563 1406 1617; x_wconf 89' lang='lat' dir='ltr'><strong>est</strong></span> <span class='ocrx_word' id='word_1_134' title='bbox 1424 1573 1527 1617; x_wconf 90' lang='lat' dir='ltr'><strong>omues</strong></span> 
     </span>
     <span class='ocr_line' id='line_1_14' title="bbox 180 1641 1528 1722; baseline 0.002 -21"><span class='ocrx_word' id='word_1_135' title='bbox 180 1643 211 1702; x_wconf 88' lang='lat' dir='ltr'><strong>io</strong></span> <span class='ocrx_word' id='word_1_136' title='bbox 233 1643 337 1703; x_wconf 90' lang='lat' dir='ltr'><strong>eoderu</strong></span> <span class='ocrx_word' id='word_1_137' title='bbox 360 1642 502 1722; x_wconf 91' lang='lat' dir='ltr'><strong>parallelo</strong></span> <span class='ocrx_word' id='word_1_138' title='bbox 525 1641 692 1702; x_wconf 78' lang='lat' dir='ltr'><strong>habitantes</strong></span> <span class='ocrx_word' id='word_1_139' title='bbox 714 1644 833 1720; x_wconf 89' lang='lat' dir='ltr'><strong>saepius</strong></span> <span class='ocrx_word' id='word_1_140' title='bbox 864 1659 953 1701; x_wconf 90' lang='lat' dir='ltr'><strong>unum</strong></span> <span class='ocrx_word' id='word_1_141' title='bbox 984 1643 1093 1702; x_wconf 90' lang='lat' dir='ltr'><strong>hahere</strong></span> <span class='ocrx_word' id='word_1_142' title='bbox 1116 1643 1256 1702; x_wconf 83' lang='lat' dir='ltr'><strong>ventum“</strong></span> <span class='ocrx_word' id='word_1_143' title='bbox 1280 1649 1335 1702; x_wconf 91' lang='lat' dir='ltr'><strong>etc.</strong></span> <span class='ocrx_word' id='word_1_144' title='bbox 1381 1641 1528 1722; x_wconf 84' lang='lat' dir='ltr'><strong>Keplerua</strong></span> 
     </span>
     <span class='ocr_line' id='line_1_15' title="bbox 98 1729 1605 1814; baseline 0.001 -26"><span class='ocrx_word' id='word_1_145' title='bbox 98 1771 100 1776; x_wconf 75' lang='lat'><em>·</em></span> <span class='ocrx_word' id='word_1_146' title='bbox 177 1733 232 1792; x_wconf 89' lang='lat' dir='ltr'><strong>rite</strong></span> <span class='ocrx_word' id='word_1_147' title='bbox 254 1732 381 1809; x_wconf 85' lang='lat' dir='ltr'><strong>explicat</strong></span> <span class='ocrx_word' id='word_1_148' title='bbox 403 1733 498 1790; x_wconf 91' lang='lat' dir='ltr'><strong>amico</strong></span> <span class='ocrx_word' id='word_1_149' title='bbox 522 1730 717 1805; x_wconf 84' lang='lat' dir='ltr'><strong>objectionem</strong></span> <span class='ocrx_word' id='word_1_150' title='bbox 741 1729 903 1808; x_wconf 82' lang='lat' dir='ltr'><strong>Tyehonis,</strong></span> <span class='ocrx_word' id='word_1_151' title='bbox 933 1731 1122 1807; x_wconf 84' lang='lat' dir='ltr'><strong>explicationi</strong></span> <span class='ocrx_word' id='word_1_152' title='bbox 1144 1746 1214 1790; x_wconf 90' lang='lat' dir='ltr'><strong>vero</strong></span> <span class='ocrx_word' id='word_1_153' title='bbox 1236 1729 1310 1790; x_wconf 90' lang='lat' dir='ltr'><strong>haec</strong></span> <span class='ocrx_word' id='word_1_154' title='bbox 1333 1729 1426 1791; x_wconf 90' lang='lat' dir='ltr'><strong>addit:</strong></span> <span class='ocrx_word' id='word_1_155' title='bbox 1460 1729 1530 1808; x_wconf 82' lang='lat' dir='ltr'><strong>,Sic</strong></span> <span class='ocrx_word' id='word_1_156' title='bbox 1601 1799 1605 1814; x_wconf 28' lang='lat'>⁵</span> 
     </span>
     <span class='ocr_line' id='line_1_16' title="bbox 177 1816 1529 1896; baseline 0.004 -22"><span class='ocrx_word' id='word_1_157' title='bbox 177 1819 265 1894; x_wconf 85' lang='lat' dir='ltr'><strong>igitm</strong></span> <span class='ocrx_word' id='word_1_158' title='bbox 288 1818 485 1896; x_wconf 83' lang='lat' dir='ltr'><strong>cumhabeat</strong></span> <span class='ocrx_word' id='word_1_159' title='bbox 512 1818 569 1878; x_wconf 91' lang='lat' dir='ltr'><strong>hoo</strong></span> <span class='ocrx_word' id='word_1_160' title='bbox 592 1819 742 1894; x_wconf 88' lang='lat' dir='ltr'><strong>negotium</strong></span> <span class='ocrx_word' id='word_1_161' title='bbox 766 1835 802 1877; x_wconf 89' lang='lat' dir='ltr'><strong>ex</strong></span> <span class='ocrx_word' id='word_1_162' title='bbox 826 1819 915 1877; x_wconf 88' lang='lat' dir='ltr'><strong>animi</strong></span> <span class='ocrx_word' id='word_1_163' title='bbox 943 1821 1000 1877; x_wconf 89' lang='lat' dir='ltr'><strong>mai</strong></span> <span class='ocrx_word' id='word_1_164' title='bbox 1031 1818 1192 1891; x_wconf 80' lang='lat' dir='ltr'><strong>sententia,</strong></span> <span class='ocrx_word' id='word_1_165' title='bbox 1222 1816 1282 1876; x_wconf 93' lang='lat' dir='ltr'><strong>noli</strong></span> <span class='ocrx_word' id='word_1_166' title='bbox 1305 1828 1391 1877; x_wconf 87' lang='lat' dir='ltr'><strong>arne</strong></span> <span class='ocrx_word' id='word_1_167' title='bbox 1421 1826 1529 1896; x_wconf 85' lang='lat' dir='ltr'><strong>patara,</strong></span> 
     </span>
     <span class='ocr_line' id='line_1_17' title="bbox 178 1903 1527 1983; baseline 0 -19"><span class='ocrx_word' id='word_1_168' title='bbox 178 1915 211 1964; x_wconf 93' lang='lat' dir='ltr'><strong>nt</strong></span> <span class='ocrx_word' id='word_1_169' title='bbox 233 1909 384 1966; x_wconf 88' lang='lat' dir='ltr'><strong>veritatem</strong></span> <span class='ocrx_word' id='word_1_170' title='bbox 416 1905 536 1983; x_wconf 88' lang='lat' dir='ltr'><strong>prodam</strong></span> <span class='ocrx_word' id='word_1_171' title='bbox 564 1904 603 1964; x_wconf 89' lang='lat' dir='ltr'><strong>ad</strong></span> <span class='ocrx_word' id='word_1_172' title='bbox 632 1903 860 1982; x_wconf 88' lang='lat' dir='ltr'><strong>comparandum</strong></span> <span class='ocrx_word' id='word_1_173' title='bbox 889 1905 971 1981; x_wconf 78' lang='lat' dir='ltr'><strong>uulgi</strong></span> <span class='ocrx_word' id='word_1_174' title='bbox 998 1904 1139 1966; x_wconf 84' lang='lat' dir='ltr'><strong>levorem.</strong></span> <span class='ocrx_word' id='word_1_175' title='bbox 1185 1903 1218 1964; x_wconf 83' lang='lat' dir='ltr'><strong>st</strong></span> <span class='ocrx_word' id='word_1_176' title='bbox 1240 1905 1355 1964; x_wconf 88' lang='lat' dir='ltr'><strong>consuli</strong></span> <span class='ocrx_word' id='word_1_177' title='bbox 1385 1907 1441 1964; x_wconf 90' lang='lat' dir='ltr'><strong>arti</strong></span> <span class='ocrx_word' id='word_1_178' title='bbox 1468 1922 1527 1964; x_wconf 89' lang='lat' dir='ltr'><strong>uon</strong></span> 
     </span>
     <span class='ocr_line' id='line_1_18' title="bbox 177 1991 1527 2072; baseline -0.001 -19"><span class='ocrx_word' id='word_1_179' title='bbox 177 1999 276 2070; x_wconf 88' lang='lat' dir='ltr'><strong>potest</strong></span> <span class='ocrx_word' id='word_1_180' title='bbox 298 1995 355 2052; x_wconf 91' lang='lat' dir='ltr'><strong>uisi</strong></span> <span class='ocrx_word' id='word_1_181' title='bbox 377 1993 575 2072; x_wconf 71' lang='lat' dir='ltr'><strong>perluendas,</strong></span> <span class='ocrx_word' id='word_1_182' title='bbox 600 2001 701 2070; x_wconf 89' lang='lat' dir='ltr'><strong>pereat</strong></span> <span class='ocrx_word' id='word_1_183' title='bbox 723 2009 811 2052; x_wconf 87' lang='lat' dir='ltr'><strong>sane:</strong></span> <span class='ocrx_word' id='word_1_184' title='bbox 836 1995 993 2053; x_wconf 81' lang='lat' dir='ltr'><strong>reviviscet</strong></span> <span class='ocrx_word' id='word_1_185' title='bbox 1014 2009 1119 2069; x_wconf 83' lang='lat' dir='ltr'><strong>nempe</strong></span> <span class='ocrx_word' id='word_1_186' title='bbox 1121 2033 1226 2052; x_wconf 91' lang='grc'><strong>.....</strong></span> <span class='ocrx_word' id='word_1_187' title='bbox 1265 1991 1427 2052; x_wconf 80' lang='lat' dir='ltr'><strong>constitum</strong></span> <span class='ocrx_word' id='word_1_188' title='bbox 1443 2000 1527 2052; x_wconf 90' lang='lat' dir='ltr'><strong>tuum</strong></span> 
     </span>
    </p>
   </div>
   <div class='ocr_carea' id='block_1_3' title="bbox 177 2079 1635 2158">
    <p class='ocr_par' dir='ltr' id='par_1_4' title="bbox 177 2079 1635 2158">
     <span class='ocr_line' id='line_1_19' title="bbox 177 2079 1635 2158; baseline 0.002 -19"><span class='ocrx_word' id='word_1_189' title='bbox 177 2097 283 2156; x_wconf 89' lang='lat' dir='ltr'><strong>sequar</strong></span> <span class='ocrx_word' id='word_1_190' title='bbox 307 2082 443 2158; x_wconf 90' lang='lat' dir='ltr'><strong>quidem,</strong></span> <span class='ocrx_word' id='word_1_191' title='bbox 467 2079 519 2140; x_wconf 88' lang='lat' dir='ltr'><strong>aad</strong></span> <span class='ocrx_word' id='word_1_192' title='bbox 543 2079 738 2142; x_wconf 91' lang='lat' dir='ltr'><strong>emendatum.</strong></span> <span class='ocrx_word' id='word_1_193' title='bbox 785 2081 849 2140; x_wconf 85' lang='lat' dir='ltr'><strong>Arii</strong></span> <span class='ocrx_word' id='word_1_194' title='bbox 874 2080 1040 2152; x_wconf 87' lang='lat' dir='ltr'><strong>consulam,</strong></span> <span class='ocrx_word' id='word_1_195' title='bbox 1064 2079 1116 2140; x_wconf 86' lang='lat' dir='ltr'><strong>sed</strong></span> <span class='ocrx_word' id='word_1_196' title='bbox 1139 2095 1198 2156; x_wconf 85' lang='lat' dir='ltr'><strong>non</strong></span> <span class='ocrx_word' id='word_1_197' title='bbox 1221 2096 1274 2155; x_wconf 88' lang='lat' dir='ltr'><strong>por</strong></span> <span class='ocrx_word' id='word_1_198' title='bbox 1295 2079 1528 2140; x_wconf 87' lang='lat' dir='ltr'><strong>commendatio·</strong></span> <span class='ocrx_word' id='word_1_199' title='bbox 1632 2135 1635 2142; x_wconf 86' lang='lat'><strong>.</strong></span> 
     </span>
    </p>
   </div>
   <div class='ocr_carea' id='block_1_4' title="bbox 175 2165 1531 3207">
    <p class='ocr_par' dir='ltr' id='par_1_5' title="bbox 175 2165 1531 3032">
     <span class='ocr_line' id='line_1_20' title="bbox 177 2165 1531 2247; baseline 0.001 -21"><span class='ocrx_word' id='word_1_200' title='bbox 177 2185 243 2228; x_wconf 88' lang='lat' dir='ltr'><strong>uam</strong></span> <span class='ocrx_word' id='word_1_201' title='bbox 266 2165 401 2247; x_wconf 68' lang='grc' dir='ltr'><strong>ἀτεχνιας</strong></span> <span class='ocrx_word' id='word_1_202' title='bbox 431 2185 541 2246; x_wconf 85' lang='lat' dir='ltr'><strong>perque</strong></span> <span class='ocrx_word' id='word_1_203' title='bbox 572 2170 769 2244; x_wconf 86' lang='lat' dir='ltr'><strong>captationem</strong></span> <span class='ocrx_word' id='word_1_204' title='bbox 799 2185 889 2228; x_wconf 88' lang='lat' dir='ltr'><strong>aurae</strong></span> <span class='ocrx_word' id='word_1_205' title='bbox 919 2167 1081 2246; x_wconf 87' lang='lat' dir='ltr'><strong>popularis.</strong></span> <span class='ocrx_word' id='word_1_206' title='bbox 1125 2167 1157 2228; x_wconf 86' lang='lat' dir='ltr'><strong>Si</strong></span> <span class='ocrx_word' id='word_1_207' title='bbox 1188 2166 1260 2225; x_wconf 90' lang='lat' dir='ltr'><strong>nihii</strong></span> <span class='ocrx_word' id='word_1_208' title='bbox 1289 2173 1335 2226; x_wconf 91' lang='lat' dir='ltr'><strong>est</strong></span> <span class='ocrx_word' id='word_1_209' title='bbox 1356 2167 1531 2228; x_wconf 86' lang='lat' dir='ltr'><strong>tradendum</strong></span> 
     </span>
     <span class='ocr_line' id='line_1_21' title="bbox 176 2255 1531 2339; baseline 0.001 -25"><span class='ocrx_word' id='word_1_210' title='bbox 176 2257 234 2315; x_wconf 92' lang='lat' dir='ltr'><strong>nisi</strong></span> <span class='ocrx_word' id='word_1_211' title='bbox 257 2256 336 2332; x_wconf 88' lang='lat' dir='ltr'><strong>quod</strong></span> <span class='ocrx_word' id='word_1_212' title='bbox 360 2256 451 2333; x_wconf 86' lang='lat' dir='ltr'><strong>uolgo</strong></span> <span class='ocrx_word' id='word_1_213' title='bbox 474 2255 579 2334; x_wconf 89' lang='lat' dir='ltr'><strong>placet,</strong></span> <span class='ocrx_word' id='word_1_214' title='bbox 604 2273 654 2315; x_wconf 89' lang='lat' dir='ltr'><strong>cur</strong></span> <span class='ocrx_word' id='word_1_215' title='bbox 669 2257 877 2316; x_wconf 86' lang='lat' dir='ltr'><strong>astronomiam</strong></span> <span class='ocrx_word' id='word_1_216' title='bbox 893 2257 1070 2329; x_wconf 88' lang='lat' dir='ltr'><strong>uuiversum,</strong></span> <span class='ocrx_word' id='word_1_217' title='bbox 1093 2271 1144 2315; x_wconf 92' lang='lat' dir='ltr'><strong>cur</strong></span> <span class='ocrx_word' id='word_1_218' title='bbox 1166 2256 1356 2339; x_wconf 83' lang='lat' dir='ltr'><strong>geometriam</strong></span> <span class='ocrx_word' id='word_1_219' title='bbox 1378 2255 1531 2336; x_wconf 86' lang='lat' dir='ltr'><strong>tradimus,</strong></span> 
     </span>
     <span class='ocr_line' id='line_1_22' title="bbox 176 2341 1530 2420; baseline 0.001 -19"><span class='ocrx_word' id='word_1_220' title='bbox 176 2345 387 2404; x_wconf 84' lang='lat' dir='ltr'><strong>remotissimas</strong></span> <span class='ocrx_word' id='word_1_221' title='bbox 410 2362 428 2402; x_wconf 92' lang='lat' dir='ltr'><strong>a</strong></span> <span class='ocrx_word' id='word_1_222' title='bbox 451 2344 534 2419; x_wconf 85' lang='lat' dir='ltr'><strong>voigi</strong></span> <span class='ocrx_word' id='word_1_223' title='bbox 563 2351 651 2420; x_wconf 89' lang='lat' dir='ltr'><strong>capto</strong></span> <span class='ocrx_word' id='word_1_224' title='bbox 682 2341 837 2420; x_wconf 86' lang='lat' dir='ltr'><strong>laudisque</strong></span> <span class='ocrx_word' id='word_1_225' title='bbox 866 2342 933 2404; x_wconf 87' lang='lat' dir='ltr'><strong>ideo</strong></span> <span class='ocrx_word' id='word_1_226' title='bbox 956 2341 1088 2416; x_wconf 78' lang='lat' dir='ltr'><strong>egenas?</strong></span> <span class='ocrx_word' id='word_1_227' title='bbox 1126 2341 1203 2418; x_wconf 90' lang='lat' dir='ltr'><strong>Quin</strong></span> <span class='ocrx_word' id='word_1_228' title='bbox 1226 2343 1325 2418; x_wconf 91' lang='lat' dir='ltr'><strong>potius</strong></span> <span class='ocrx_word' id='word_1_229' title='bbox 1354 2342 1412 2402; x_wconf 90' lang='lat' dir='ltr'><strong>hoe</strong></span> <span class='ocrx_word' id='word_1_230' title='bbox 1433 2360 1530 2419; x_wconf 72' lang='lat' dir='ltr'><strong>agaim</strong></span> 
     </span>
     <span class='ocr_line' id='line_1_23' title="bbox 178 2428 1530 2520; baseline -0.001 -29"><span class='ocrx_word' id='word_1_231' title='bbox 178 2433 219 2491; x_wconf 90' lang='lat' dir='ltr'><strong>ita</strong></span> <span class='ocrx_word' id='word_1_232' title='bbox 249 2430 442 2507; x_wconf 83' lang='lat' dir='ltr'><strong>(loparnieum</strong></span> <span class='ocrx_word' id='word_1_233' title='bbox 473 2434 502 2490; x_wconf 91' lang='lat' dir='ltr'><strong>in</strong></span> <span class='ocrx_word' id='word_1_234' title='bbox 533 2428 716 2491; x_wconf 90' lang='lat' dir='ltr'><strong>emendatam</strong></span> <span class='ocrx_word' id='word_1_235' title='bbox 746 2433 955 2492; x_wconf 89' lang='lat' dir='ltr'><strong>astronomiam</strong></span> <span class='ocrx_word' id='word_1_236' title='bbox 983 2432 1112 2520; x_wconf 68' lang='lat' dir='ltr'><strong>intexam</strong></span> <span class='ocrx_word' id='word_1_237' title='bbox 1145 2431 1263 2506; x_wconf 88' lang='lat' dir='ltr'><strong>penitus</strong></span> <span class='ocrx_word' id='word_1_238' title='bbox 1294 2438 1323 2489; x_wconf 89' lang='lat' dir='ltr'><strong>et</strong></span> <span class='ocrx_word' id='word_1_239' title='bbox 1352 2430 1530 2506; x_wconf 87' lang='lat' dir='ltr'><strong>implectam,</strong></span> 
     </span>
     <span class='ocr_line' id='line_1_24' title="bbox 178 2515 1529 2597; baseline -0.001 -19"><span class='ocrx_word' id='word_1_240' title='bbox 178 2517 314 2596; x_wconf 89' lang='lat' dir='ltr'><strong>adeoque</strong></span> <span class='ocrx_word' id='word_1_241' title='bbox 337 2527 366 2579; x_wconf 92' lang='lat' dir='ltr'><strong>et</strong></span> <span class='ocrx_word' id='word_1_242' title='bbox 389 2521 417 2576; x_wconf 87' lang='lat' dir='ltr'><strong>in</strong></span> <span class='ocrx_word' id='word_1_243' title='bbox 439 2519 608 2597; x_wconf 83' lang='lat' dir='ltr'><strong>physicum,</strong></span> <span class='ocrx_word' id='word_1_244' title='bbox 632 2527 665 2576; x_wconf 92' lang='lat' dir='ltr'><strong>ut</strong></span> <span class='ocrx_word' id='word_1_245' title='bbox 688 2518 734 2578; x_wconf 80' lang='lat' dir='ltr'><strong>sel</strong></span> <span class='ocrx_word' id='word_1_246' title='bbox 757 2521 874 2595; x_wconf 91' lang='lat' dir='ltr'><strong>utrique</strong></span> <span class='ocrx_word' id='word_1_247' title='bbox 896 2518 984 2577; x_wconf 89' lang='lat' dir='ltr'><strong>simui</strong></span> <span class='ocrx_word' id='word_1_248' title='bbox 999 2515 1179 2595; x_wconf 89' lang='lat' dir='ltr'><strong>pereundum</strong></span> <span class='ocrx_word' id='word_1_249' title='bbox 1201 2519 1242 2576; x_wconf 91' lang='lat' dir='ltr'><strong>sit</strong></span> <span class='ocrx_word' id='word_1_250' title='bbox 1264 2516 1312 2576; x_wconf 87' lang='lat' dir='ltr'><strong>vel</strong></span> <span class='ocrx_word' id='word_1_251' title='bbox 1333 2520 1529 2596; x_wconf 86' lang='lat' dir='ltr'><strong>superviven-</strong></span> 
     </span>
     <span class='ocr_line' id='line_1_25' title="bbox 176 2604 1531 2683; baseline 0.001 -19"><span class='ocrx_word' id='word_1_252' title='bbox 176 2605 255 2666; x_wconf 89' lang='lat' dir='ltr'><strong>dom.</strong></span> <span class='ocrx_word' id='word_1_253' title='bbox 287 2605 486 2683; x_wconf 85' lang='lat' dir='ltr'><strong>Quamquam,</strong></span> <span class='ocrx_word' id='word_1_254' title='bbox 509 2604 631 2666; x_wconf 88' lang='lat' dir='ltr'><strong>silocus</strong></span> <span class='ocrx_word' id='word_1_255' title='bbox 655 2612 699 2666; x_wconf 90' lang='lat' dir='ltr'><strong>est</strong></span> <span class='ocrx_word' id='word_1_256' title='bbox 716 2608 870 2680; x_wconf 91' lang='lat' dir='ltr'><strong>vaticinio,</strong></span> <span class='ocrx_word' id='word_1_257' title='bbox 894 2608 1003 2682; x_wconf 92' lang='lat' dir='ltr'><strong>prius</strong></span> <span class='ocrx_word' id='word_1_258' title='bbox 1026 2607 1228 2681; x_wconf 91' lang='lat' dir='ltr'><strong>ingentem</strong></span> <span class='ocrx_word' id='word_1_259' title='bbox 1251 2604 1385 2664; x_wconf 88' lang='lat' dir='ltr'><strong>molem</strong></span> <span class='ocrx_word' id='word_1_260' title='bbox 1408 2604 1531 2665; x_wconf 91' lang='lat' dir='ltr'><strong>libro·</strong></span> 
     </span>
     <span class='ocr_line' id='line_1_26' title="bbox 177 2693 1531 2770; baseline -0.001 -19"><span class='ocrx_word' id='word_1_261' title='bbox 177 2710 254 2752; x_wconf 92' lang='lat' dir='ltr'><strong>rum</strong></span> <span class='ocrx_word' id='word_1_262' title='bbox 276 2693 550 2770; x_wconf 89' lang='lat' dir='ltr'><strong>polemioorum</strong></span> <span class='ocrx_word' id='word_1_263' title='bbox 582 2711 660 2752; x_wconf 91' lang='lat' dir='ltr'><strong>eum</strong></span> <span class='ocrx_word' id='word_1_264' title='bbox 683 2694 918 2767; x_wconf 89' lang='lat' dir='ltr'><strong>auctoribus,</strong></span> <span class='ocrx_word' id='word_1_265' title='bbox 949 2709 1032 2752; x_wconf 88' lang='lat' dir='ltr'><strong>cum</strong></span> <span class='ocrx_word' id='word_1_266' title='bbox 1062 2693 1229 2767; x_wconf 84' lang='lat' dir='ltr'><strong>ingeniis</strong></span> <span class='ocrx_word' id='word_1_267' title='bbox 1253 2693 1399 2752; x_wconf 90' lang='lat' dir='ltr'><strong>criticis</strong></span> <span class='ocrx_word' id='word_1_268' title='bbox 1428 2693 1531 2768; x_wconf 82' lang='lat' dir='ltr'><strong>peri-</strong></span> 
     </span>
     <span class='ocr_line' id='line_1_27' title="bbox 177 2777 1529 2856; baseline -0.001 -16"><span class='ocrx_word' id='word_1_269' title='bbox 177 2789 295 2840; x_wconf 84' lang='lat' dir='ltr'><strong>turam</strong></span> <span class='ocrx_word' id='word_1_270' title='bbox 323 2783 527 2854; x_wconf 84' lang='lat' dir='ltr'><strong>existimo,</strong></span> <span class='ocrx_word' id='word_1_271' title='bbox 558 2797 666 2856; x_wconf 88' lang='lat' dir='ltr'><strong>quum</strong></span> <span class='ocrx_word' id='word_1_272' title='bbox 689 2780 939 2855; x_wconf 83' lang='lat' dir='ltr'><strong>Aristarchus</strong></span> <span class='ocrx_word' id='word_1_273' title='bbox 963 2787 997 2839; x_wconf 92' lang='lat' dir='ltr'><strong>et</strong></span> <span class='ocrx_word' id='word_1_274' title='bbox 1020 2779 1262 2856; x_wconf 83' lang='lat' dir='ltr'><strong>Oopernieue</strong></span> <span class='ocrx_word' id='word_1_275' title='bbox 1292 2777 1529 2839; x_wconf 88' lang='lat' dir='ltr'><strong>descrantur.</strong></span> 
     </span>
     <span class='ocr_line' id='line_1_28' title="bbox 178 2861 1530 2945; baseline -0.001 -17"><span class='ocrx_word' id='word_1_276' title='bbox 178 2899 218 2912; x_wconf 89' lang='lat'><em>-</em></span> <span class='ocrx_word' id='word_1_277' title='bbox 242 2865 379 2944; x_wconf 74' lang='lat' dir='ltr'><strong>Obiectio</strong></span> <span class='ocrx_word' id='word_1_278' title='bbox 403 2877 453 2929; x_wconf 86' lang='lat' dir='ltr'><strong>toa</strong></span> <span class='ocrx_word' id='word_1_279' title='bbox 475 2885 493 2928; x_wconf 90' lang='lat' dir='ltr'><strong>a</strong></span> <span class='ocrx_word' id='word_1_280' title='bbox 516 2871 611 2928; x_wconf 86' lang='lat' dir='ltr'><strong>ventis</strong></span> <span class='ocrx_word' id='word_1_281' title='bbox 633 2868 721 2945; x_wconf 90' lang='lat' dir='ltr'><strong>plane</strong></span> <span class='ocrx_word' id='word_1_282' title='bbox 744 2861 897 2927; x_wconf 90' lang='lat' dir='ltr'><strong>ventorum</strong></span> <span class='ocrx_word' id='word_1_283' title='bbox 925 2877 1058 2927; x_wconf 87' lang='lat' dir='ltr'><strong>naturam</strong></span> <span class='ocrx_word' id='word_1_284' title='bbox 1081 2867 1229 2926; x_wconf 85' lang='lat' dir='ltr'><strong>imitatur:</strong></span> <span class='ocrx_word' id='word_1_285' title='bbox 1260 2865 1333 2924; x_wconf 91' lang='lat' dir='ltr'><strong>nihil</strong></span> <span class='ocrx_word' id='word_1_286' title='bbox 1362 2865 1452 2926; x_wconf 83' lang='lat' dir='ltr'><strong>elficit</strong></span> <span class='ocrx_word' id='word_1_287' title='bbox 1472 2867 1530 2926; x_wconf 89' lang='lat' dir='ltr'><strong>uisi</strong></span> 
     </span>
     <span class='ocr_line' id='line_1_29' title="bbox 175 2959 406 3032; baseline -0.004 -16"><span class='ocrx_word' id='word_1_288' title='bbox 175 2959 328 3032; x_wconf 89' lang='lat' dir='ltr'><strong>strepitum</strong></span> <span class='ocrx_word' id='word_1_289' title='bbox 351 2965 406 3016; x_wconf 90' lang='lat' dir='ltr'><strong>etc.</strong></span> 
     </span>
    </p>

    <p class='ocr_par' dir='ltr' id='par_1_6' title="bbox 180 3039 1530 3207">
     <span class='ocr_line' id='line_1_30' title="bbox 281 3039 1528 3120; baseline -0.003 -17"><span class='ocrx_word' id='word_1_290' title='bbox 281 3041 411 3104; x_wconf 90' lang='lat' dir='ltr'><strong>Ultimae</strong></span> <span class='ocrx_word' id='word_1_291' title='bbox 435 3043 560 3120; x_wconf 86' lang='lat' dir='ltr'><strong>denique</strong></span> <span class='ocrx_word' id='word_1_292' title='bbox 582 3041 621 3102; x_wconf 90' lang='lat' dir='ltr'><strong>ad</strong></span> <span class='ocrx_word' id='word_1_293' title='bbox 637 3042 803 3102; x_wconf 83' lang='lat' dir='ltr'><strong>Fabricium</strong></span> <span class='ocrx_word' id='word_1_294' title='bbox 826 3041 913 3102; x_wconf 91' lang='lat' dir='ltr'><strong>datae</strong></span> <span class='ocrx_word' id='word_1_295' title='bbox 937 3040 1081 3118; x_wconf 89' lang='lat' dir='ltr'><strong>epistolae</strong></span> <span class='ocrx_word' id='word_1_296' title='bbox 1104 3041 1149 3100; x_wconf 92' lang='lat' dir='ltr'><strong>his</strong></span> <span class='ocrx_word' id='word_1_297' title='bbox 1172 3039 1259 3100; x_wconf 89' lang='lat' dir='ltr'><strong>linem</strong></span> <span class='ocrx_word' id='word_1_298' title='bbox 1281 3039 1352 3100; x_wconf 88' lang='lat' dir='ltr'><strong>iacit</strong></span> <span class='ocrx_word' id='word_1_299' title='bbox 1367 3039 1528 3118; x_wconf 78' lang='lat' dir='ltr'><strong>chlerust</strong></span> 
     </span>
     <span class='ocr_line' id='line_1_31' title="bbox 180 3127 1530 3207; baseline -0.001 -19"><span class='ocrx_word' id='word_1_300' title='bbox 180 3130 247 3207; x_wconf 78' lang='lat' dir='ltr'><strong>,Fu</strong></span> <span class='ocrx_word' id='word_1_301' title='bbox 269 3133 478 3207; x_wconf 88' lang='lat' dir='ltr'><strong>procacitatem</strong></span> <span class='ocrx_word' id='word_1_302' title='bbox 502 3138 531 3190; x_wconf 90' lang='lat' dir='ltr'><strong>et</strong></span> <span class='ocrx_word' id='word_1_303' title='bbox 553 3130 731 3190; x_wconf 90' lang='lat' dir='ltr'><strong>hilaritatem</strong></span> <span class='ocrx_word' id='word_1_304' title='bbox 753 3147 850 3191; x_wconf 89' lang='lat' dir='ltr'><strong>msam</strong></span> <span class='ocrx_word' id='word_1_305' title='bbox 874 3128 1080 3190; x_wconf 87' lang='lat' dir='ltr'><strong>inscribendo</strong></span> <span class='ocrx_word' id='word_1_306' title='bbox 1104 3129 1174 3188; x_wconf 92' lang='lat' dir='ltr'><strong>boni</strong></span> <span class='ocrx_word' id='word_1_307' title='bbox 1197 3127 1328 3190; x_wconf 91' lang='lat' dir='ltr'><strong>consule.</strong></span> <span class='ocrx_word' id='word_1_308' title='bbox 1358 3127 1460 3201; x_wconf 87' lang='lat' dir='ltr'><strong>Vides,</strong></span> <span class='ocrx_word' id='word_1_309' title='bbox 1483 3143 1530 3188; x_wconf 90' lang='lat' dir='ltr'><strong>me</strong></span> 
     </span>
    </p>
   </div>
   <div class='ocr_carea' id='block_1_5' title="bbox 178 3215 1641 3298">
    <p class='ocr_par' dir='ltr' id='par_1_7' title="bbox 178 3215 1641 3298">
     <span class='ocr_line' id='line_1_32' title="bbox 178 3215 1641 3298; baseline -0.001 -21"><span class='ocrx_word' id='word_1_310' title='bbox 178 3217 297 3278; x_wconf 88' lang='lat' dir='ltr'><strong>laudem</strong></span> <span class='ocrx_word' id='word_1_311' title='bbox 320 3229 390 3278; x_wconf 87' lang='lat' dir='ltr'><strong>tuae</strong></span> <span class='ocrx_word' id='word_1_312' title='bbox 413 3219 570 3296; x_wconf 87' lang='lat' dir='ltr'><strong>hypothesi</strong></span> <span class='ocrx_word' id='word_1_313' title='bbox 593 3216 641 3298; x_wconf 85' lang='lat' dir='ltr'><strong>(de</strong></span> <span class='ocrx_word' id='word_1_314' title='bbox 664 3216 772 3295; x_wconf 82' lang='lat' dir='ltr'><strong>Marte)</strong></span> <span class='ocrx_word' id='word_1_315' title='bbox 794 3217 922 3278; x_wconf 89' lang='lat' dir='ltr'><strong>tribucre</strong></span> <span class='ocrx_word' id='word_1_316' title='bbox 945 3217 1077 3277; x_wconf 87' lang='lat' dir='ltr'><strong>veritatis</strong></span> <span class='ocrx_word' id='word_1_317' title='bbox 1099 3219 1176 3276; x_wconf 90' lang='lat' dir='ltr'><strong>circa</strong></span> <span class='ocrx_word' id='word_1_318' title='bbox 1199 3215 1349 3288; x_wconf 85' lang='lat' dir='ltr'><strong>effectum,</strong></span> <span class='ocrx_word' id='word_1_319' title='bbox 1383 3217 1437 3274; x_wconf 91' lang='lat' dir='ltr'><strong>tibi</strong></span> <span class='ocrx_word' id='word_1_320' title='bbox 1460 3231 1530 3276; x_wconf 87' lang='lat' dir='ltr'><strong>veru</strong></span> <span class='ocrx_word' id='word_1_321' title='bbox 1638 3225 1641 3238; x_wconf 89' lang='lat'>&#39;</span> 
     </span>
    </p>
   </div>
   <div class='ocr_carea' id='block_1_6' title="bbox 175 3303 1543 4962">
    <p class='ocr_par' dir='ltr' id='par_1_8' title="bbox 175 3303 1543 4432">
     <span class='ocr_line' id='line_1_33' title="bbox 178 3303 1530 3382; baseline -0.001 -20"><span class='ocrx_word' id='word_1_322' title='bbox 178 3307 298 3382; x_wconf 87' lang='lat' dir='ltr'><strong>ingenii,</strong></span> <span class='ocrx_word' id='word_1_323' title='bbox 322 3315 352 3366; x_wconf 92' lang='lat' dir='ltr'><strong>ct</strong></span> <span class='ocrx_word' id='word_1_324' title='bbox 375 3307 506 3382; x_wconf 86' lang='lat' dir='ltr'><strong>inprimis</strong></span> <span class='ocrx_word' id='word_1_325' title='bbox 528 3304 631 3365; x_wconf 87' lang='lat' dir='ltr'><strong>laetari</strong></span> <span class='ocrx_word' id='word_1_326' title='bbox 655 3323 741 3382; x_wconf 89' lang='lat' dir='ltr'><strong>super</strong></span> <span class='ocrx_word' id='word_1_327' title='bbox 762 3305 879 3365; x_wconf 88' lang='lat' dir='ltr'><strong>iortuna</strong></span> <span class='ocrx_word' id='word_1_328' title='bbox 903 3313 1017 3364; x_wconf 91' lang='lat' dir='ltr'><strong>tuarum</strong></span> <span class='ocrx_word' id='word_1_329' title='bbox 1033 3303 1269 3381; x_wconf 88' lang='lat' dir='ltr'><strong>speculationum</strong></span> <span class='ocrx_word' id='word_1_330' title='bbox 1291 3303 1405 3378; x_wconf 89' lang='lat' dir='ltr'><strong>tibique</strong></span> <span class='ocrx_word' id='word_1_331' title='bbox 1427 3309 1530 3380; x_wconf 86' lang='lat' dir='ltr'><strong>gratu·</strong></span> 
     </span>
     <span class='ocr_line' id='line_1_34' title="bbox 175 3389 1530 3470; baseline -0.002 -18"><span class='ocrx_word' id='word_1_332' title='bbox 175 3393 260 3470; x_wconf 64' lang='lat' dir='ltr'><strong>lari.¹</strong></span> <span class='ocrx_word' id='word_1_333' title='bbox 284 3393 346 3454; x_wconf 84' lang='lat' dir='ltr'><strong>Nec</strong></span> <span class='ocrx_word' id='word_1_334' title='bbox 368 3397 394 3454; x_wconf 91' lang='lat' dir='ltr'><strong>si</strong></span> <span class='ocrx_word' id='word_1_335' title='bbox 418 3397 495 3452; x_wconf 91' lang='lat' dir='ltr'><strong>veris</strong></span> <span class='ocrx_word' id='word_1_336' title='bbox 518 3393 667 3454; x_wconf 89' lang='lat' dir='ltr'><strong>coloribus</strong></span> <span class='ocrx_word' id='word_1_337' title='bbox 697 3393 777 3450; x_wconf 93' lang='lat' dir='ltr'><strong>iliam</strong></span> <span class='ocrx_word' id='word_1_338' title='bbox 802 3391 921 3470; x_wconf 86' lang='lat' dir='ltr'><strong>depinxi</strong></span> <span class='ocrx_word' id='word_1_339' title='bbox 950 3402 1106 3469; x_wconf 90' lang='lat' dir='ltr'><strong>propterea</strong></span> <span class='ocrx_word' id='word_1_340' title='bbox 1133 3408 1264 3468; x_wconf 89' lang='lat' dir='ltr'><strong>premere</strong></span> <span class='ocrx_word' id='word_1_341' title='bbox 1292 3389 1374 3450; x_wconf 91' lang='lat' dir='ltr'><strong>illam</strong></span> <span class='ocrx_word' id='word_1_342' title='bbox 1398 3398 1426 3451; x_wconf 88' lang='lat' dir='ltr'><strong>tc</strong></span> <span class='ocrx_word' id='word_1_343' title='bbox 1451 3389 1530 3465; x_wconf 91' lang='lat' dir='ltr'><strong>volo,</strong></span> 
     </span>
     <span class='ocr_line' id='line_1_35' title="bbox 176 3469 1543 3558; baseline -0.002 -17"><span class='ocrx_word' id='word_1_344' title='bbox 176 3485 252 3557; x_wconf 89' lang='lat' dir='ltr'><strong>quin.</strong></span> <span class='ocrx_word' id='word_1_345' title='bbox 270 3483 369 3558; x_wconf 88' lang='lat' dir='ltr'><strong>potios</strong></span> <span class='ocrx_word' id='word_1_346' title='bbox 391 3483 448 3540; x_wconf 91' lang='lat' dir='ltr'><strong>nisi</strong></span> <span class='ocrx_word' id='word_1_347' title='bbox 468 3482 530 3558; x_wconf 86' lang='lat' dir='ltr'><strong>jam</strong></span> <span class='ocrx_word' id='word_1_348' title='bbox 554 3479 677 3557; x_wconf 89' lang='lat' dir='ltr'><strong>impedis</strong></span> <span class='ocrx_word' id='word_1_349' title='bbox 699 3469 820 3558; x_wconf 78' lang='lat' dir='ltr'><strong>partem&#39;</strong></span> <span class='ocrx_word' id='word_1_350' title='bbox 835 3497 870 3540; x_wconf 84' lang='lat' dir='ltr'><strong>ex</strong></span> <span class='ocrx_word' id='word_1_351' title='bbox 894 3480 945 3539; x_wconf 90' lang='lat' dir='ltr'><strong>illa</strong></span> <span class='ocrx_word' id='word_1_352' title='bbox 964 3479 1069 3540; x_wconf 86' lang='lat' dir='ltr'><strong>iselam</strong></span> <span class='ocrx_word' id='word_1_353' title='bbox 1085 3479 1367 3539; x_wconf 88' lang='lat' dir='ltr'><strong>Commentariorum</strong></span> <span class='ocrx_word' id='word_1_354' title='bbox 1389 3483 1543 3554; x_wconf 84' lang='lat' dir='ltr'><strong>meorum,&#39;</strong></span> 
     </span>
     <span class='ocr_line' id='line_1_36' title="bbox 176 3559 1532 3647; baseline -0.002 -19"><span class='ocrx_word' id='word_1_355' title='bbox 176 3579 209 3628; x_wconf 91' lang='lat' dir='ltr'><strong>ut</strong></span> <span class='ocrx_word' id='word_1_356' title='bbox 230 3571 358 3647; x_wconf 89' lang='lat' dir='ltr'><strong>petiisti,</strong></span> <span class='ocrx_word' id='word_1_357' title='bbox 390 3569 478 3644; x_wconf 91' lang='lat' dir='ltr'><strong>idque</strong></span> <span class='ocrx_word' id='word_1_358' title='bbox 505 3571 534 3626; x_wconf 90' lang='lat' dir='ltr'><strong>iu</strong></span> <span class='ocrx_word' id='word_1_359' title='bbox 563 3569 688 3644; x_wconf 88' lang='lat' dir='ltr'><strong>gratiam</strong></span> <span class='ocrx_word' id='word_1_360' title='bbox 718 3585 835 3640; x_wconf 91' lang='lat' dir='ltr'><strong>eorum,</strong></span> <span class='ocrx_word' id='word_1_361' title='bbox 869 3570 919 3644; x_wconf 93' lang='lat' dir='ltr'><strong>qui</strong></span> <span class='ocrx_word' id='word_1_362' title='bbox 946 3568 1054 3643; x_wconf 88' lang='lat' dir='ltr'><strong>privati</strong></span> <span class='ocrx_word' id='word_1_363' title='bbox 1083 3575 1188 3643; x_wconf 82' lang='lat' dir='ltr'><strong>eaptus</strong></span> <span class='ocrx_word' id='word_1_364' title='bbox 1218 3582 1308 3626; x_wconf 90' lang='lat' dir='ltr'><strong>causa</strong></span> <span class='ocrx_word' id='word_1_365' title='bbox 1337 3559 1390 3626; x_wconf 87' lang='lat' dir='ltr'><strong>aut</strong></span> <span class='ocrx_word' id='word_1_366' title='bbox 1411 3571 1532 3643; x_wconf 80' lang='lat' dir='ltr'><strong>propter</strong></span> 
     </span>
     <span class='ocr_line' id='line_1_37' title="bbox 177 3651 1530 3730; baseline -0.002 -14"><span class='ocrx_word' id='word_1_367' title='bbox 177 3655 363 3716; x_wconf 88' lang='lat' dir='ltr'><strong>mechanicas</strong></span> <span class='ocrx_word' id='word_1_368' title='bbox 386 3657 548 3716; x_wconf 85' lang='lat' dir='ltr'><strong>eiiiotiones</strong></span> <span class='ocrx_word' id='word_1_369' title='bbox 570 3654 779 3714; x_wconf 89' lang='lat' dir='ltr'><strong>Ptolemaicaru</strong></span> <span class='ocrx_word' id='word_1_370' title='bbox 803 3656 925 3715; x_wconf 80' lang='lat' dir='ltr'><strong>formam</strong></span> <span class='ocrx_word' id='word_1_371' title='bbox 941 3661 1050 3713; x_wconf 90' lang='lat' dir='ltr'><strong>amant.</strong></span> <span class='ocrx_word' id='word_1_372' title='bbox 1090 3655 1199 3714; x_wconf 85' lang='lat' dir='ltr'><strong>Fateor</strong></span> <span class='ocrx_word' id='word_1_373' title='bbox 1214 3655 1332 3730; x_wconf 65' lang='lat' dir='ltr'><strong>quiite,</strong></span> <span class='ocrx_word' id='word_1_374' title='bbox 1356 3663 1438 3714; x_wconf 92' lang='lat' dir='ltr'><strong>tuam</strong></span> <span class='ocrx_word' id='word_1_375' title='bbox 1454 3651 1530 3714; x_wconf 90' lang='lat' dir='ltr'><strong>hanc</strong></span> 
     </span>
     <span class='ocr_line' id='line_1_38' title="bbox 177 3739 1531 3820; baseline -0.001 -18"><span class='ocrx_word' id='word_1_376' title='bbox 177 3745 391 3803; x_wconf 85' lang='lat' dir='ltr'><strong>ordinationem</strong></span> <span class='ocrx_word' id='word_1_377' title='bbox 414 3753 517 3820; x_wconf 89' lang='lat' dir='ltr'><strong>captus</strong></span> <span class='ocrx_word' id='word_1_378' title='bbox 540 3743 682 3803; x_wconf 89' lang='lat' dir='ltr'><strong>iacilitate</strong></span> <span class='ocrx_word' id='word_1_379' title='bbox 705 3741 794 3818; x_wconf 89' lang='lat' dir='ltr'><strong>longo</strong></span> <span class='ocrx_word' id='word_1_380' title='bbox 817 3741 972 3804; x_wconf 86' lang='lat' dir='ltr'><strong>intervallo</strong></span> <span class='ocrx_word' id='word_1_381' title='bbox 995 3748 1064 3819; x_wconf 90' lang='lat' dir='ltr'><strong>post</strong></span> <span class='ocrx_word' id='word_1_382' title='bbox 1084 3759 1117 3802; x_wconf 92' lang='lat' dir='ltr'><strong>se</strong></span> <span class='ocrx_word' id='word_1_383' title='bbox 1144 3739 1309 3818; x_wconf 91' lang='lat' dir='ltr'><strong>relinquere</strong></span> <span class='ocrx_word' id='word_1_384' title='bbox 1331 3740 1531 3801; x_wconf 80' lang='lat' dir='ltr'><strong>Ptolemaidos</strong></span> 
     </span>
     <span class='ocr_line' id='line_1_39' title="bbox 177 3827 1532 3908; baseline -0.003 -16"><span class='ocrx_word' id='word_1_385' title='bbox 177 3839 339 3908; x_wconf 87' lang='lat' dir='ltr'><strong>aequantes</strong></span> <span class='ocrx_word' id='word_1_386' title='bbox 341 3873 450 3894; x_wconf 90' lang='grc'><strong>.....</strong></span> <span class='ocrx_word' id='word_1_387' title='bbox 496 3831 528 3890; x_wconf 86' lang='lat' dir='ltr'><strong>Si</strong></span> <span class='ocrx_word' id='word_1_388' title='bbox 551 3830 624 3889; x_wconf 89' lang='lat' dir='ltr'><strong>haec</strong></span> <span class='ocrx_word' id='word_1_389' title='bbox 638 3846 694 3906; x_wconf 91' lang='lat' dir='ltr'><strong>ego</strong></span> <span class='ocrx_word' id='word_1_390' title='bbox 710 3829 850 3890; x_wconf 89' lang='lat' dir='ltr'><strong>odoratus</strong></span> <span class='ocrx_word' id='word_1_391' title='bbox 871 3832 993 3889; x_wconf 86' lang='lat' dir='ltr'><strong>irrisaem</strong></span> <span class='ocrx_word' id='word_1_392' title='bbox 1015 3835 1117 3888; x_wconf 81' lang='lat' dir='ltr'><strong>anteit</strong></span> <span class='ocrx_word' id='word_1_393' title='bbox 1142 3845 1266 3902; x_wconf 89' lang='lat' dir='ltr'><strong>menses,</strong></span> <span class='ocrx_word' id='word_1_394' title='bbox 1289 3827 1423 3888; x_wconf 89' lang='lat' dir='ltr'><strong>lubenter</strong></span> <span class='ocrx_word' id='word_1_395' title='bbox 1437 3827 1532 3904; x_wconf 88' lang='lat' dir='ltr'><strong>scrip-</strong></span> 
     </span>
     <span class='ocr_line' id='line_1_40' title="bbox 176 3915 1530 3990; baseline -0.005 -10"><span class='ocrx_word' id='word_1_396' title='bbox 176 3923 281 3980; x_wconf 89' lang='lat' dir='ltr'><strong>sissem</strong></span> <span class='ocrx_word' id='word_1_397' title='bbox 311 3919 347 3979; x_wconf 90' lang='lat' dir='ltr'><strong>de</strong></span> <span class='ocrx_word' id='word_1_398' title='bbox 375 3921 419 3978; x_wconf 91' lang='lat' dir='ltr'><strong>iis.</strong></span> <span class='ocrx_word' id='word_1_399' title='bbox 467 3919 506 3978; x_wconf 77' lang='lat' dir='ltr'><strong>At</strong></span> <span class='ocrx_word' id='word_1_400' title='bbox 536 3933 614 3976; x_wconf 92' lang='lat' dir='ltr'><strong>nunc</strong></span> <span class='ocrx_word' id='word_1_401' title='bbox 640 3933 748 3977; x_wconf 88' lang='lat' dir='ltr'><strong>accusa</strong></span> <span class='ocrx_word' id='word_1_402' title='bbox 777 3925 828 3976; x_wconf 91' lang='lat' dir='ltr'><strong>tua</strong></span> <span class='ocrx_word' id='word_1_403' title='bbox 857 3916 1009 3977; x_wconf 88' lang='lat' dir='ltr'><strong>schemata</strong></span> <span class='ocrx_word' id='word_1_404' title='bbox 1038 3933 1159 3976; x_wconf 90' lang='lat' dir='ltr'><strong>erronea</strong></span> <span class='ocrx_word' id='word_1_405' title='bbox 1183 3915 1219 3976; x_wconf 93' lang='lat' dir='ltr'><strong>de</strong></span> <span class='ocrx_word' id='word_1_406' title='bbox 1241 3931 1308 3976; x_wconf 90' lang='lat' dir='ltr'><strong>mec</strong></span> <span class='ocrx_word' id='word_1_407' title='bbox 1330 3916 1463 3990; x_wconf 88' lang='lat' dir='ltr'><strong>silentio;</strong></span> <span class='ocrx_word' id='word_1_408' title='bbox 1493 3929 1530 3974; x_wconf 81' lang='lat' dir='ltr'><strong>ea</strong></span> 
     </span>
     <span class='ocr_line' id='line_1_41' title="bbox 176 4003 1533 4083; baseline -0.002 -20"><span class='ocrx_word' id='word_1_409' title='bbox 176 4009 249 4083; x_wconf 91' lang='lat' dir='ltr'><strong>ipsis</strong></span> <span class='ocrx_word' id='word_1_410' title='bbox 272 4009 348 4066; x_wconf 90' lang='lat' dir='ltr'><strong>enim</strong></span> <span class='ocrx_word' id='word_1_411' title='bbox 373 4007 445 4066; x_wconf 90' lang='lat' dir='ltr'><strong>visis</strong></span> <span class='ocrx_word' id='word_1_412' title='bbox 475 4013 505 4066; x_wconf 89' lang='lat' dir='ltr'><strong>et</strong></span> <span class='ocrx_word' id='word_1_413' title='bbox 527 4005 564 4065; x_wconf 94' lang='lat' dir='ltr'><strong>de</strong></span> <span class='ocrx_word' id='word_1_414' title='bbox 586 4012 668 4065; x_wconf 86' lang='lat' dir='ltr'><strong>textu</strong></span> <span class='ocrx_word' id='word_1_415' title='bbox 688 4004 837 4080; x_wconf 87' lang='lat' dir='ltr'><strong>judicavi,</strong></span> <span class='ocrx_word' id='word_1_416' title='bbox 868 4006 918 4082; x_wconf 89' lang='lat' dir='ltr'><strong>qui</strong></span> <span class='ocrx_word' id='word_1_417' title='bbox 942 4006 1161 4064; x_wconf 87' lang='lat' dir='ltr'><strong>intricatissima</strong></span> <span class='ocrx_word' id='word_1_418' title='bbox 1192 4021 1281 4063; x_wconf 91' lang='lat' dir='ltr'><strong>manu</strong></span> <span class='ocrx_word' id='word_1_419' title='bbox 1302 4003 1492 4080; x_wconf 86' lang='lat' dir='ltr'><strong>perscribitur</strong></span> <span class='ocrx_word' id='word_1_420' title='bbox 1513 4017 1533 4060; x_wconf 89' lang='lat' dir='ltr'><strong>a</strong></span> 
     </span>
     <span class='ocr_line' id='line_1_42' title="bbox 176 4094 1535 4154; baseline -0.009 0"><span class='ocrx_word' id='word_1_421' title='bbox 176 4105 214 4154; x_wconf 86' lang='lat' dir='ltr'><strong>te.</strong></span> <span class='ocrx_word' id='word_1_422' title='bbox 261 4094 346 4154; x_wconf 85' lang='lat' dir='ltr'><strong>Vale.</strong></span> <span class='ocrx_word' id='word_1_423' title='bbox 1531 4135 1535 4142; x_wconf 20' lang='grc' dir='ltr'><strong>Α</strong></span> 
     </span>
     <span class='ocr_line' id='line_1_43' title="bbox 281 4175 1532 4257; baseline -0.005 -16"><span class='ocrx_word' id='word_1_424' title='bbox 281 4181 409 4241; x_wconf 87' lang='lat' dir='ltr'><strong>Causam</strong></span> <span class='ocrx_word' id='word_1_425' title='bbox 426 4197 485 4257; x_wconf 92' lang='lat' dir='ltr'><strong>qua</strong></span> <span class='ocrx_word' id='word_1_426' title='bbox 499 4185 596 4240; x_wconf 88' lang='lat' dir='ltr'><strong>motos</strong></span> <span class='ocrx_word' id='word_1_427' title='bbox 610 4179 756 4256; x_wconf 86' lang='lat' dir='ltr'><strong>Keplerus</strong></span> <span class='ocrx_word' id='word_1_428' title='bbox 778 4179 815 4238; x_wconf 91' lang='lat' dir='ltr'><strong>ad</strong></span> <span class='ocrx_word' id='word_1_429' title='bbox 833 4179 959 4240; x_wconf 82' lang='lat' dir='ltr'><strong>Fabricii</strong></span> <span class='ocrx_word' id='word_1_430' title='bbox 982 4177 1081 4239; x_wconf 89' lang='lat' dir='ltr'><strong>literas</strong></span> <span class='ocrx_word' id='word_1_431' title='bbox 1103 4177 1279 4256; x_wconf 90' lang='lat' dir='ltr'><strong>respondere</strong></span> <span class='ocrx_word' id='word_1_432' title='bbox 1302 4175 1421 4250; x_wconf 87' lang='lat' dir='ltr'><strong>disicrit,</strong></span> <span class='ocrx_word' id='word_1_433' title='bbox 1444 4175 1532 4236; x_wconf 93' lang='lat' dir='ltr'><strong>reiert</strong></span> 
     </span>
     <span class='ocr_line' id='line_1_44' title="bbox 177 4263 1530 4344; baseline -0.001 -18"><span class='ocrx_word' id='word_1_434' title='bbox 177 4271 205 4326; x_wconf 94' lang='lat' dir='ltr'><strong>in</strong></span> <span class='ocrx_word' id='word_1_435' title='bbox 228 4269 413 4344; x_wconf 84' lang='lat' dir='ltr'><strong>praelatione</strong></span> <span class='ocrx_word' id='word_1_436' title='bbox 435 4268 473 4328; x_wconf 87' lang='lat' dir='ltr'><strong>ad</strong></span> <span class='ocrx_word' id='word_1_437' title='bbox 496 4267 718 4343; x_wconf 85' lang='lat' dir='ltr'><strong>Ephemeridem</strong></span> <span class='ocrx_word' id='word_1_438' title='bbox 741 4269 809 4326; x_wconf 90' lang='lat' dir='ltr'><strong>anni</strong></span> <span class='ocrx_word' id='word_1_439' title='bbox 836 4273 933 4341; x_wconf 84' lang='grc'><strong>1617,</strong></span> <span class='ocrx_word' id='word_1_440' title='bbox 967 4267 1066 4343; x_wconf 91' lang='lat' dir='ltr'><strong>ibique</strong></span> <span class='ocrx_word' id='word_1_441' title='bbox 1088 4267 1185 4343; x_wconf 89' lang='lat' dir='ltr'><strong>pergit</strong></span> <span class='ocrx_word' id='word_1_442' title='bbox 1206 4267 1283 4326; x_wconf 88' lang='lat' dir='ltr'><strong>scria</strong></span> <span class='ocrx_word' id='word_1_443' title='bbox 1307 4264 1384 4340; x_wconf 80' lang='lat' dir='ltr'><strong>jocis</strong></span> <span class='ocrx_word' id='word_1_444' title='bbox 1405 4263 1530 4326; x_wconf 87' lang='lat' dir='ltr'><strong>miscens</strong></span> 
     </span>
     <span class='ocr_line' id='line_1_45' title="bbox 177 4354 1530 4432; baseline -0.005 -15"><span class='ocrx_word' id='word_1_445' title='bbox 177 4357 280 4417; x_wconf 90' lang='lat' dir='ltr'><strong>eadem</strong></span> <span class='ocrx_word' id='word_1_446' title='bbox 305 4373 364 4432; x_wconf 88' lang='lat' dir='ltr'><strong>qua</strong></span> <span class='ocrx_word' id='word_1_447' title='bbox 386 4363 475 4417; x_wconf 89' lang='lat' dir='ltr'><strong>autea</strong></span> <span class='ocrx_word' id='word_1_448' title='bbox 496 4357 620 4414; x_wconf 89' lang='lat' dir='ltr'><strong>ratione.</strong></span> <span class='ocrx_word' id='word_1_449' title='bbox 664 4354 794 4432; x_wconf 87' lang='lat' dir='ltr'><strong>Legatur</strong></span> <span class='ocrx_word' id='word_1_450' title='bbox 816 4354 889 4414; x_wconf 86' lang='lat' dir='ltr'><strong>haec</strong></span> <span class='ocrx_word' id='word_1_451' title='bbox 917 4371 1041 4414; x_wconf 86' lang='lat' dir='ltr'><strong>amoena</strong></span> <span class='ocrx_word' id='word_1_452' title='bbox 1062 4356 1213 4430; x_wconf 87' lang='lat' dir='ltr'><strong>responsio</strong></span> <span class='ocrx_word' id='word_1_453' title='bbox 1241 4367 1330 4427; x_wconf 90' lang='lat' dir='ltr'><strong>sopra</strong></span> <span class='ocrx_word' id='word_1_454' title='bbox 1352 4369 1381 4427; x_wconf 91' lang='lat' dir='ltr'><strong>p.</strong></span> <span class='ocrx_word' id='word_1_455' title='bbox 1405 4355 1465 4410; x_wconf 82' lang='lat'><strong>841</strong></span> <span class='ocrx_word' id='word_1_456' title='bbox 1491 4367 1530 4410; x_wconf 85' lang='lat' dir='ltr'><strong>ss.</strong></span> 
     </span>
    </p>

    <p class='ocr_par' dir='ltr' id='par_1_9' title="bbox 177 4437 1531 4962">
     <span class='ocr_line' id='line_1_46' title="bbox 282 4437 1531 4519; baseline -0.003 -17"><span class='ocrx_word' id='word_1_457' title='bbox 282 4443 463 4503; x_wconf 89' lang='lat' dir='ltr'><strong>Vickeuio</strong></span> <span class='ocrx_word' id='word_1_458' title='bbox 492 4441 639 4519; x_wconf 86' lang='lat' dir='ltr'><strong>Ksplerus</strong></span> <span class='ocrx_word' id='word_1_459' title='bbox 668 4443 800 4502; x_wconf 84' lang='lat' dir='ltr'><strong>studiose</strong></span> <span class='ocrx_word' id='word_1_460' title='bbox 830 4441 972 4518; x_wconf 89' lang='lat' dir='ltr'><strong>explicat,</strong></span> <span class='ocrx_word' id='word_1_461' title='bbox 1007 4458 1084 4516; x_wconf 86' lang='lat' dir='ltr'><strong>quae</strong></span> <span class='ocrx_word' id='word_1_462' title='bbox 1111 4443 1221 4500; x_wconf 90' lang='lat' dir='ltr'><strong>sentiat</strong></span> <span class='ocrx_word' id='word_1_463' title='bbox 1248 4438 1284 4497; x_wconf 86' lang='lat' dir='ltr'><strong>(lc</strong></span> <span class='ocrx_word' id='word_1_464' title='bbox 1312 4437 1474 4514; x_wconf 85' lang='lat' dir='ltr'><strong>astrologia</strong></span> <span class='ocrx_word' id='word_1_465' title='bbox 1501 4445 1531 4498; x_wconf 90' lang='lat' dir='ltr'><strong>et</strong></span> 
     </span>
     <span class='ocr_line' id='line_1_47' title="bbox 178 4523 1529 4606; baseline -0.004 -17"><span class='ocrx_word' id='word_1_466' title='bbox 178 4531 258 4590; x_wconf 90' lang='lat' dir='ltr'><strong>libris</strong></span> <span class='ocrx_word' id='word_1_467' title='bbox 287 4530 473 4606; x_wconf 90' lang='lat' dir='ltr'><strong>astrologicis</strong></span> <span class='ocrx_word' id='word_1_468' title='bbox 495 4530 672 4602; x_wconf 89' lang='lat' dir='ltr'><strong>Ptolemaei,</strong></span> <span class='ocrx_word' id='word_1_469' title='bbox 696 4528 823 4590; x_wconf 83' lang='lat' dir='ltr'><strong>Gardani</strong></span> <span class='ocrx_word' id='word_1_470' title='bbox 849 4529 1041 4605; x_wconf 91' lang='lat' dir='ltr'><strong>aliorumque.</strong></span> <span class='ocrx_word' id='word_1_471' title='bbox 1087 4525 1246 4603; x_wconf 83' lang='lat' dir='ltr'><strong>Quaerenti</strong></span> <span class='ocrx_word' id='word_1_472' title='bbox 1277 4541 1347 4583; x_wconf 89' lang='lat' dir='ltr'><strong>vero</strong></span> <span class='ocrx_word' id='word_1_473' title='bbox 1375 4523 1529 4600; x_wconf 85' lang='lat' dir='ltr'><strong>Vickeuio,</strong></span> 
     </span>
     <span class='ocr_line' id='line_1_48' title="bbox 177 4609 1531 4694; baseline -0.004 -16"><span class='ocrx_word' id='word_1_474' title='bbox 177 4618 247 4694; x_wconf 91' lang='lat' dir='ltr'><strong>quid</strong></span> <span class='ocrx_word' id='word_1_475' title='bbox 270 4621 380 4679; x_wconf 89' lang='lat' dir='ltr'><strong>sentiat</strong></span> <span class='ocrx_word' id='word_1_476' title='bbox 403 4619 439 4677; x_wconf 90' lang='lat' dir='ltr'><strong>de</strong></span> <span class='ocrx_word' id='word_1_477' title='bbox 457 4634 581 4694; x_wconf 90' lang='lat' dir='ltr'><strong>,novem</strong></span> <span class='ocrx_word' id='word_1_478' title='bbox 597 4617 675 4676; x_wconf 90' lang='lat' dir='ltr'><strong>horis</strong></span> <span class='ocrx_word' id='word_1_479' title='bbox 690 4616 895 4692; x_wconf 81' lang='lat' dir='ltr'><strong>astrologicis“</strong></span> <span class='ocrx_word' id='word_1_480' title='bbox 920 4625 949 4675; x_wconf 89' lang='lat' dir='ltr'><strong>et</strong></span> <span class='ocrx_word' id='word_1_481' title='bbox 970 4617 1091 4693; x_wconf 90' lang='lat' dir='ltr'><strong>petenti,</strong></span> <span class='ocrx_word' id='word_1_482' title='bbox 1115 4622 1147 4674; x_wconf 91' lang='lat' dir='ltr'><strong>ut</strong></span> <span class='ocrx_word' id='word_1_483' title='bbox 1168 4615 1225 4673; x_wconf 90' lang='lat' dir='ltr'><strong>sihi</strong></span> <span class='ocrx_word' id='word_1_484' title='bbox 1248 4609 1373 4687; x_wconf 84' lang='lat' dir='ltr'><strong>explicet</strong></span> <span class='ocrx_word' id='word_1_485' title='bbox 1386 4629 1431 4686; x_wconf 90' lang='lat' dir='ltr'><strong>ea,</strong></span> <span class='ocrx_word' id='word_1_486' title='bbox 1454 4629 1531 4690; x_wconf 89' lang='lat' dir='ltr'><strong>quaa</strong></span> 
     </span>
     <span class='ocr_line' id='line_1_49' title="bbox 177 4701 1529 4781; baseline -0.004 -16"><span class='ocrx_word' id='word_1_487' title='bbox 177 4707 330 4768; x_wconf 85' lang='lat' dir='ltr'><strong>Cornelius</strong></span> <span class='ocrx_word' id='word_1_488' title='bbox 362 4707 493 4781; x_wconf 82' lang='lat' dir='ltr'><strong>Agrippa</strong></span> <span class='ocrx_word' id='word_1_489' title='bbox 523 4708 582 4778; x_wconf 91' lang='lat' dir='ltr'><strong>(lib.</strong></span> <span class='ocrx_word' id='word_1_490' title='bbox 601 4705 649 4762; x_wconf 86' lang='grc' dir='ltr'>ΙΙΙ.</span> <span class='ocrx_word' id='word_1_491' title='bbox 676 4707 711 4762; x_wconf 90' lang='lat' dir='ltr'><strong>de</strong></span> <span class='ocrx_word' id='word_1_492' title='bbox 730 4706 837 4762; x_wconf 84' lang='lat' dir='ltr'><strong>occulta</strong></span> <span class='ocrx_word' id='word_1_493' title='bbox 854 4706 1041 4777; x_wconf 86' lang='lat' dir='ltr'><strong>philosophia)</strong></span> <span class='ocrx_word' id='word_1_494' title='bbox 1072 4701 1190 4773; x_wconf 91' lang='lat' dir='ltr'><strong>doceat,</strong></span> <span class='ocrx_word' id='word_1_495' title='bbox 1224 4713 1348 4774; x_wconf 84' lang='lat' dir='ltr'><strong>„numen</strong></span> <span class='ocrx_word' id='word_1_496' title='bbox 1384 4701 1462 4776; x_wconf 86' lang='lat' dir='ltr'><strong>genii</strong></span> <span class='ocrx_word' id='word_1_497' title='bbox 1494 4718 1529 4760; x_wconf 87' lang='lat' dir='ltr'><strong>ex</strong></span> 
     </span>
     <span class='ocr_line' id='line_1_50' title="bbox 177 4783 1528 4873; baseline -0.004 -18"><span class='ocrx_word' id='word_1_498' title='bbox 177 4793 370 4873; x_wconf 87' lang='lat' dir='ltr'><strong>dispositione</strong></span> <span class='ocrx_word' id='word_1_499' title='bbox 398 4792 569 4852; x_wconf 85' lang='lat' dir='ltr'><strong>coelestium</strong></span> <span class='ocrx_word' id='word_1_500' title='bbox 591 4792 727 4864; x_wconf 85' lang='lat' dir='ltr'><strong>clicere“,</strong></span> <span class='ocrx_word' id='word_1_501' title='bbox 758 4791 832 4851; x_wconf 91' lang='lat' dir='ltr'><strong>hacc</strong></span> <span class='ocrx_word' id='word_1_502' title='bbox 860 4790 1019 4850; x_wconf 87' lang='lat' dir='ltr'><strong>trahundus</strong></span> <span class='ocrx_word' id='word_1_503' title='bbox 1047 4786 1198 4866; x_wconf 89' lang='lat' dir='ltr'><strong>respoudit</strong></span> <span class='ocrx_word' id='word_1_504' title='bbox 1219 4783 1382 4862; x_wconf 85' lang='lat' dir='ltr'><strong>Kepierus:</strong></span> <span class='ocrx_word' id='word_1_505' title='bbox 1417 4785 1528 4868; x_wconf 72' lang='lat' dir='ltr'><strong>„licito¹</strong></span> 
     </span>
     <span class='ocr_line' id='line_1_51' title="bbox 177 4871 1530 4962; baseline -0.003 -20"><span class='ocrx_word' id='word_1_506' title='bbox 177 4899 223 4946; x_wconf 78' lang='lat' dir='ltr'><strong>me</strong></span> <span class='ocrx_word' id='word_1_507' title='bbox 244 4881 438 4944; x_wconf 82' lang='lat' dir='ltr'><strong>fundamenta</strong></span> <span class='ocrx_word' id='word_1_508' title='bbox 459 4881 612 4962; x_wconf 80' lang='lat' dir='ltr'><strong>utrimque</strong></span> <span class='ocrx_word' id='word_1_509' title='bbox 634 4881 676 4942; x_wconf 89' lang='lat' dir='ltr'><strong>vsi</strong></span> <span class='ocrx_word' id='word_1_510' title='bbox 699 4877 738 4940; x_wconf 89' lang='lat' dir='ltr'><strong>ad</strong></span> <span class='ocrx_word' id='word_1_511' title='bbox 760 4895 889 4960; x_wconf 87' lang='lat' dir='ltr'><strong>unguem</strong></span> <span class='ocrx_word' id='word_1_512' title='bbox 910 4887 1023 4962; x_wconf 64' lang='lat' dir='ltr'><strong>tanam</strong></span> <span class='ocrx_word' id='word_1_513' title='bbox 1047 4881 1161 4938; x_wconf 89' lang='lat' dir='ltr'><strong>tautum</strong></span> <span class='ocrx_word' id='word_1_514' title='bbox 1182 4891 1253 4940; x_wconf 85' lang='lat' dir='ltr'><strong>vcro</strong></span> <span class='ocrx_word' id='word_1_515' title='bbox 1268 4871 1354 4936; x_wconf 87' lang='lat' dir='ltr'><strong>abest</strong></span> <span class='ocrx_word' id='word_1_516' title='bbox 1376 4880 1409 4937; x_wconf 91' lang='lat' dir='ltr'><strong>ut</strong></span> <span class='ocrx_word' id='word_1_517' title='bbox 1424 4893 1461 4938; x_wconf 86' lang='lat' dir='ltr'><strong>ea</strong></span> <span class='ocrx_word' id='word_1_518' title='bbox 1475 4875 1530 4938; x_wconf 83' lang='lat' dir='ltr'><strong>tibi</strong></span> 
     </span>
    </p>
   </div>
   <div class='ocr_carea' id='block_1_7' title="bbox 0 0 1798 5540">
    <p class='ocr_par' dir='ltr' id='par_1_10' title="bbox 0 0 1798 5540">
     <span class='ocr_line' id='line_1_52' title="bbox 0 0 1798 5540; baseline 0 0"><span class='ocrx_word' id='word_1_519' title='bbox 0 0 1798 5540; x_wconf 95' lang='lat' dir='ltr'><strong> </strong></span> 
     </span>
    </p>
   </div>
  </div>
 </body>
</html>
