3588 5540
264 385 330 461 ggg
780 381 845 440 vos
862 381 978 440 somus·
996 380 1117 452 septen.
1176 343 1179 350 ⁴

165 547 166 550 ¹
262 559 407 626 infinitata
426 557 527 628 ubique
544 559 690 628 praessum
708 557 827 614 bumana
840 566 931 616 autem
942 563 1041 614 natura
1059 555 1124 614 licet
1140 555 1247 613 infinito
1265 557 1333 629 loys
1345 556 1527 629 personaliter
1539 557 1614 614 unita

216 642 219 662 '
264 664 320 705 non
339 647 439 716 ubique
457 661 603 716 praesens,
615 645 664 702 sed
682 645 710 700 ia
728 661 783 701 uuo
801 651 907 702 tantum
923 651 1001 701 certo
1020 643 1081 700 loco
1100 645 1149 715 sit)
1166 650 1261 700 totum
1279 647 1473 708 incarnationis
1493 653 1521 704 et
1537 648 1613 703 unio·

261 738 305 792 nis
322 733 488 804 personalis,
511 734 582 790 sicut
605 735 687 793 etiem
710 741 908 804 consequenter
931 733 1127 790 communionis
1151 735 1309 805 mysterium
1332 741 1420 792 totum
1438 742 1612 793 evacuatum:

260 821 428 895 impossibile
450 839 566 893 namque
584 831 626 881 est
649 824 772 892 (semaam
791 825 984 895 scripturarum
1008 823 1202 893 fundamentis>
1227 821 1269 878 rel
1292 822 1408 893 fingere,
1434 830 1514 893 λογον
1538 827 1615 876 entra

261 924 339 966 suam
358 925 468 965 earnem
486 926 555 979 esse,
574 909 627 968 boc
645 920 687 968 ost
703 913 870 984 impossibile
888 919 930 969 est
948 911 1034 981 (salua
1051 911 1164 968 rontate
1182 909 1387 980 scripturarum)
1406 910 1518 980 lingere,
1536 918 1615 978 λογον

259 998 430 1054 insomnium
449 1013 511 1054 esse
528 999 638 1070 ubique,
658 1015 767 1058 mrnam
785 1007 876 1058 autem
894 1009 962 1073 λογῳ
981 997 1162 1071 personaliter
1174 997 1278 1054 suitam
1295 998 1322 1054 in
1342 1012 1396 1054 uno
1415 1005 1490 1054 certo
1508 1004 1614 1054 tanturn

258 1083 333 1156 loco,
361 1100 431 1156 quae
453 1101 497 1142 res
515 1093 603 1142 totum
624 1088 762 1157 ingenium
780 1095 865 1155 tuum,
884 1105 973 1146 rernm
993 1103 1131 1144 eumarum
1155 1085 1301 1144 adorandis
1324 1085 1459 1158 mysteriis
1478 1101 1534 1142 non
1551 1086 1614 1141 snb·

259 1172 354 1241 ditum,
373 1173 556 1229 miserandum
573 1176 600 1230 in
619 1177 729 1233 modum
747 1176 897 1247 perturbat.
934 1177 1003 1232 Eam
1022 1174 1058 1230 ob
1076 1190 1187 1231 cansam
1206 1190 1295 1244 neque
1314 1191 1379 1244 ego,
1397 1189 1485 1244 neque
1504 1172 1613 1228 Domini

258 1260 383 1331 collegae
402 1268 430 1316 et
448 1262 548 1318 iratres
568 1264 621 1317 mei
639 1264 773 1321 absurdas
793 1272 821 1319 et
838 1263 1013 1334 blasphemas
1038 1261 1246 1332 imaginationes
1264 1269 1327 1318 tuas
1345 1263 1499 1332 approbare
1516 1275 1612 1330 possu-

260 1364 330 1414 mus,
348 1351 397 1406 sed
415 1350 508 1421 potins
526 1367 581 1406 una
599 1369 659 1408 oum
678 1352 841 1409 consistorio
861 1349 1053 1421 stutgardiano
1078 1357 1106 1406 et
1123 1364 1184 1404 com
1201 1349 1266 1404 Rev.
1287 1354 1315 1404 et
1331 1348 1435 1403 clariss.
1454 1347 1513 1404 siro
1531 1349 1564 1402 1).
1577 1347 1611 1402 D.
1679 1347 1684 1358 ‘

258 1437 319 1492 Eoi
337 1438 383 1506 pie
401 1446 430 1493 et
446 1437 642 1499 christiannos
656 1439 788 1495 charitato
801 1439 850 1494 tibi
863 1438 1011 1494 suadentes
1023 1437 1197 1507 consulimus,
1217 1443 1248 1492 ut
1259 1436 1373 1505 abjectis
1387 1435 1489 1492 stultae
1500 1435 1612 1490 rationis

257 1523 497 1592 imaginationibus
515 1527 656 1582 veritatem
675 1525 822 1584 coelestem
841 1541 905 1582 uera
917 1526 970 1582 fide
982 1524 1181 1596 apprehendas,
1201 1531 1229 1579 et
1248 1523 1339 1579 divina
1351 1523 1480 1593 mysteria
1498 1521 1612 1593 simplici

257 1610 322 1678 fide,
342 1611 416 1680 quod
434 1627 528 1668 omnes
552 1614 609 1668 veri
627 1613 766 1668 christiani
789 1613 904 1683 faciunt,
929 1615 975 1682 pio
1001 1613 1133 1682 obsequio
1158 1612 1255 1668 adores
1273 1628 1306 1667 oc
1324 1611 1475 1680 reuereris3
1498 1609 1613 1679 quodsi

257 1697 355 1756 feceris
379 1707 409 1756 et
426 1699 570 1756 ecclesiam
594 1701 640 1770 pio
664 1715 779 1757 assensu
803 1699 982 1771 exhilarabis,
1007 1708 1035 1756 et
1059 1705 1135 1756 tuam
1159 1699 1245 1768 ipsius
1269 1698 1461 1754 conscientiam
1484 1698 1612 1753 restitues

257 1787 463 1858 tranquillitatis
489 1787 530 1843 sin
554 1788 682 1845 fraternis
706 1787 806 1844 nostris
825 1787 1052 1846 admonitionibus
1070 1789 1172 1846 diutius
1192 1788 1274 1844 etiam
1291 1787 1479 1857 robogabera
1503 1803 1555 1842 nos
1571 1787 1612 1842 in·

258 1874 348 1932 felicis
366 1876 445 1932 istius
463 1875 584 1932 rubens
602 1875 744 1944 (stultitiae
763 1876 898 1933 humanae
915 1877 1029 1934 rationis
1048 1875 1140 1946 gladio
1157 1875 1206 1932 tibi
1224 1874 1332 1944 inflicti)
1348 1889 1438 1945 neque
1449 1873 1611 1930 medicinam

258 1963 388 2032 ridemus,
406 1977 457 2018 uec
475 1977 529 2034 qua
548 1963 652 2019 ratione
672 1961 863 2020 offendiculum
883 1963 1015 2021 ecclesiae
1033 1965 1124 2020 sanari
1141 1963 1230 2034 possit
1247 1961 1432 2032 intelligimus.
1470 1961 1523 2029 Qui
1540 1963 1612 2016 enim

258 2065 320 2107 tum
338 2049 456 2106 ecclesia
473 2047 628 2106 orthodoxa
646 2065 700 2106 non
719 2051 833 2106 eandem
851 2051 933 2107 fidem
952 2059 980 2107 et
991 2052 1137 2122 profitetur
1155 2058 1183 2106 et
1195 2051 1268 2119 colit,
1288 2051 1425 2120 quomodo
1445 2049 1542 2106 iisdem
1554 2065 1616 2106 cum

258 2136 382 2202 ecclesia,
401 2153 419 2192 a
437 2137 516 2205 cujus
534 2135 588 2192 fide
607 2137 742 2206 dissentit,
762 2141 938 2196 sacramentis
957 2141 1070 2198 utatur?

360 2225 437 2280 ilaec
457 2225 537 2280 Dom.
555 2223 586 2278 T.
607 2241 641 2280 ex
660 2225 746 2282 amico
765 2234 793 2282 et
811 2226 959 2282 eluristiano
979 2227 1061 2283 corde
1079 2226 1178 2296 scribo,
1198 2226 1247 2283 sed
1264 2241 1300 2282 ne
1311 2233 1402 2296 putes,
1421 2226 1542 2297 priuatas
1556 2239 1616 2280 esse

257 2312 446 2384 cogitationes,
464 2314 536 2368 scios
553 2313 621 2369 haec
641 2309 731 2369 omnia
750 2329 811 2370 conr
829 2314 862 2369 D.
875 2315 908 2370 1).
929 2313 1041 2382 collegis
1065 2314 1132 2370 meis
1150 2331 1194 2368 me
1219 2314 1450 2382 communicasse;
1473 2311 1518 2382 qui
1542 2311 1616 2382 quod

257 2400 352 2458 eadam
370 2417 477 2460 mecum
495 2401 615 2458 sentiant
631 2401 758 2471 idemque
777 2401 882 2456 consilii
901 2401 1035 2470 babeant,
1059 2410 1091 2458 ut
1111 2412 1159 2458 aut
1177 2417 1304 2458 erroneas
1324 2407 1352 2456 et
1369 2399 1484 2455 multum
1502 2398 1616 2454 fallaces

255 2488 464 2560 imaginationes
478 2489 599 2558 abjicias,
612 2488 753 2545 veritatem
766 2489 884 2546 divinam
897 2491 993 2546 humili
1004 2490 1059 2546 tide
1071 2490 1253 2560 amplectaris,
1266 2496 1314 2546 aut
1328 2489 1493 2548 consortium
1504 2495 1615 2543 nostrae

259 2575 392 2634 ecelesiae
411 2583 439 2631 et
456 2575 636 2632 confessionis
660 2575 742 2648 sites,
767 2575 887 2636 numme
910 2578 1028 2634 suadent
1052 2587 1080 2635 et
1104 2579 1292 2636 exhortantur.
1329 2578 1398 2635 Nam
1418 2578 1542 2634 Christus
1561 2592 1616 2632 oon

255 2662 392 2734 irridetur,
412 2677 502 2733 neque
520 2662 591 2718 idem
609 2663 771 2733 purissimus
790 2667 924 2724 ecclesias
942 2683 1008 2724 suae
1027 2683 1146 2738 sponsus
1165 2683 1226 2724 com
1245 2667 1321 2723 vanis
1335 2675 1363 2722 et
1375 2664 1539 2737 blasphemis
1559 2663 1616 2733 opi·

256 2749 383 2808 nionibas
401 2763 521 2808 aurorem
541 2765 620 2805 suum
638 2753 763 2820 partitur.
801 2754 888 2823 Quem
906 2755 1034 2812 induem
1053 2764 1083 2812 ut
1100 2757 1128 2811 in
1147 2756 1272 2813 omnibus
1289 2756 1366 2812 bisce
1385 2755 1521 2825 capitibus
1538 2753 1614 2822 piam

257 2853 336 2896 suum
355 2845 542 2895 contestentur
565 2854 741 2909 consensum,
768 2841 839 2898 hanc
864 2844 952 2914 ipsam
979 2859 1089 2913 quoque
1108 2843 1251 2914 epistolam
1270 2843 1388 2914 propriis
1406 2857 1534 2898 manuum
1552 2839 1614 2896 snb·

257 2925 449 2998 scriptionibus
467 2927 706 2986 communiverunt.

363 3013 544 3074 Eandem'ob
568 3029 678 3073 causam
701 3015 774 3072 banc
803 3031 972 3074 communem
997 3024 1118 3075 nostram
1145 3017 1477 3094 epistolam-consistorio
1504 3031 1614 3088 quoque

259 3101 456 3172 Stntgardlano
475 3103 740 3173 communicavimus,
758 3111 938 3160 attestatum
955 3106 1140 3175 redderemus,
1159 3122 1209 3162 nos
1227 3105 1336 3162 illorum
1352 3105 1474 3174 consilio,
1494 3105 1612 3176 quodi).

258 3187 289 3242 T.
310 3190 353 3246 26.
373 3189 526 3260 septembr.
544 3207 615 3248 anno
637 3191 705 3250 1612
724 3200 880 3260 exarmant,
900 3193 929 3250 iu
947 3194 1072 3251 omnibus
1091 3195 1254 3252 consentire.

362 3276 521 3348 conjunctis
538 3278 624 3349 igitur
642 3277 713 3346 rotis
732 3277 913 3349 obtestamur,
941 3287 972 3336 ut
989 3284 1101 3350 rationi,
1126 3299 1197 3352 quae
1220 3285 1249 3338 in
1267 3285 1351 3340 rebus
1370 3283 1567 3339 diviniscaaea
1585 3290 1613 3338 et

258 3362 341 3422 stulta
359 3375 409 3434 est,
428 3365 527 3424 nuncio
546 3368 638 3438 misso,
656 3367 831 3438 piscatoriam
850 3368 1060 3441 simplicitatem,
1081 3387 1162 3440 quam
1175 3372 1310 3441 scripture
1328 3388 1406 3428 sacra
1423 3372 1502 3428 nobis
1521 3371 1613 3440 dictat,

255 3449 351 3508 bamili
368 3453 451 3509 corde
468 3455 590 3512 uenerari
614 3456 725 3512 taudem
748 3456 876 3527 incipias;
903 3457 977 3527 quod
996 3459 1019 3514 si
1042 3459 1152 3528 feceris,
1177 3459 1267 3516 diuino
1286 3461 1368 3516 uerbo
1386 3460 1508 3516 debitum
1525 3461 1612 3516 bono-

256 3555 322 3608 rem,
335 3541 519 3601 consolantiae
532 3549 595 3598 tuae
606 3539 842 3614 tranquillitatem,
860 3545 966 3601 animae
979 3547 1096 3603 salutem
1111 3545 1227 3618 dederis,
1246 3549 1296 3617 sin,
1315 3547 1389 3618 quod
1405 3549 1481 3604 Deus
1499 3555 1613 3618 paterne

258 3627 414 3696 prohibeat,
439 3628 572 3684 humanas
589 3629 798 3698 imaginatbnes
818 3634 915 3701 (uanae
936 3640 964 3689 et
981 3634 1093 3706 stultas)
1116 3643 1158 3692 tot
1182 3635 1309 3692 fraternis
1326 3637 1433 3707 piisque
1451 3636 1613 3693 admonitio·

256 3714 337 3770 nibus
355 3717 557 3785 praeposueris,
575 3723 664 3773 metus
683 3725 734 3790 est,
752 3727 785 3776 ut
802 3735 818 3774 a
836 3721 903 3789 Deo,
922 3722 998 3778 uerbi
1016 3723 1102 3793 ipsius
1120 3731 1264 3794 protervus
1277 3730 1456 3795 contemptor,
1473 3724 1501 3778 in
1519 3740 1612 3795 repro·

256 3805 321 3862 bum
339 3805 449 3862 tandem
467 3808 577 3864 tradare
601 3823 725 3877 sensum3
752 3821 822 3878 qnae
847 3826 936 3878 poena
952 3810 1066 3866 infinitis
1089 3811 1151 3866 aliia
1175 3829 1314 3884 uunquam
1331 3811 1457 3869 finiendis
1474 3811 1554 3868 malis
1571 3811 1612 3867 in·

257 3893 458 3963 explicabiliter
474 3893 602 3952 intricata
621 3903 673 3952 est.
709 3895 804 3952 Perfer
821 3911 922 3968 quaeso
942 3899 1066 3965 dolores,
1093 3915 1161 3970 quos
1180 3901 1231 3957 tibi
1253 3900 1358 3956 medica
1374 3916 1471 3956 manus
1490 3899 1611 3955 fraterno

257 3997 292 4037 ex
311 3981 412 4037 affectu
429 3982 566 4054 denegare
585 4001 640 4040 non
658 3985 756 4055 potuit,
776 3993 804 4040 et
822 4001 856 4042 ox
868 3985 930 4058 ipsa
941 3987 1084 4058 interjecta
1101 4005 1178 4046 more
1196 3991 1391 4061 responsionis,
1409 3994 1513 4059 quauta
1525 3987 1610 4043 fideli·

253 4075 312 4124 tate
329 4076 418 4125 totum
435 4071 573 4138 negotium
590 4079 758 4141 pertractare
777 4072 957 4144 voluerimus,
980 4076 1093 4132 amicam
1118 4076 1162 4134 fao
1179 4079 1373 4148 coniecturam.
1409 4077 1491 4132 Hisce
1508 4082 1537 4131 te
1554 4074 1610 4130 ani·

253 4171 379 4226 mamque
402 4162 479 4212 tuam
502 4157 731 4226 preciosissimam
749 4159 858 4216 Christo
876 4165 1179 4235 omnipraesentissimo,
1204 4175 1252 4222 tuo
1271 4165 1412 4236 salvatori,
1436 4163 1609 4220 deronssime

253 4245 422 4301 commando.
463 4245 582 4301 Exorari
600 4245 744 4314 Thainaci,
770 4249 850 4318 enjus
875 4248 929 4307 loci
953 4251 1067 4309 aridulis
1090 4261 1149 4311 turn
1173 4253 1335 4311 valetudinis
1360 4251 1497 4310 curandae
1524 4265 1608 4308 cansa

244 4330 358 4386 utebar.
394 4330 503 4388 Ultimis
521 4331 588 4388 Julii
605 4333 685 4389 Anno
706 4335 783 4394 1619.

324 4422 473 4488 Inscriptio:
491 4423 577 4474 Nobili
595 4430 620 4474 et
639 4423 777 4476 clarissim
794 4428 864 4487 Viro,
882 4431 992 4482 Domino
1010 4433 1120 4484 Jobanul

254 4492 389 4560 chplero,
399 4496 488 4544 Samae
496 4493 701 4559 Gaas,quoudann
707 4496 807 4558 biaiest.
827 4501 998 4566 Ordinumque
1004 4503 1119 4555 niustriae

149 4599 153 4610 .
255 4578 330 4628 supra
356 4565 460 4613 Amisum
491 4563 671 4616 Mathematico
701 4571 930 4640 praestantissimo,
964 4574 1072 4625 Domino
1096 4582 1121 4626 ot

254 4635 343 4683 Amico
361 4647 406 4683 sno
425 4637 583 4696 singulariter
601 4635 713 4688 colendo.

358 4753 510 4824 Responde
529 4764 643 4814 senatus
661 4758 840 4818 ecclesiastici
858 4763 1087 4836 stuttgartiensia
1107 4766 1172 4822 data
1196 4766 1223 4824 d.
1243 4769 1285 4825 26.
1304 4769 1377 4839 Sept.
1397 4769 1479 4840 1612,
1498 4767 1604 4842 longior

242 4843 305 4914 ¹ost,
323 4853 404 4912 qnam
417 4858 487 4914 quaa
502 4841 612 4917 integra
628 4846 673 4906 hic
684 4848 828 4922 ¹sustentatur,
846 4865 961 4924 eamque
978 4854 1364 4918 memonasterium
1388 4858 1416 4916 in
1434 4859 1505 4918 libro
1522 4873 1603 4932 gutna
