3516 5540
284 410 349 488 564
590 407 768 472 Summarium
785 409 923 472 Historiae
941 409 1132 472 Asucnomiae
1149 417 1240 474 seculo
1259 414 1332 473 xm.

283 592 377 649 cendia
395 591 544 648 inseruiuut
561 591 748 646 instrumentis
766 590 903 660 destituti,
926 591 1042 648 necdum
1065 590 1187 660 perlecta
1210 593 1275 650 satis
1298 592 1499 659 mathematica,
1525 597 1557 647 ut
1574 591 1635 647 fieri
1735 575 1736 656 J

281 696 337 735 uon
354 681 458 750 potuit,
484 681 549 748 quin
567 677 684 748 plurima
701 679 830 736 inchoata
848 685 875 734 et
892 695 988 734 manca
1006 677 1204 750 relinquerent,
1221 680 1261 736 ita
1277 681 1374 736 mbum
1393 687 1451 751 est,
1470 687 1574 750 quanto
1593 681 1634 734 in-
1735 671 1736 702 ³

280 768 353 836 genii
370 767 493 824 acumine
511 765 685 823 difficultates
703 773 825 842 veterum
843 765 1025 836 expedierint,
1045 766 1216 835 planetarum
1235 775 1325 824 motus
1343 767 1498 824 definierint
1517 767 1634 823 tabulis·
1735 755 1736 822 Ῐ

280 871 333 926 qne
352 855 421 911 cosli
438 854 558 912 rationes
576 853 727 910 retulerint.
763 853 830 922 Quis
848 855 919 908 enim
938 863 993 924 est,
1019 856 1065 925 qui
1083 855 1136 911 nisi
1154 856 1190 911 rit
1207 872 1301 913 carum
1317 871 1408 912 rerum
1425 871 1538 926 prorsus
1555 854 1634 910 rudis
1735 865 1736 928 j

279 941 461 1009 Parbacbios‚
480 941 612 997 Mulieres
630 942 887 1011 (Regiomontanum
906 941 993 1014 dico),
1013 941 1160 1013 Stoileros,
1184 944 1319 1013 Apionos,
1339 941 1491 999 saboneres
1509 941 1634 1010 uimque
1735 945 1736 988 i

278 1031 406 1100 ignoret?
441 1029 554 1086 Illorum
578 1029 686 1098 quidem
711 1031 828 1086 virorum
844 1029 942 1100 libros,
969 1031 1119 1100 Copernico
1143 1030 1234 1119 multis
1254 1032 1395 1087 decausis
1418 1032 1476 1086 iere
1498 1030 1633 1101 neglecto,

280 1119 427 1174 astronomi
447 1117 532 1174 seculi
553 1117 623 1172 XVI.
642 1117 833 1188 consulebant,
857 1119 952 1175 iisdem
976 1119 1039 1174 viris
1064 1119 1221 1175 auctoribus
1246 1119 1314 1174 coeli
1336 1119 1492 1176 dimetiendi
1511 1119 1633 1176 studium

277 1207 409 1275 regebant
431 1205 600 1275 aliarumque
623 1222 713 1261 rerum
736 1208 856 1264 rationes
875 1208 988 1266 inibant.
1026 1209 1138 1264 Praeter
1156 1206 1207 1264 hos
1226 1207 1307 1284 edam
1324 1207 1444 1276 priorum
1463 1213 1633 1262 mbonomo-
1735 1229 1736 1288 ι

278 1309 337 1350 rum
355 1295 544 1352 auctoritatem
557 1301 665 1350 secutos
677 1306 746 1362 esse,
766 1296 813 1364 qui
826 1297 853 1350 in
865 1297 980 1352 colende
992 1297 1159 1354 astronomia
1176 1297 1296 1354 studium
1308 1301 1449 1366 ponerent,
1469 1295 1632 1352 documento
1735 1293 1736 1318 ¹

279 1387 343 1437 sunt
360 1399 386 1436 v.
405 1397 430 1450 g.
448 1381 563 1437 loannis
582 1381 615 1437 de
634 1382 825 1438 Sacro'Bcsco
849 1383 924 1452 libri,
951 1383 1044 1440 seculo
1062 1385 1134 1438 XVI.
1158 1383 1310 1438 sexcenties
1327 1383 1401 1453 typis
1419 1381 1555 1454 expressi,
1581 1397 1633 1451 per
1735 1379 1736 1436 l

276 1485 369 1525 omnes
386 1467 443 1524 iere
462 1468 570 1524 scholas
588 1469 781 1540 literarumque
803 1471 992 1526 universitates
1014 1471 1151 1542 diuulgati.
1183 1473 1253 1528 Nam
1273 1471 1463 1548 Copernici
1482 1478 1632 1541 praecepta
1735 1465 1736 1520 l

277 1575 331 1628 quo
350 1557 438 1613 minus
456 1557 644 1628 vulgarentur,
668 1558 755 1614 multa
772 1558 963 1628 impedimento
983 1559 1101 1616 inerunt.
1136 1559 1334 1615 Dominubatur
1357 1559 1404 1613 illa
1428 1563 1518 1615 aetate
1543 1564 1632 1612 astro·

276 1646 356 1714 logia,
376 1645 454 1714 cuius
471 1645 499 1700 in
518 1647 676 1702 servitutem
694 1646 752 1702 dati
770 1647 927 1716 asmonomi,
947 1663 1030 1716 quum
1049 1649 1180 1717 circaea,
1199 1647 1418 1717 quibusauxilia
1435 1654 1633 1717 quaererentur
1735 1675 1736 1700 ι

278 1733 458 1802 astrologiae,
477 1733 633 1804 haererent,
653 1733 845 1788 Ptolemaicam
863 1735 1004 1801 rationem,
1023 1753 1078 1806 qua
1095 1737 1233 1792 nitebatur
1249 1735 1409 1806 astrologia,
1427 1752 1482 1791 non
1500 1743 1632 1804 poterant
1735 1733 1736 1800 J

276 1837 331 1875 uon
350 1819 487 1874 anteferre
505 1821 717 1890 Coparnicanaa.
752 1821 819 1876 lude
837 1821 953 1890 iactum,
981 1829 1013 1876 ιιι
1030 1821 1162 1892 astrologi
1179 1823 1387 1892 quibuscunque
1406 1830 1533 1894 poterant
1547 1823 1631 1877 armis
1735 1877 1736 1882 ,

277 1909 491 1977 Copemicanam
509 1909 642 1965 rationem
661 1909 854 1979 impugnarent
870 1910 999 1978 virosque
1017 1911 1115 1982 opibus
1135 1917 1162 1966 et
1179 1911 1342 1966 auctoritate
1359 1907 1488 1965 florentes
1506 1909 1631 1964 inillam
1735 1909 1736 1980 s

276 1995 431 2052 incitarent.
467 1995 588 2064 Quorum
606 1997 774 2066 societatem,
793 1995 889 2052 alienis
909 1997 977 2052 alias
997 1996 1031 2053 ab
1050 1997 1198 2066 astrologia
1215 1997 1320 2061 animis,
1340 2013 1394 2052 non
1413 1997 1632 2067 aspernabantur
1735 2007 1736 2066 3

277 2081 428 2139 catholicae
446 2083 578 2140 ecclesiae
597 2084 765 2141 defensores.
795 2085 919 2140 Romana
937 2085 1008 2140 enim
1021 2085 1104 2154 cuda,
1123 2101 1206 2154 quum
1220 2083 1355 2140 continuis
1368 2083 1468 2140 ictibus
1480 2091 1631 2153 peteretur,
1735 2075 1736 2114 ³

274 2187 309 2227 nc
327 2187 371 2228 res
389 2187 477 2240 novae
494 2172 577 2228 latius
595 2179 797 2244 grassarentur,
823 2174 989 2230 irruentibus
1007 2173 1035 2229 ln
1053 2173 1197 2230 formulam
1221 2172 1370 2241 antiquitus
1389 2170 1517 2227 meditem
1535 2169 1630 2226 adver·
1735 2179 1736 2244 t

275 2260 354 2316 seriis
372 2275 408 2315 ne
425 2266 610 2316 transversum
634 2260 742 2329 quidem
768 2259 881 2330 digitum
904 2261 1056 2318 cedendum
1075 2277 1135 2318 esse
1157 2261 1294 2318 censebat.
1331 2258 1543 2328 Quamobrem
1563 2275 1631 2327 qno·
1735 2297 1736 2330 ι

277 2362 428 2417 quoversus
447 2347 573 2417 dispositi
591 2345 805 2418 speculabantur
822 2349 964 2418 custodes,
983 2350 1043 2418 qui,
1069 2347 1157 2404 sicubi
1182 2345 1321 2403 erectioris
1339 2345 1421 2400 animi
1438 2345 1631 2414 liberiorisque
1735 2399 1736 2406 ἶ

270 2434 367 2503 judicii
385 2435 464 2505 sigua
482 2435 638 2503 emicarent,
656 2441 785 2504 tanquam
803 2437 839 2492 ad
857 2447 998 2492 commune
1019 2437 1172 2492 incendium
1194 2433 1417 2502 restinguendum
1436 2443 1630 2489 concurrerent

275 2521 498 2592 mollioribusque
522 2522 555 2578 ab
575 2523 670 2578 animis
697 2522 770 2579 illius
794 2523 966 2594 pestilentiae
989 2525 1178 2594 contagionem
1205 2523 1392 2580 defenderent.
1427 2522 1541 2578 infixam
1566 2538 1630 2578 esse
1735 2541 1736 2572 ι

275 2609 386 2665 Terram
404 2610 467 2665 loeo
484 2625 535 2665 sno
554 2610 600 2679 qui
617 2617 737 2680 negaret,
767 2627 828 2666 eum
846 2627 896 2681 pro
915 2611 1024 2666 homine
1043 2611 1155 2682 nelarie,
1174 2613 1303 2668 extremis
1322 2611 1463 2681 suppliciis
1481 2609 1629 2666 afficiendo

274 2697 428 2753 habendum
446 2712 507 2752 esse
525 2703 582 2752 tam
598 2697 685 2768 rigide
698 2698 821 2753 edixerat
831 2697 959 2753 Pontiiex
971 2699 1119 2768 Romanus,
1138 2705 1169 2754 ut
1187 2699 1361 2769 Comminus,
1379 2697 1450 2753 idem
1468 2697 1515 2752 ille
1533 2698 1630 2753 catho-
1735 2703 1736 2708 ’

273 2783 386 2840 licorum
406 2799 544 2840 sacrorum
561 2783 706 2854 interpres,
725 2784 769 2840 cui
782 2785 1022 2855 comprincipibus
1035 2785 1167 2842 ecclesiae
1180 2785 1320 2842 Romanae
1337 2786 1401 2842 viris
1413 2785 1527 2855 insignis
1539 2787 1630 2855 gratia

274 2877 302 2926 et
319 2871 493 2928 necessitudo
512 2877 593 2941 esset,
611 2871 704 2928 multis
722 2871 896 2930 familiarium
914 2873 1132 2943 adhortantibus,
1152 2872 1197 2928 dlu
1213 2889 1230 2930 a
1247 2889 1277 2929 sa
1289 2875 1436 2943 impetrare
1454 2889 1507 2927 non
1520 2879 1627 2943 posset,
1735 2881 1736 2890 ¹

272 2965 303 3014 ιιι
329 2974 400 3028 quae
422 2959 580 3030 evigilasset
602 2957 784 3030 profiteretur.
827 2959 906 3028 Quod
930 2976 1012 3029 quum
1040 2960 1087 3016 diu
1112 2966 1255 3016 cunctatus
1279 2959 1383 3016 iaceret
1405 2959 1508 3026 (codem
1534 2966 1629 3014 antem

273 3064 327 3118 quo
341 3048 407 3105 obiit
419 3063 499 3116 anno,
518 3049 565 3117 qui
578 3053 637 3102 erat
650 3048 717 3104 1543
737 3055 800 3103 antc
814 3049 884 3103 diem
897 3065 998 3104 nonum
1013 3049 1145 3106 calendas
1158 3049 1262 3117 Junias,
1274 3047 1390 3117 primum
1402 3045 1464 3099 libri
1477 3046 1519 3100 sni
1536 3061 1629 3100 exem-
1735 3125 1736 3128 Ἴ

271 3137 347 3206 plum
364 3138 438 3207 typis
456 3149 615 3206 expressum
634 3136 764 3206 accepit),
791 3135 879 3192 editor
896 3137 957 3192 libri
976 3137 1199 3206 Resolutionum,
1225 3151 1260 3192 ne
1282 3133 1393 3190 infamia
1414 3132 1555 3202 Gopernici
1577 3149 1628 3187 nc·

271 3225 337 3280 mini
355 3225 565 3294 adspergeretur
583 3222 732 3278 carendum
751 3239 811 3279 ease
826 3223 965 3293 jndicavit,
984 3225 1024 3280 sic
1043 3223 1196 3294 praelatus:
1215 3223 1283 3281 Non
1301 3223 1409 3290 dubito,
1434 3223 1501 3292 quin
1524 3221 1630 3276 eruditi

271 3313 393 3382 quidem,
420 3315 534 3384 culpata
550 3311 614 3381 jum
638 3313 672 3368 de
696 3313 818 3368 uanitate
835 3313 1019 3382 luppotlteseon
1042 3312 1127 3382 hujus
1152 3313 1243 3382 opere's
1263 3312 1352 3380 fama,
1381 3311 1547 3365 venementer
1569 3309 1629 3363 sint

272 3401 369 3470 offensi
383 3405 534 3470 pateatque
551 3399 715 3469 disciplinas
732 3401 858 3456 liberales
874 3407 944 3458 recte
956 3400 1020 3468 jam
1038 3403 1103 3457 olim
1115 3401 1281 3458 commitatae
1292 3401 1401 3458 turbari
1418 3415 1475 3454 nan
1488 3404 1624 3468 oportere.

276 3487 375 3542 Verum
393 3487 418 3543 si
435 3504 493 3543 rem
510 3494 602 3544 macte
617 3487 785 3557 perpendere
802 3489 905 3557 colent,
928 3489 1067 3544 invenient
1088 3496 1228 3546 numerem
1245 3487 1327 3556 breim
1345 3488 1436 3557 operis
1463 3485 1534 3541 nibet
1550 3487 1628 3555 quod

270 3575 432 3645 reprebendi
455 3581 594 3630 mereatur
610 3575 775 3630 commisisse
785 3613 875 3632 .....
914 3573 981 3630 Oum
1003 3576 1098 3632 uariae
1116 3577 1278 3646 appetisses
1299 3590 1355 3630 sese
1380 3575 1509 3644 effuant,
1533 3579 1626 3630 astro-

268 3679 366 3719 nomus
385 3679 445 3746 eam
458 3663 633 3732 potissimam
645 3663 769 3732 arripiet,
788 3678 857 3733 quae
869 3663 1062 3733 connprelrensn
1078 3664 1115 3719 sit
1131 3663 1274 3732 [cabima.
1301 3659 1488 3732 Philosophus
1503 3662 1627 3730 sortasse
1735 3719 1736 3744 ᾗ

269 3749 532 3806 umisimilitudincm
561 3751 649 3821 mapis
676 3751 808 3820 requiret,
837 3757 933 3806 neuter
959 3757 1051 3807 tamen
1082 3751 1227 3822 quicquum
1254 3749 1321 3806 certi
1345 3745 1551 3819 comprehendet
1572 3755 1627 3807 aui
1735 3747 1736 3812 ζ

270 3837 370 3904 tradet,
387 3837 444 3892 nisi
461 3835 595 3892 dinamus
611 3837 654 3892 elii
670 3839 819 3894 revelatum
841 3838 927 3906 fuerit
945 3845 992 3894 etc.
1017 3841 1171 3900 tcir.vot.1,
1190 3857 1217 3905 p.
1231 3841 1301 3896 286.)
1336 3835 1489 3892 Praemisso
1511 3834 1625 3904 quidem
1735 3833 1736 3876 t

270 3924 377 3980 Nicolai
395 3922 581 3994 Schonbergii,
600 3923 749 3979 cardinatis
769 3925 899 3994 capuani,
919 3926 1035 3994 epistola
1054 3926 1092 3996 (d.
1104 3925 1208 3981 Romae
1222 3925 1348 3980 Calendis
1361 3923 1520 3979 Novembris
1535 3925 1624 3995 1⁵36),

267 4013 349 4068 etiam
361 4019 443 4082 utque
456 4009 536 4066 etiam
550 4016 609 4065 orat
620 4011 803 4078 vehementer,
823 4019 853 4066 ut
865 4013 1002 4067 inventum
1015 4027 1093 4066 snum
1107 4012 1235 4068 studiosis
1248 4019 1344 4068 auctor
1356 4012 1541 4068 communicet.
1570 4013 1623 4066 Co-

267 4101 393 4170 pernicus
406 4103 496 4154 autem
508 4097 578 4153 libro
590 4099 676 4154 Paulo
687 4099 736 4154 lIl.
755 4099 880 4154 Pontifici
891 4100 1008 4154 maximo
1026 4098 1150 4155 dedicato
1169 4099 1357 4155 aelericorum
1369 4099 1469 4154 invidia
1487 4103 1515 4153 et
1532 4099 1623 4155 crimi-

267 4189 346 4244 nibus
364 4195 453 4245 tutum
472 4203 502 4243 se
520 4191 660 4256 praestare
678 4187 797 4254 studuit,
817 4185 922 4242 dicens:
940 4193 972 4244 ut
986 4189 1097 4258 pariter
1114 4187 1188 4244 docti
1199 4195 1282 4258 atque
1301 4187 1407 4243 indocti
1424 4187 1559 4252 uiderent,
1577 4205 1623 4244 me

266 4279 369 4334 nullius
379 4277 491 4332 omnino
500 4274 929 4346 subterfiuperejudiciummalni
940 4282 1005 4332 tuoe
1014 4275 1165 4332 Sanctitati
1172 4293 1253 4348 quam
1259 4277 1384 4347 cuiquam
1396 4275 1477 4331 alteri
1487 4277 1538 4333 luas
1546 4295 1623 4334 meae

268 4366 471 4422 lucubrationes
493 4364 630 4434 dedicare,
654 4371 687 4420 ut
709 4365 793 4434 facile
817 4372 868 4421 tua
892 4365 1062 4421 authoritate
1087 4363 1234 4432 cujuctcto
1258 4364 1486 4420 cmunmiantinm
1511 4381 1623 4421 morans

266 4455 413 4523 reprimere
425 4454 526 4524 possis,
545 4455 596 4508 mai
612 4454 643 4508 in
657 4454 805 4522 prouerbio
821 4455 866 4520 sit,
884 4469 942 4508 non
960 4468 1015 4508 esse
1031 4452 1180 4508 remedium
1199 4451 1330 4507 adamans
1345 4452 1530 4522 sycophantae
1547 4469 1621 4508 mar-

266 4557 326 4594 sum
328 4580 416 4597 .....
446 4541 621 4596 Mutbemata
638 4537 837 4596 mathematicis
854 4541 1019 4607 enituntur,
1037 4540 1136 4609 quibem
1153 4545 1179 4594 et
1190 4539 1322 4594 bimestri
1338 4538 1454 4607 laborm,
1471 4540 1498 4594 ai
1507 4555 1549 4594 me
1559 4557 1621 4596 non

264 4627 340 4693 saliit
358 4627 460 4696 opinis
479 4627 644 4684 uidebuntur
655 4629 739 4684 etiam
755 4627 921 4698 reipublicae
938 4628 1135 4684 melesiamicae
1153 4626 1302 4684 conducere
1319 4625 1432 4696 utputa
1451 4625 1529 4694 ιιυίιι
1536 4629 1620 4696 prr'nt·

266 4713 387 4782 cipatum
404 4719 454 4770 tna
471 4713 614 4772 Sanctitas
631 4729 705 4770 nunc
722 4721 802 4772 tenet.

371 4799 429 4856 Nec
447 4801 533 4872 magis
551 4801 722 4870 evangelicae
740 4799 873 4858 formulae
890 4803 1053 4872 interpretes
1074 4801 1286 4872 Copernicanam
1303 4801 1436 4858 radonem
1454 4800 1618 4872 probabant,

265 4887 396 4946 librarum
414 4903 567 4962 sacrorum,
591 4889 691 4961 quibua
709 4889 822 4949 Terram
847 4907 902 4952 non
919 4889 1022 4949 morari
1040 4889 1195 4961 doceretur,
1215 4889 1378 4949 auctentum
1396 4887 1446 4946 usi.
1483 4889 1535 4960 Qui
1553 4905 1619 4948 cam
