3588 5540
825 405 903 466 rere
994 401 999 416 ·
1466 411 1533 486 εει

183 578 263 648 glum
285 581 481 638 incarnationis
495 591 575 650 'opus
601 580 752 651 perfectum
775 581 825 649 sity
849 583 889 638 its
912 595 1021 652 quoque
1045 585 1123 642 linita
1140 589 1204 644 earo
1221 603 1277 646 non
1298 588 1371 646 isctd
1389 596 1432 647 est
1449 592 1535 648 omui·

182 681 319 737 praesens,
336 667 403 724 licet
413 667 519 724 infinito
532 669 682 724 assumenti
700 671 768 740 λογῳ
786 669 814 723 in
832 683 915 724 unam
934 677 962 725 st
979 670 1113 728 inlicitam
1130 675 1250 743 mundam
1264 677 1404 734 bromeorr
1420 680 1456 734 sit
1473 693 1535 750 per·

183 753 314 810 sonaliter
330 757 416 812 unita.
452 755 555 826 Jnrom,
574 756 597 811 si
616 755 713 812 taciem
730 764 805 812 tuom
823 755 956 826 inpolito
975 759 1089 828 speculo
1102 763 1289 832 contemplans
1307 779 1363 820 non
1380 764 1535 824 erubescas.

182 839 245 911 lpse
262 841 352 900 lassus
371 859 410 912 es,
428 843 500 900 iuter
516 850 623 899 uterum
641 842 800 914 virgineum,
818 843 847 900 in
865 845 1095 915 quoimystorium
1114 847 1308 906 incarnationis
1319 850 1472 922 perlectum
1484 859 1536 924 εει,

183 938 211 985 et
228 931 299 988 inter
316 932 405 1002 ipsum
423 933 589 1003 mysterium,
608 945 663 1000 qno
681 929 758 987 linita
776 945 844 1006 caro¹
865 933 970 990 infinito
993 940 1062 1006 λογῳ
1079 937 1260 1004 personaliter
1283 939 1360 995 unita
1378 946 1429 1011 est,
1447 939 1537 996 influi-

183 1025 238 1074 tsm
256 1019 437 1076 differentiam
460 1033 534 1076 csse:
561 1035 631 1088 quse
654 1020 739 1090 igitur
762 1023 880 1078 amentis
898 1027 943 1090 (ne
961 1023 1051 1079 ᾱιεειι
1067 1023 1153 1094 furor)
1178 1032 1234 1097 εει,
1261 1043 1296 1082 ex
1317 1027 1400 1084 rebus
1422 1027 1537 1085 indultis

132 1105 135 1110 “
182 1106 268 1164 modis
287 1108 475 1164 differentibus
493 1108 696 1164 similitudinem
714 1109 888 1166 concluderet
908 1110 975 1179 Quis
992 1111 1102 1166 medem
1127 1111 1200 1168 dicat
1218 1127 1280 1170 esse
1297 1114 1446 1170 rationem:
1465 1115 1538 1170 sicut

184 1196 319 1264 virgineus
338 1203 433 1252 uterus
452 1213 508 1252 non
525 1195 614 1250 iactus
633 1201 676 1252 ost
693 1197 907 1267 omnipraesens,
925 1196 990 1254 licet
1007 1199 1210 1268 omnipraesens
1229 1207 1306 1270 loyor
1323 1201 1352 1257 in
1369 1201 1417 1257 illo
1429 1215 1538 1257 curnem

186 1286 352 1352 assumserit,
371 1291 399 1340 et
417 1284 487 1340 sicut
505 1299 572 1339 crux
586 1281 835 1353 Hierosolymitans
847 1299 902 1340 non
920 1283 1124 1355 omnipraesens
1142 1286 1215 1343 iacta
1232 1268 1283 1358 esi,
1302 1288 1368 1346 licet
1385 1289 1538 1360 omniprse·
1601 1277 1609 1288 ⁸

186 1385 246 1426 sens
265 1373 343 1442 loyor
360 1387 410 1442 pro
429 1373 514 1428 totius
532 1369 645 1426 humani
668 1373 775 1441 generis
794 1372 883 1430 salute
901 1372 929 1428 in
952 1387 986 1427 ea
1002 1389 1153 1444 suspensus
1171 1377 1345 1447 pependerit,
1366 1377 1407 1433 its
1428 1389 1537 1447 quoqne

184 1459 261 1516 imita
279 1477 342 1516 caro
361 1477 416 1516 non
435 1460 509 1516 iacta
531 1466 574 1516 est
596 1461 814 1532 omnipraescns,
839 1463 904 1520 licet
928 1463 962 1518 ab
984 1461 1091 1518 infinito
1108 1467 1176 1533 λογῳ
1194 1462 1222 1517 in
1239 1463 1400 1528 ὑιοσιασεος
1417 1463 1538 1519 infinitae

185 1547 318 1602 unitatem
342 1546 525 1616 personaliter
553 1547 589 1602 sit
613 1551 762 1618 suscepta?
798 1550 874 1618 Quae
896 1549 1027 1606 illationis
1051 1549 1120 1605 ratio
1150 1548 1254 1604 nullam
1277 1548 1538 1606 verisimilitudinem

186 1633 262 1703 prins
280 1633 409 1690 habitura
428 1642 477 1704 est,
498 1649 577 1704 quam
595 1645 686 1690 rerum
699 1637 914 1694 inlimlismodis
934 1635 1115 1693 differentium
1129 1635 1241 1693 eandem
1261 1639 1393 1693 rationem
1410 1653 1472 1694 esse
1489 1638 1540 1694 tibi

185 1720 269 1777 fueris
287 1722 460 1794 imaginatus.
498 1724 577 1792 Quod
596 1735 676 1792 spero
696 1739 836 1793 nunquam
855 1723 1002 1790 conabere,
1026 1725 1091 1781 licet
1107 1725 1135 1779 in
1153 1723 1360 1792 quaestionibus
1377 1723 1539 1794 theologicis

185 1809 284 1866 multas
303 1811 353 1864 tibi
371 1827 430 1878 res,
452 1827 564 1879 numum
581 1807 659 1864 nulla
677 1815 769 1865 tamen
788 1826 907 1881 unquam
925 1811 969 1866 vel
987 1811 1052 1880 init,
1076 1813 1120 1868 rel
1139 1813 1233 1872 lutura
1251 1817 1294 1868 est
1311 1812 1426 1881 veritas,
1445 1811 1539 1870 tortis-

186 1897 252 1954 simc
276 1899 328 1954 tibi
352 1899 493 1968 imaginari
516 1899 621 1970 possiti
660 1898 714 1954 Sed
738 1913 820 1966 quam
843 1899 962 1968 gratim
983 1899 1168 1956 hallucinatus
1190 1899 1290 1968 luens,
1313 1899 1447 1958 hatenus
1471 1901 1540 1958 satis

186 1985 295 2055 planum
315 1993 397 2056 atque
415 1988 588 2058 perspicuum
607 1987 661 2042 tibi
675 1988 777 2044 lactum
796 2005 858 2045 esse
876 1989 1000 2045 arbitror.
1106 2012 1110 2020 ¹

287 2073 350 2148 lem
367 2075 480 2144 propius
505 2092 562 2130 rem
585 2077 783 2146 aggrediemur.
799 2097 806 2120 r
820 2080 848 2134 si
868 2079 1046 2148 cogitationes
1069 2083 1132 2132 tuas
1150 2075 1186 2131 ad
1209 2075 1466 2145 contemplationem
1484 2091 1541 2146 ruy-

186 2161 268 2226 stem'i,
285 2161 361 2230 qnod
374 2163 515 2219 iohannes
533 2163 619 2219 tribus
638 2165 728 2222 verbis
747 2167 906 2236 complexas
925 2173 975 2236 cst,
994 2165 1110 2233 dirigere
1127 2163 1208 2220 selis:
1227 2164 1242 2217 d
1261 2167 1340 2234 loyor
1355 2161 1542 2234 superponere,

185 2251 296 2306 verbum
314 2265 377 2306 caro
396 2253 497 2306 tactum
516 2257 571 2316 est,
597 2253 665 2306 nihil
684 2266 754 2322 opus
773 2261 830 2320 est,
855 2259 886 2307 ut
906 2260 1018 2326 uterum
1033 2253 1198 2323 ammarum,
1224 2251 1325 2321 inquo
1344 2251 1543 2307 lucarnationis

185 2339 341 2406 mysterium
359 2340 498 2408 inceptam
517 2347 544 2395 et
561 2339 713 2410 perlectum
732 2347 788 2409 est,
812 2345 859 2395 aut
885 2353 992 2395 crucem
1012 2339 1225 2414 Golgatlrsnsm,
1249 2340 1278 2395 iu
1301 2355 1356 2410 qna
1372 2343 1463 2409 loyor,
1487 2339 1547 2412 rita

186 2432 304 2496 astans,
317 2425 454 2482 exultatus
466 2427 605 2497 pependit,
619 2427 773 2496 dimetiare;
787 2441 896 2482 crassae
908 2426 981 2482 istac
994 2433 1021 2482 et
1034 2441 1163 2482 emouere
1175 2427 1357 2496 geometricos
1368 2433 1432 2484 sunt
1449 2427 1549 2496 inagis

187 2514 325 2582 nationes,
344 2515 378 2570 ad
397 2530 466 2582 quas
484 2516 543 2586 ipae
561 2525 591 2570 tu
611 2515 706 2572 oculos
726 2514 894 2570 claudendus
914 2529 976 2570 esse
994 2521 1093 2585 sponte
1110 2511 1220 2577 fateris,
1240 2511 1335 2567 sedin
1352 2511 1442 2568 modio
1460 2512 1544 2570 nedi-

189 2601 322 2656 tstionnm
341 2617 422 2657 cursu
441 2601 580 2657 itentidem
599 2602 744 2672 tuiipsius
764 2601 944 2673 oblivisceris;
970 2601 1036 2671 quin
1061 2600 1153 2670 potius
1177 2599 1300 2656 trirorbii
1320 2599 1400 2656 istius
1421 2599 1545 2668 mysterii

187 2687 311 2756 (verbum
330 2701 393 2744 earo
411 2687 527 2758 iactum)
544 2691 578 2744 D.
595 2689 757 2760 Apostolum
776 2687 891 2744 Paulum
914 2689 1090 2758 interpretem
1115 2687 1208 2754 andis,
1233 2689 1273 2742 ita
1292 2689 1325 2744 de
1343 2687 1391 2743 illo
1409 2702 1544 2744 comman-

184 2781 299 2832 laniem:
318 2775 512 2846 ὀμολογεμενως
530 2797 596 2848 peyne
607 2779 657 2832 tort
675 2799 704 2832 ro
714 2785 759 2850 ἰης
771 2777 901 2848 εὐσεβειιις
913 2797 1059 2850 prereptos.
1077 2777 1144 2838 Θεος
1155 2773 1311 2844 tempusq
1323 2775 1353 2829 br
1363 2793 1448 2844 capse,
1467 2774 1545 2832 Deus

185 2862 375 2918 manifestatus
399 2865 492 2918 estin
519 2879 610 2923 carne.
646 2865 752 2934 Quibus
776 2867 866 2922 verbis
890 2867 1050 2936 mysterium
1073 2861 1157 2932 illud,
1184 2862 1320 2931 quomodo
1345 2863 1457 2916 verbam
1479 2875 1544 2917 carc

188 2949 289 3004 iactum
308 2949 352 3020 sit,
370 2950 493 3005 nonnihil
513 2951 674 3021 depingitur.
711 2954 774 3008 Non
792 2953 830 3006 ita
847 2951 987 3020 videlicet,
1006 2956 1037 3007 nt
1056 2950 1128 3006 falso
1146 2949 1195 3006 tibi
1213 2949 1354 3018 imaginari
1372 2961 1482 3020 posses,
1504 2948 1545 3004 its

187 3043 266 3107 topos
284 3040 447 3094 assumsisse
464 3055 579 3105 carnem,
597 3045 629 3095 nt
646 3037 721 3093 illam
734 3029 842 3108 quidem
861 3039 889 3093 iu
907 3036 1028 3094 infinitas
1045 3039 1207 3100 bremenses
1231 3038 1364 3093 unnatem
1382 3037 1545 3108 susceperit,

187 3122 235 3178 illa
253 3141 319 3182 vero
337 3127 459 3182 infinitae
482 3141 616 3196 personae
640 3127 819 3196 ejusdemque
840 3127 1038 3198 proprietatum
1060 3127 1219 3182 nullatenus
1242 3126 1315 3182 iacta
1338 3127 1375 3180 sit
1391 3123 1544 3196 particeps3

186 3210 248 3267 iude
267 3212 317 3268 tibi
334 3213 500 3283 imaginaris,
518 3214 566 3269 sod
585 3214 740 3284 falsissime,
759 3217 840 3283 topos
858 3213 968 3284 quidem
985 3221 1017 3270 nt
1033 3216 1068 3269 ab
1087 3221 1199 3270 aeterno
1217 3210 1360 3282 infirmnm,
1378 3211 1406 3265 iu
1420 3211 1544 3266 omnibns

187 3299 296 3366 quidem
315 3298 383 3356 locis
402 3301 503 3369 ubique
522 3309 693 3370 praesentem
712 3317 787 3372 esse,
813 3315 923 3356 carnem
942 3317 1020 3369 sero,
1038 3299 1104 3357 licet
1121 3315 1183 3357 oum
1201 3299 1310 3356 infinito
1327 3306 1396 3370 torp
1414 3313 1546 3370 persona·

188 3384 250 3441 liter
267 3387 345 3442 unita
363 3388 412 3452 sit,
431 3389 539 3443 nonnisi
556 3389 584 3442 iu
602 3391 682 3445 unico
702 3405 809 3460 semper
827 3389 887 3444 loco
905 3396 1079 3458 praesentem
1097 3389 1198 3459 inisse‚·
1216 3403 1290 3457 esse,
1310 3390 1440 3445 laturam.
1475 3385 1546 3458 rny·
1567 3396 1573 3407 ·

188 3473 243 3529 εἰει
261 3475 311 3529 tibi
330 3476 485 3544 imaginaris
503 3483 531 3530 et
549 3477 721 3545 geometrica.
747 3477 878 3548 Magnum
896 3475 964 3531 illud
983 3476 1052 3532 eitra
1069 3479 1279 3534 conuorersiam
1297 3476 1465 3548 mysterium,
1488 3489 1546 3532 sar·

188 3577 250 3617 uem
262 3571 412 3618 maumam
423 3579 477 3618 nou
490 3563 529 3619 its
540 3565 680 3633 adsumsit,
698 3572 730 3620 nt
742 3572 770 3619 et
789 3573 894 3619 entra
910 3563 985 3618 illam
998 3577 1059 3618 esse
1070 3563 1144 3632 sent
1164 3563 1238 3632 qnod
1256 3571 1321 3620 tuse
1337 3563 1546 3634 imaginationes

192 3651 344 3706 somuisnt:
363 3652 392 3706 in
410 3667 464 3707 uuo
484 3653 593 3721 quidem
613 3650 673 3707 loco
693 3668 754 3709 csse
772 3652 799 3707 in
811 3667 907 3721 ¹carue,
926 3651 1003 3706 utin
1022 3659 1101 3706 ntsro
1119 3651 1256 3720 virgineo,
1283 3651 1311 3706 iu
1330 3666 1424 3718 cruce,
1447 3650 1475 3706 in
1494 3651 1547 3705 Ge·

190 3735 280 3808 lilaea,
298 3735 415 3807 iudaea,
433 3740 462 3795 in
474 3741 572 3796 ceteris
584 3742 697 3796 infinitis
709 3741 776 3796 locis
790 3741 866 3810 (quis
880 3745 957 3810 loyor
969 3738 1106 3807 infinitus)
1120 3754 1181 3794 esse
1194 3745 1272 3820 extra
1285 3753 1403 3794 carnem.
1432 3737 1545 3807 Ergone

190 3841 244 3880 non
263 3835 338 3882 totus
357 3831 435 3898 loyor
459 3829 511 3883 erit
533 3829 712 3884 incarnatus?
747 3829 823 3900 Ergo
842 3831 919 3896 loyor
942 3833 1049 3897 partem
1073 3825 1186 3883 habebit
1209 3833 1288 3882 extra
1310 3825 1436 3894 partomi
1471 3825 1545 3892 lingo

190 3915 291 3970 alicubi
309 3922 559 3987 loyov.muustrare
578 3915 670 3973 licebit
688 3919 870 3986 incarnatum,
896 3915 996 3974 alicubi
1013 3931 1069 3970 non
1091 3913 1283 3972 inomnutum?
1308 3911 1399 3968 omnia
1416 3907 1545 3978 absurda,

190 3999 283 4066 deora,
301 4000 454 4074 ἇθεοιογαι
491 4004 562 4072 Quin
581 4020 645 4074 ergo
663 4005 821 4075 mysterium
839 4003 955 4074 adorna
975 4017 1085 4059 carnem
1102 4019 1154 4058 sua
1172 4007 1287 4056 naturae
1304 3999 1472 4070 proprietate
1485 4011 1546 4054 esse

190 4089 218 4144 ln
235 4107 290 4145 uno
307 4091 379 4162 loeo,
398 4093 447 4147 sed
464 4101 591 4162 resperso
608 4093 716 4148 unionis
734 4091 900 4161 persbmlis,
919 4107 975 4160 qne
992 4098 1069 4158 topos
1087 4096 1166 4148 extra
1184 4103 1261 4144 snam
1280 4103 1388 4144 carnem
1406 4101 1545 4153 nunquam

191 4187 219 4234 tt
234 4178 333 4235 nullibi
357 4183 411 4244 cst,
431 4193 492 4234 esse
515 4180 768 4248 omnipraesentsm.
804 4179 943 4234 Luthcrus
966 4178 1019 4234 sit:
1045 4195 1085 4233 wo
1112 4179 1148 4234 dn
1170 4176 1221 4231 mir
1239 4175 1375 4232 Ghmstmu
1394 4171 1461 4227 Gott
1477 4171 1537 4226 biu-

191 4273 300 4336 setsest,
313 4264 355 4320 da
372 4275 464 4321 mustu
482 4267 534 4328 mir
550 4268 621 4323 anch
642 4268 779 4323 Christum
798 4267 851 4322 den
868 4267 1020 4324 Meusrhen
1044 4267 1196 4322 ιιὶιεειιει.
1234 4264 1310 4318 Ηεει
1328 4279 1353 4316 n.
1373 4275 1437 4315 earo
1453 4259 1542 4330 ipsius

191 4372 218 4406 rs
234 4359 297 4423 loys
315 4368 378 4408 caro
397 4363 446 4420 est,
466 4360 494 4408 ει
512 4353 558 4409 ubi
576 4359 666 4426 loyor,
689 4354 789 4411 ibidem
808 4353 930 4422 eiusdem
953 4361 996 4410 est
1013 4367 1087 4410 caro.
1123 4355 1182 4410 Nec
1200 4350 1292 4407 soluts
1309 4357 1353 4405 εει
1369 4349 1433 4405 uuio
1450 4362 1545 4417 perso·
1592 4349 1597 4366 ⁸

192 4439 260 4496 nelis
285 4449 313 4498 ει
339 4441 440 4496 divisus
460 4441 591 4497 Christus.
635 4439 689 4496 Sed
712 4457 764 4512 age
790 4443 844 4497 sisl
877 4443 921 4496 Ex
944 4445 1072 4498 universa
1095 4442 1231 4510 scriptura
1257 4440 1285 4496 S.
1309 4439 1417 4494 unicum
1441 4436 1546 4506 produc

192 4526 290 4598 locum,
309 4545 364 4598 quo
382 4529 498 4598 probare
516 4531 615 4600 poesis,
634 4533 714 4596 λογον
732 4535 796 4598 post
813 4529 1007 4586 incarnationis
1021 4509 1179 4602 mysterium
1191 4526 1234 4581 rel
1248 4525 1332 4583 semel
1346 4531 1424 4582 ειιιι
1436 4539 1544 4580 εειιειι

192 4629 268 4670 suam
286 4615 387 4671 luisset
423 4615 455 4670 ld
473 4616 546 4684 quod
564 4617 645 4672 citius
663 4623 804 4686 praestare
822 4631 877 4671 non
895 4619 1006 4688 poteris,
1026 4633 1107 4687 quam
1125 4615 1252 4672 unionem
1270 4613 1441 4684 personalem
1460 4613 1545 4671 semel

192 4701 275 4759 inisse
301 4703 420 4759 solutam
443 4705 615 4773 probareris:
641 4721 722 4774 quem
746 4705 936 4774 probationem
960 4706 1035 4762 nulla
1058 4721 1177 4775 unquam
1201 4705 1294 4758 visura
1316 4709 1359 4759 est
1382 4703 1544 4758 aeternitusl

192 4791 326 4862 Quoniam
344 4791 427 4861 igtur
443 4793 496 4848 hac
512 4793 686 4862 imuglnsstira
703 4800 751 4850 tus
768 4793 896 4862 opinione
908 4793 995 4864 (qnod
1008 4791 1085 4860 λογοι
1102 4805 1209 4848 carnem
1225 4790 1371 4861 humanam
1383 4789 1411 4844 in
1423 4790 1546 4846 intinitse

192 4893 259 4940 sese
275 4882 439 4943 ιιιοειωιοωι
457 4881 629 4952 personalem
653 4881 781 4941 nnionmn
799 4895 955 4952 assumens,
978 4880 1153 4938 mnilommns
1170 4877 1230 4951 ille,
1244 4885 1304 4950 'pro
1323 4875 1460 4937 maenius
1477 4891 1545 4938 suae

1277 4967 1333 5026 ggs
