3624 5554
251 325 318 396 712
761 327 825 386 vie
842 327 958 388 aarum
975 327 1097 401 uepres
1167 295 1179 320 '

250 499 353 559 auxilio
380 501 499 571 Spiritus
524 502 618 560 Sancti
642 520 767 575 pugnare
790 510 819 564 et
842 505 950 584 uincere
974 504 1119 562 diseamus.
1154 505 1215 560 Hoc
1237 501 1290 560 Dei
1311 499 1495 558 misericordis
1519 501 1601 558 bene·

250 587 388 658 placitum.
406 587 475 645 haec
491 589 629 649 volontas.
659 593 721 650 Jarrr
739 600 767 650 te
780 611 841 650 cnm
852 598 994 667 puerpera
1007 601 1036 650 et
1053 609 1124 650 nova
1141 601 1207 650 nata
1218 593 1323 648 salvere
1341 597 1369 648 et
1385 589 1476 647 ualere
1491 588 1600 659 jebeo.“

354 677 399 732 Er
417 677 535 748 epietole
553 680 580 736 d.
600 681 626 738 d.
644 681 688 738 23.
708 681 888 753 Septembris:
915 683 1069 754 ,Scriptum
1086 688 1163 739 tuum
1181 682 1215 738 de
1231 695 1315 738 sacro
1332 693 1418 736 cocere
1435 683 1522 732 totum
1540 674 1602 745 legi

247 763 385 822 indicium
402 781 491 821 meum
510 767 563 824 alio
583 776 611 825 et
629 771 811 826 commodiore
828 777 950 842 tempere
962 771 1105 841 aperiam.“
1130 770 1268 826 iudicium
1279 769 1332 824 bec
1343 767 1458 835 legimus
1476 765 1505 822 in
1516 764 1604 820 literis

250 851 454 923 d.d.13.0ct.,
472 854 501 908 in
519 855 618 925 quibus
630 857 855 928 Zehentmep'erus
872 859 966 929 refert,
985 857 1237 927 Kendelbergerum
1254 853 1491 926 (provincialium
1510 867 1603 920 egena

248 939 297 1010 qui
308 939 413 1010 Pragee
425 940 493 997 iuit“
504 960 528 1000 ι.
539 946 647 1016 piDS),
661 945 748 1002 virum
758 946 835 1003 illum
846 947 986 1016 egregium
998 953 1027 1002 et
1040 945 1188 1016 politicum,
1200 944 1229 1000 in
1242 943 1358 1014 equuleo
1371 943 1456 998 luisse
1467 941 1603 996 immersis·

247 1029 314 1083 sime
326 1035 459 1100 enectum,
474 1036 502 1084 et
514 1033 690 1090 secretarium
704 1033 915 1092 Gabellroierum
928 1033 1063 1103 exquisito
1075 1039 1199 1088 torturae
1212 1047 1310 1102 genere
1323 1031 1516 1086 excruciatum.
1543 1027 1604 1096 ,Tu

250 1115 297 1184 qui
315 1116 466 1185 sapientiae
485 1117 581 1175 studiis
598 1119 732 1176 incumbis
750 1129 779 1176 et
801 1122 908 1179 futuros
926 1127 1040 1176 eventus
1058 1135 1093 1175 ex
1110 1121 1193 1176 astris
1210 1119 1358 1190 prospicis,
1377 1121 1479 1187 onemo
1498 1107 1606 1188 siquid

249 1200 277 1256 in
295 1202 414 1258 siderum
431 1205 524 1274 positu
542 1193 765 1274 animadvertisti,
785 1209 859 1280 quod
878 1209 1013 1280 singulare
1031 1207 1096 1278 quid
1108 1207 1264 1279 regionibus
1276 1207 1353 1262 hisce
1367 1205 1520 1273 denunciet,
1539 1203 1605 1260 milri

250 1296 278 1344 et
296 1306 430 1361 generoso
448 1309 508 1349 meo
532 1296 708 1352 communica.
739 1298 908 1368 biegnopere
933 1296 1070 1353 desideret
1086 1295 1133 1350 ille
1157 1293 1290 1364 ejusmodi
1312 1292 1431 1364 speciale
1453 1291 1605 1362 prognosti·

251 1393 327 1448 cum,
350 1378 473 1450 inprimis
490 1385 507 1436 a
525 1383 576 1452 Te,
603 1383 661 1440 uiro
684 1383 765 1440 docto
783 1391 811 1442 et
826 1385 917 1456 ,bidus
940 1383 1006 1443 artie
1029 1383 1126 1454 perito.
1161 1383 1221 1450 Ego
1244 1397 1311 1456 saue
1332 1386 1451 1436 mentem
1475 1387 1550 1436 tuam
1570 1378 1606 1434 de

251 1465 387 1535 ejusmodi
398 1469 581 1540 singularibus
595 1471 653 1542 iam
666 1479 730 1529 ante
747 1481 919 1545 perspectam
935 1474 1039 1530 babeo:
1058 1471 1125 1527 nibil
1143 1470 1270 1527 videlicet
1288 1469 1356 1526 certi
1372 1469 1401 1524 in
1418 1469 1510 1538 specie
1527 1481 1606 1538 pree·

251 1553 307 1610 dici
323 1571 408 1626 posse
425 1564 475 1614 aut
486 1565 599 1616 eventus
612 1567 702 1618 certos
715 1560 829 1632 definiri,
848 1561 898 1618 sed
916 1561 1069 1631 generalem
1086 1568 1114 1617 et
1131 1559 1211 1615 ualde
1227 1557 1359 1615 lubricam
1377 1571 1438 1614 esse
1455 1555 1606 1626 astrologo

191 1689 195 1694 .
251 1661 312 1700 rum
336 1645 468 1704 notitiem.
504 1647 558 1706 Sed
576 1649 642 1717 quie
657 1649 797 1722 hemines,
815 1651 857 1707 uti
874 1651 959 1720 nosti,
976 1651 1059 1706 rebus
1079 1649 1251 1706 delectantur
1268 1645 1345 1702 novis
1363 1652 1392 1700 et
1409 1644 1516 1700 tumrae
1534 1649 1606 1700 cete·

253 1733 380 1802 strcpbee
398 1748 496 1792 causes
508 1751 543 1791 ex
554 1743 655 1792 natura
666 1737 824 1809 depromtus
842 1739 965 1809 cupiunt,
982 1738 1025 1795 iac
1037 1743 1068 1794 ιιι
1085 1735 1188 1806 aliquid
1205 1749 1239 1790 ee
1256 1733 1290 1790 de
1307 1749 1337 1790 re
1354 1733 1511 1790 conscribas
1528 1730 1607 1786 mihi·

254 1835 308 1888 que
325 1821 427 1880 mittas.
464 1823 525 1880 Erit
550 1824 600 1880 tibi
617 1825 721 1896 absque
744 1826 867 1896 periculo
890 1832 919 1882 et
940 1833 1045 1882 secrete
1069 1831 1169 1881 cuncte
1190 1823 1353 1880 tenebuntur
1376 1823 1462 1878 loco.“
1500 1821 1606 1878 Deinde

252 1907 354 1978 pergit:
373 1910 527 1980 ,Scriptum
544 1919 622 1970 tuam
639 1913 673 1970 de
692 1913 784 1970 Coena
801 1913 909 1969 Domini
927 1912 1071 1982 diligenter
1088 1919 1116 1969 et
1132 1917 1236 1968 attente
1253 1911 1319 1982 legi,
1338 1910 1560 1982 promtitodinem
1578 1916 1608 1964 et

254 2013 369 2056 acumen
385 1999 488 2070 ingenii
506 2001 547 2055 tui
564 2002 692 2067 miratus,
717 2000 789 2071 quod
809 2000 972 2058 sermotiem
995 1999 1067 2056 hauc
1088 1997 1123 2054 de
1140 1997 1445 2068 perceptionefructus
1463 2005 1492 2054 et
1508 1997 1606 2064 meriti,

255 2101 310 2142 non
329 2086 500 2144 substantiae
518 2091 641 2159 corporis
659 2089 776 2160 Domini,
796 2089 964 2160 argumentis
981 2103 1038 2143 non
1055 2087 1123 2143 leuis
1142 2087 1271 2142 momenti
1282 2093 1338 2143 tem
1349 2087 1377 2143 in
1396 2085 1608 2154 confirmatione,

255 2191 336 2244 quem
354 2175 519 2232 refutatione
537 2175 676 2232 meministi
691 2215 782 2235 .....
818 2177 880 2231 Tibi
904 2177 975 2232 sicut
993 2183 1022 2232 et
1040 2175 1193 2232 calvinistis
1212 2176 1363 2244 sententie,
1382 2191 1463 2246 qnam
1480 2175 1564 2231 rerba
1581 2179 1610 2230 ιι

254 2260 370 2322 literalis
383 2277 481 2320 sensus
495 2264 561 2321 dant
574 2263 608 2321 de
619 2263 776 2335 praesentia
787 2260 966 2332 substantiae,
985 2263 1075 2320 miuus
1087 2262 1197 2335 arridet,
1216 2263 1281 2334 qrrie
1292 2263 1367 2319 saria
1383 2263 1447 2319 inde
1458 2270 1611 2332 sequuntur

255 2347 375 2406 absurda
398 2355 427 2404 et
443 2349 628 2422 incommoda,
654 2357 683 2408 et
708 2351 818 2422 quidem
843 2350 993 2408 secundum
1012 2350 1174 2408 calvinistae
1198 2351 1343 2408 abolentur
1360 2350 1413 2408 bac
1429 2351 1536 2408 ratione
1552 2367 1611 2408 eor·

169 2489 171 2496 ,
255 2434 331 2506 poris
348 2437 481 2494 moralis
493 2437 684 2509 proprietates,
703 2439 834 2496 amiculus
852 2437 1021 2496 ascensionis
1039 2438 1114 2494 teuit
1132 2439 1160 2494 iu
1179 2437 1298 2506 dubium,
1316 2437 1392 2494 nulla
1404 2439 1485 2494 etiam
1503 2439 1611 2496 umoris

256 2529 299 2580 est
316 2525 387 2580 ratio
411 2524 648 2594 symbolorumet
663 2526 705 2582 rei
722 2527 861 2599 coelestis;
888 2528 939 2584 tibi
962 2541 1026 2582 sere
1051 2527 1140 2584 minus
1163 2525 1274 2596 placere
1297 2525 1358 2586 rult
1375 2525 1531 2596 praeseutia
1548 2525 1610 2582 snb·

256 2611 375 2666 emutire
392 2617 536 2682 tantopere
554 2630 572 2670 a
589 2614 691 2674 nasale
706 2615 824 2685 iactata,
849 2615 915 2685 quie
938 2631 989 2686 per
1012 2630 1042 2672 se
1065 2613 1218 2670 substantie
1241 2614 1300 2670 sine
1324 2614 1420 2670 merito
1438 2613 1611 2670 considerata

255 2699 370 2771 prodest
387 2700 455 2756 nihil
473 2708 501 2759 et
516 2701 546 2758 in
561 2702 733 2760 institutione
745 2705 846 2760 coenae
860 2703 996 2759 Christum
1015 2701 1116 2758 talibus
1134 2717 1214 2758 nsum
1232 2717 1293 2758 esse
1311 2701 1414 2771 serbis,
1433 2701 1533 2770 quibus
1548 2715 1611 2772 paa-

256 2787 342 2844 sicnis
360 2803 426 2846 suae
443 2789 563 2846 auctum
581 2791 755 2860 potissimum
771 2790 922 2848 inculcaret
940 2795 968 2845 et
985 2791 1020 2866 in
1032 2805 1085 2845 usn
1102 2789 1259 2846 memoriam
1277 2789 1367 2845 meriti
1384 2789 1525 2844 excitaret
1540 2829 1546 2844 .
1559 2828 1567 2846 .
1581 2828 1610 2846 ..

257 2873 375 2930 Faceres
393 2875 460 2932 mibi
475 2891 534 2933 rem
552 2885 673 2948 gratem
693 2876 801 2936 simois
820 2877 955 2934 sumtibus
972 2876 1081 2933 cuidem
1099 2876 1283 2934 studiosorum
1300 2875 1509 2934 describendum
1527 2877 1610 2946 scrip·

258 2965 317 3018 tam
334 2967 425 3034 tuum,
451 2965 526 3033 quod
543 2965 589 3022 hic
605 2965 730 3037 remitto,
757 2965 895 3032 truderes;
919 2965 1038 3021 libenter
1055 2965 1127 3022 enim
1145 2965 1285 3036 exemplar
1301 2981 1482 3034 assertorem,
1500 2974 1614 3036 propter

260 3047 392 3105 nonnulla
408 3057 578 3122 argumente,
596 3068 667 3124 quae
685 3054 753 3110 acite
770 3053 917 3110 admodum
935 3059 964 3109 et
980 3068 1044 3108 vere
1061 3053 1217 3122 theologice
1234 3053 1370 3110 tractasti.
1388 3081 1420 3092 —

364 3136 398 3192 In
416 3139 604 3198 natiuitatib‘us
621 3141 678 3198 illis
695 3141 784 3200 tribus
802 3151 867 3198 ente
884 3156 1004 3198 messem
1022 3140 1131 3210 madida
1149 3139 1173 3196 si
1186 3141 1252 3210 quid
1263 3140 1414 3212 absolsitti,
1432 3139 1536 3197 bomini
1547 3140 1612 3196 hnic

261 3223 406 3297 committe,
425 3225 478 3282 elia
495 3229 555 3284 eice
572 3230 747 3286 honorarium
764 3247 815 3302 pro
833 3229 928 3287 labore
944 3236 1106 3300 recepturus
1125 3243 1164 3285 es.
1193 3227 1341 3285 Dimidium
1359 3227 1461 3284 dullum
1479 3228 1535 3282 sini
1546 3228 1613 3284 Ldt·

258 3310 407 3382 tenbergici
420 3315 513 3371 ermari
524 3316 575 3373 tibi
586 3317 700 3390 impleri,
713 3317 815 3388 poteris
826 3316 895 3372 illud
908 3316 1126 3386 quandocunque
1133 3315 1173 3372 ris
1183 3332 1200 3372 a
1209 3316 1313 3372 sororio
1325 3329 1386 3372 meo
1398 3315 1488 3372 Daltb.
1498 3315 1612 3383 Stainer,

259 3399 317 3457 cire
328 3401 598 3476 Redlrerrporgensi,
615 3422 760 3476 reposcere
777 3412 804 3461 et
817 3406 961 3462 Graeciam
983 3404 1108 3462 avehere.
1138 3403 1181 3458 De
1198 3403 1286 3474 pretio
1309 3403 1377 3460 bene
1394 3404 1610 3462 conveniemus.“

364 3491 451 3548 Panlo
468 3500 533 3564 post
549 3495 775 3566 Zehentmajerue
793 3493 942 3566 Keplerum
960 3493 995 3550 ed
1013 3490 1231 3562 respondendam
1249 3498 1355 3561 monet,
1378 3490 1447 3547 nibil
1464 3507 1529 3548 uero
1548 3493 1613 3550 dicit

262 3577 298 3636 de
315 3579 428 3651 Kepleri
445 3581 563 3654 scriptis,
583 3597 654 3652 qnae
672 3583 748 3654 prins
766 3588 917 3654 tantopere·
927 3582 1095 3639 laudaverat.
1115 3609 1148 3621 -
1166 3579 1279 3636 Διιιιιιι
1297 3580 1360 3635 enni
1375 3580 1443 3638 ¹600
1460 3579 1613 3650 gratuletur

262 3669 398 3740 Keplerc,
421 3671 496 3742 quod
519 3670 612 3728 salum
631 3688 665 3730 er
684 3671 747 3729 aule
763 3670 938 3744 imperatoria
960 3669 1084 3738 redierit,
1111 3680 1167 3722 non
1185 3666 1309 3723 dubitare
1326 3682 1369 3734 se,
1394 3666 1460 3737 quin
1477 3667 1614 3738 Keplerns

264 3758 370 3827 ,doctis
393 3759 450 3816 suis
477 3757 729 3817 consorationibus
752 3766 780 3814 et
798 3757 947 3824 sententia,
971 3773 1053 3827 quam
1072 3755 1106 3812 de
1124 3753 1236 3810 orbibus
1254 3759 1282 3809 et
1300 3760 1376 3810 metu
1395 3755 1496 3810 Terrae
1513 3756 1614 3825 foveat,

262 3845 332 3904 adeo
350 3845 473 3905 effecerit
491 3849 661 3919 Tychonem,
686 3854 718 3904 ut
736 3846 853 3917 styriam
870 3851 1005 3914 nostram,
1028 3843 1097 3900 alias
1115 3843 1245 3902 afflictam
1262 3851 1291 3902 et
1309 3845 1451 3903 doctorum
1475 3845 1615 3901 bominum

263 3935 451 4008 miscrorum,
473 3935 583 3996 beatum
601 3935 713 4006 dixerit,
736 3940 832 4005 utpote
855 3932 900 3992 cui
917 3931 973 3990 tale
987 3930 1091 4002 obtigit
1108 3933 1268 3990 eruditionis
1287 3935 1390 4002 lumen,
1409 3951 1463 4005 pne
1482 3931 1616 3989 barbariei

262 4029 290 4082 et
307 4021 474 4081 confusionis
492 4025 623 4080 tenebrae
641 4021 749 4094 dispelli
772 4021 903 4092 pessint“
943 4021 1020 4088 ,Non
1038 4019 1153 4089 semer,
1179 4023 1281 4095 pergit,
1307 4029 1483 4094 ,perceptum
1504 4019 1615 4078 auribus

264 4113 341 4185 meis,
358 4119 387 4170 te
405 4113 440 4169 cb
459 4111 594 4170 celebrem
617 4111 774 4170 matheseos
797 4110 939 4167 scientiam
960 4111 990 4166 in
1007 4109 1178 4180 imperatoris
1203 4111 1350 4182 germanici
1366 4111 1475 4166 senisse
1491 4106 1616 4164 notitiam

266 4219 382 4276 eumque
398 4204 521 4276 irdp'euee
538 4203 607 4260 adeo
625 4203 676 4260 tibi
692 4199 784 4257 ferere
802 4199 934 4268 coepisse,
952 4206 984 4255 nt
1000 4198 1071 4254 inter
1089 4197 1194 4256 aulicos
1212 4217 1267 4256 non
1284 4199 1368 4256 intimi
1381 4199 1482 4256 ordinis
1495 4205 1522 4256 te
1534 4215 1616 4270 coop-

264 4295 323 4348 tare
342 4291 540 4364 eplendidoque
552 4291 651 4348 salerio
669 4297 697 4346 te
715 4289 744 4344 in
756 4289 833 4360 regia
844 4305 896 4346 sua
908 4289 982 4346 alere
993 4296 1067 4346 certe
1078 4289 1280 4359 praesumserit
1291 4327 1380 4346 .....
1411 4288 1526 4361 Scripta,
1545 4301 1616 4359 qoee

266 4379 384 4450 legenda
407 4378 442 4437 de
459 4379 556 4438 itinere
573 4376 722 4436 Bebemico
744 4376 857 4448 dedisti,
879 4391 986 4434 mecum
1008 4391 1085 4433 sumo
1103 4377 1131 4431 in
1156 4391 1246 4432 urcem
1263 4380 1427 4446 (eumenia,
1445 4380 1512 4434 uude
1530 4395 1615 4431 omres

269 4472 339 4524 dedit
355 4479 454 4539 praeter
470 4475 544 4539 benc,
562 4467 628 4538 quae
646 4471 730 4522 Gratti
748 4469 844 4534 scripta
861 4472 906 4532 set,
924 4465 1055 4534 epistolas)
1073 4463 1166 4532 ibique
1183 4463 1331 4520 evolsam!
1351 4494 1384 4504 —
1555 4521 1557 4524 ,

372 4555 498 4628 Ultimae,
516 4569 588 4628 quae
605 4562 753 4627 supersum
769 4553 866 4610 literae
877 4543 1087 4622 Zeheutmeieri,
1106 4551 1187 4609 datae
1205 4551 1250 4608 die
1261 4553 1303 4612 19.
1317 4553 1435 4624 Augusti
1454 4555 1530 4626 1600,
1547 4555 1616 4610 baec

270 4643 388 4703 lrabeat:
405 4645 639 4704 Ddiberetioaeea
657 4634 735 4704 teob
751 4643 785 4700 dc
801 4656 882 4699 rame
898 4640 1049 4698 Βοιιιιιιια
1065 4647 1094 4698 ιι
1110 4640 1217 4713 reliqua
1239 4647 1302 4698 aete
1324 4632 1353 4698 et
1370 4641 1485 4699 actitata
1500 4643 1572 4698 inter
1588 4647 1616 4698 te

272 4739 302 4791 ιι
312 4732 470 4805 Tyrbenem
487 4733 592 4804 perlegi
609 4739 637 4791 et
648 4748 684 4790 ex
696 4733 730 4789 iis
742 4727 928 4796 animaduerti,
946 4727 1034 4786 Deum
1050 4743 1102 4800 per
1113 4744 1162 4786 ros
1179 4728 1284 4799 aliquid
1300 4730 1391 4803 magni
1400 4731 1490 4788 moliri
1501 4729 1616 4787 animes·

272 4833 325 4896 que
341 4823 453 4879 rosbes
469 4821 604 4894 sapientia
621 4825 712 4880 ιιιιιι
728 4819 867 4882 illmtrare
889 4815 969 4876 relic.
1004 4816 1114 4878 Utinam
1131 4816 1247 4878 effectus
1268 4817 1437 4876 incrematus
1454 4818 1483 4876 in
1502 4824 1616 4891 uroque
