3624 5554
451 449 630 510 summanum
646 449 784 510 Ηίιιιιὶιι
799 450 990 511 emorousae
1007 445 1099 510 seculo
1116 452 1189 510 XVI.
1441 447 1505 522 651

145 641 186 680 sos
196 625 293 682 ridere
307 627 414 696 possit,
427 640 478 682 nos
490 643 545 684 non
557 627 626 684 scira
638 643 734 699 posse,
753 631 798 699 qui
811 627 941 698 qualesve
950 630 998 684 isti
1009 627 1130 684 aetherei
1143 631 1223 685 orbes
1237 630 1305 700 aint;
1325 629 1432 685 stellam
1445 643 1507 685 csse

147 713 297 769 densiorem
311 722 425 784 partem
439 716 483 770 sui
496 714 577 784 orbis,
595 715 711 772 lucidam
725 725 752 772 et
765 718 914 787 globosam,
934 717 992 772 orbi
1005 733 1054 772 eno
1068 724 1142 773 certo
1160 718 1188 772 in
1204 717 1267 773 loco
1285 717 1403 788 affixam,
1422 721 1505 787 aquo

153 804 229 860 etism
247 803 333 860 statis
353 809 384 859 et
400 803 485 860 certis
504 802 609 872 legibus
628 805 796 862 cumlanter
807 807 1022 862 circumferatur.
1048 805 1202 873 „Sphaerus
1222 805 1354 860 coelestes
1369 821 1399 860 se
1411 811 1505 860 mutuo

153 891 231 945 reluti
249 892 367 946 tunicae
386 907 534 960 caeparum
552 891 698 954 ambiunt.“
736 896 769 950 Iu
787 895 865 950 coelo
884 901 949 951 sunt
966 893 1060 964 plures
1078 893 1225 962 regulares,
1244 889 1389 948 circulares
1407 899 1508 949 motus.

155 981 253 1049 ligura
270 981 345 1037 coeli
363 987 408 1036 eet
424 980 585 1050 sphaerica,
613 981 714 1037 Terrae
731 983 821 1051 ligura
838 982 959 1052 globosa.
997 983 1083 1036 Terra
1100 983 1128 1036 in
1146 981 1235 1036 medio
1253 981 1347 1035 mundi
1364 981 1508 1036 immobilia

158 1071 207 1124 sita
222 1074 276 1124 est.
313 1068 408 1124 Locus
426 1068 455 1124 in
473 1075 566 1124 cenna
584 1069 628 1124 his
647 1069 785 1126 stabilitur
802 1071 983 1140 argumentis:
1003 1070 1089 1126 Tetra
1101 1073 1220 1142 undique
1233 1087 1249 1126 a
1262 1072 1338 1127 coelo
1356 1069 1510 1140 acqualiter

156 1157 246 1225 abest,
264 1155 380 1212 horizon
399 1162 476 1212 secat
493 1169 586 1212 omnes
605 1157 737 1214 coelestes
755 1158 1027 1225 circulosbittrisn,
1054 1161 1148 1227 gravia
1167 1159 1337 1216 descendunt
1361 1157 1509 1215 secuudum

158 1243 318 1300 dimetrum
336 1243 447 1312 mundi,
473 1251 595 1300 centrum
613 1246 672 1313 ejus
691 1247 863 1316 appetentis,
884 1247 976 1317 gravia
993 1247 1021 1302 in
1039 1249 1125 1302 Tarra
1142 1253 1277 1328 appetunt
1299 1247 1359 1316 ejus
1378 1253 1508 1316 centrum,

160 1349 221 1402 ergo
234 1331 337 1388 Terrae
349 1339 473 1388 caunum
485 1332 578 1388 mundi
591 1339 713 1389 centrum
725 1340 781 1404 est;
798 1325 973 1389 immobilitas
985 1333 1087 1389 Terrae
1099 1335 1151 1391 sic:
1174 1337 1201 1404 t)
1215 1341 1336 1391 centrum
1350 1333 1445 1389 circuli
1458 1348 1508 1388 sen

157 1421 230 1491 globi
246 1421 277 1476 in
287 1421 467 1476 conversione
478 1419 615 1476 immobile
641 1421 767 1490 quiescit,
786 1421 873 1475 Terra
889 1427 1011 1476 centrum
1029 1421 1122 1478 mundi
1141 1431 1191 1491 est,
1212 1439 1286 1492 ergo.
1299 1466 1305 1478 .
1317 1463 1341 1479 ..
1372 1421 1402 1490 2)
1416 1435 1509 1476 omnes

157 1515 246 1577 partes
272 1507 374 1564 Terrae
396 1507 560 1564 naturaliter
585 1507 712 1563 teruntur
733 1515 808 1563 motu
833 1515 908 1563 recto
934 1508 969 1563 ad
987 1509 1106 1564 medium
1128 1510 1220 1579 ibique
1244 1509 1345 1566 moveri
1371 1508 1508 1579 desinunt,

158 1609 221 1665 ergo.
237 1595 341 1653 ibidem
359 1602 389 1650 et
404 1596 482 1664 ipsae
500 1603 528 1652 et
545 1599 603 1650 tnta
620 1597 706 1650 Terra
726 1595 882 1666 quiescunt;
907 1597 937 1664 3)
956 1595 1057 1650 Terrae
1075 1599 1134 1667 toti,
1154 1603 1289 1667 quatenus
1308 1603 1367 1651 tots
1385 1601 1440 1664 est,
1459 1611 1509 1650 nec

156 1691 246 1740 rectus
263 1699 316 1740 nec
339 1683 480 1740 circum
498 1689 588 1738 motus
611 1682 752 1751 competit,
778 1697 843 1750 erqo
867 1681 958 1740 nullus
990 1685 1112 1754 omnino;
1139 1701 1201 1741 nam
1220 1687 1244 1740 ai
1262 1691 1415 1739 moreretur
1432 1689 1508 1738 motu

157 1778 239 1840 recto,
256 1771 376 1827 ierrstm
393 1771 528 1839 deorsum,
546 1770 619 1826 uude
634 1769 720 1838 tieret,
739 1777 769 1824 ut
785 1771 875 1826 minus
897 1771 990 1838 gravia
1006 1771 1034 1824 in
1053 1778 1116 1827 aere
1134 1780 1265 1844 tanquam
1278 1787 1413 1843 suspense
1430 1771 1509 1827 relin-

157 1867 311 1931 querentur,
330 1859 498 1928 relinqueret
514 1859 580 1918 item
596 1866 720 1915 centrum
741 1859 849 1929 mundi;
876 1874 983 1914 sursum
1001 1860 1186 1936 ucromoreri
1205 1877 1260 1916 non
1278 1868 1378 1930 potest,
1398 1875 1458 1915 cum
1476 1860 1512 1914 sit

158 1963 259 2002 masma
277 1947 384 2016 grane
403 1948 426 2002 si
439 1947 523 2002 Terra
541 1947 575 2000 ab
595 1953 657 2002 ortu
674 1946 702 2000 in
722 1961 849 2002 occasum
867 1947 1035 2003 circulariter
1052 1949 1179 2018 terretur,
1197 1965 1253 2004 non
1266 1950 1421 2004 acciderent
1434 1953 1510 2004 ortus

160 2034 320 2102 quotidiani,
337 2041 501 2090 necassent
519 2034 622 2090 diarum
640 2039 669 2089 et
685 2034 806 2089 noctium
824 2035 1034 2103 vicissitudines,
1053 2035 1077 2089 si
1094 2051 1159 2089 raro
1178 2035 1231 2089 alio
1245 2051 1409 2105 quocunque
1426 2035 1512 2089 circu-

157 2122 205 2176 lari
223 2129 302 2178 motu
320 2123 450 2190 cieretur,
468 2122 555 2178 nnhes
573 2135 680 2190 semper
697 2121 727 2176 in
745 2121 899 2191 oppositam
912 2129 1018 2190 partem
1031 2121 1123 2177 volare
1135 2123 1299 2182 riderentur.
1317 2123 1441 2192 projecta
1454 2137 1515 2176 eur·

158 2225 215 2266 sam
235 2226 378 2279 nunquam
395 2211 584 2266 relaberentur
601 2210 630 2264 in
648 2207 764 2264 eundem
783 2209 888 2278 locum,
906 2217 1000 2279 partes
1019 2211 1121 2265 Terrae
1138 2213 1174 2266 ob
1190 2209 1403 2280 insuperabilem
1421 2209 1514 2265 celeri-

156 2304 238 2352 tatem
265 2312 361 2353 omnes
387 2297 613 2372 dispergerentur
636 2303 664 2350 ct
686 2301 747 2350 tota
770 2295 855 2350 Terra
881 2296 1014 2366 dissipata
1036 2298 1094 2366 jam
1122 2299 1222 2354 dudum
1251 2297 1328 2353 coelo
1356 2297 1514 2356 excidisset

158 2385 187 2452 i)
204 2385 274 2440 Cum
292 2391 393 2440 natura
410 2383 529 2454 simplici
547 2377 656 2453 corpori
673 2383 783 2438 nonnisi
801 2381 884 2438 unum
908 2391 1011 2444 motum
1036 2385 1186 2454 simplicem
1212 2385 1391 2450 concesserit,
1415 2384 1516 2440 Terras

158 2480 247 2528 antem
272 2478 413 2541 competat
436 2479 527 2526 motus
549 2477 642 2526 rectus
670 2471 757 2540 (quod
782 2470 874 2525 ridere
897 2478 940 2526 est
962 2471 989 2526 in
1008 2473 1131 2542 partibus
1150 2473 1237 2543 rjus),
1263 2487 1329 2542 ergo
1354 2471 1513 2528 circularem

156 2568 257 2618 notam
276 2561 339 2630 ipsa
356 2559 407 2615 eibi
425 2558 563 2614 uindicare
581 2573 636 2614 non
653 2558 762 2627 poterit.

259 2649 293 2704 In
311 2647 467 2718 appendice
485 2644 596 2721 exhibet
613 2646 780 2702 Maestlinus
790 2645 983 2707 Eratosthenis
1001 2655 1031 2703 et
1047 2647 1187 2704 Posidonii
1204 2648 1338 2704 radonem
1356 2647 1514 2703 dimetiendi

157 2736 228 2806 globi
246 2737 351 2792 terreni
374 2741 402 2789 et
426 2749 555 2800 monens,
579 2733 746 2789 recentiores
769 2734 816 2788 uni
840 2734 937 2804 medai
962 2734 1057 2790 circuli
1074 2737 1175 2791 terrem
1197 2737 1318 2792 tribuere
1338 2739 1371 2792 ib
1389 2733 1516 2791 milliaria

157 2825 326 2895 germanica,
349 2822 481 2878 ambitum
500 2823 599 2878 Terrae
623 2820 689 2876 dicit
706 2837 769 2878 ease
786 2823 857 2879 5400
873 2821 1008 2878 milliaria
1029 2853 1060 2864 -
1079 2825 1156 2880 Haec
1174 2831 1325 2894 sequuntur
1343 2824 1518 2879 definitiones

156 2913 319 2968 circulorum
338 2913 474 2980 sphaerae
493 2909 640 2966 materialis
664 2917 797 2967 consueto
820 2912 915 2967 ordine
933 2912 1103 2976 et·,orbiom
1121 2911 1322 2976 theoriarum“‚
1351 2927 1420 2980 quos
1444 2927 1515 2966 enu-

156 3005 256 3058 merat:
276 2998 432 3055 deferentes
451 3013 581 3067 apogaea,
601 2997 746 3067 epicyclos,
766 3005 942 3067 aequantem.
965 2999 1131 3056 eccentricos
1146 2998 1270 3054 eccentri
1292 3004 1320 3052 et
1337 2998 1418 3053 orbes
1442 2995 1515 3053 deie-

155 3096 246 3144 rantes
265 3086 410 3155 nodorum,
430 3101 465 3138 ex
483 3085 779 3154 quorum-definitione
798 3093 827 3141 et
845 3101 880 3141 ex
899 3087 1014 3157 adjectis
1033 3087 1128 3156 figuris
1147 3086 1250 3151 elucet,
1269 3083 1446 3142 Maeetlinum
1464 3088 1516 3142 hos

158 3179 272 3242 „orbem
291 3172 383 3228 reales
400 3179 429 3228 st
447 3173 604 3228 materiales
622 3173 770 3252 accepisse.
800 3174 1007 3244 1n„ephacrica
1026 3172 1165 3232 doctrinat
1185 3173 1335 3242 praemittit
1353 3173 1516 3228 Mseetlinus

158 3265 332 3321 definitiones
349 3263 547 3318 arnono-icas
566 3261 770 3332 ascensionum,
795 3269 902 3318 ortuum
921 3269 949 3318 et
968 3276 1114 3319 occasuum
1141 3261 1294 3330 stellarum,
1313 3255 1419 3316 diamur
1436 3267 1517 3316 natu·

157 3355 252 3410 salium
272 3359 302 3406 et
322 3349 503 3408 artificialium
522 3357 549 3404 et
568 3350 743 3420 apparentiae
763 3349 883 3418 explicat
900 3365 951 3419 pro
969 3351 1044 3404 sario
1063 3348 1156 3419 posito
1174 3347 1315 3417 sphaerae,
1334 3361 1403 3415 quas
1422 3346 1516 3402 defiui-

157 3443 244 3498 tiones
265 3448 418 3510 mquuutor
437 3447 528 3494 motus
546 3444 576 3496 et
595 3439 770 3508 „passionem
790 3437 963 3506 planetarum
982 3437 1051 3492 duce
1069 3435 1236 3492 Ptolemaeo.
1273 3435 1378 3491 Eadem
1393 3434 1452 3490 iere
1470 3436 1517 3492 hic

158 3529 387 3601 deprehendimus
406 3541 479 3597 qnae
498 3527 525 3582 in
538 3525 691 3582 Purbachio
709 3526 811 3581 statiis
829 3527 877 3596 qui
893 3534 952 3580 tum
969 3523 1106 3580 florebant
1124 3523 1295 3592 aeconomis,
1314 3523 1440 3593 nuspiam
1451 3538 1516 3580 sero

157 3619 276 3676 ooeurrn
293 3619 395 3672 mentio
415 3615 571 3685 Copemici,
598 3615 678 3683 qnasi
702 3613 802 3670 oblitus
825 3616 862 3669 sit
878 3612 1042 3669 Messalinus
1066 3628 1175 3682 eorum,
1200 3627 1270 3682 quae
1294 3612 1457 3682 inscriptis
1480 3612 1516 3666 de

157 3707 270 3764 mmctia
294 3703 410 3760 dixerat
459 3701 549 3757 Seculi
571 3700 614 3756 eni
640 3701 709 3756 mori
730 3701 834 3770 pariter
856 3707 940 3769 atque
965 3699 1012 3753 alii
1035 3698 1095 3768 ejus
1120 3700 1249 3769 aequales
1273 3699 1379 3756 ridetur
1402 3699 1516 3753 obsecu-

157 3803 201 3850 tus
224 3809 300 3862 esse,
324 3793 363 3848 ita
385 3799 418 3847 ut
441 3791 528 3846 uirum
553 3803 607 3844 non
632 3803 811 3860 agnoscamus
828 3787 963 3848 liberioris
984 3785 1094 3856 judicii,
1121 3788 1228 3856 qualem
1254 3804 1285 3844 sc
1307 3787 1471 3858 praebuerat
1489 3787 1516 3842 in

158 3884 243 3945 libris,
261 3897 332 3952 quos
350 3879 432 3936 modo
452 3877 585 3948 diximus,
609 3885 636 3934 et
652 3879 680 3932 in
699 3877 824 3946 epistolis
840 3874 876 3931 ad
896 3875 1045 3944 Keplsrum
1064 3881 1244 3944 senatumque
1262 3874 1462 3944 Turbingensem
1482 3873 1517 3928 de

159 3951 308 4028 Prodromo
333 3967 407 4024 datis
424 3972 486 4030 (rol.
504 3971 523 4020 1.
541 3986 568 4034 p.
588 3972 622 4020 20
640 3972 693 4028 rs).
730 3962 934 4032 Theologomm
957 3962 1106 4016 auctoritas
1130 3961 1216 4016 uirum
1240 3963 1329 4030 ipsam
1355 3961 1515 4030 theologum

159 4060 275 4115 nonme
291 4057 413 4126 ridetur,
438 4062 470 4111 ut
488 4057 542 4112 alia
559 4049 676 4126 diceret,
701 4053 756 4110 slis
773 4053 889 4109 sentiret
907 4055 961 4115 (atr.
981 4051 1031 4103 vol.
1051 4054 1071 4102 1.
1090 4068 1115 4117 p.
1135 4055 1178 4102 eu.
1198 4054 1255 4115 att,
1281 4049 1333 4102 etsi
1358 4055 1466 4104 constat
1490 4053 1518 4101 et

158 4148 215 4216 ipse
237 4146 375 4218 Keplerua
399 4151 532 4210 testatur,
560 4141 744 4213 professorem
767 4139 990 4195 mathematicum
1013 4137 1156 4205 Tuhiugse
1180 4137 1352 4192 auditoribus
1379 4135 1437 4192 suis
1465 4134 1515 4188 (lo-

158 4236 261 4304 persici
282 4235 419 4290 rationem
447 4231 660 4286 commendasse.
698 4231 823 4284 Ceterum
843 4226 984 4295 Tubiuqae
1006 4232 1038 4280 ut
1061 4224 1138 4294 prius
1158 4225 1338 4292 ltacknangae
1361 4227 1389 4277 et
1406 4220 1515 4275 lleidcl·

158 4323 257 4394 bmpac
278 4319 520 4394 Quaestum
546 4331 654 4388 semper
671 4331 701 4372 se
721 4315 834 4386 gerebat
849 4320 1032 4382 spectatorem
1054 4311 1124 4368 coeli
1143 4311 1317 4378 siderumque
1335 4317 1364 4364 et
1380 4323 1515 4379 quascun-

159 4427 211 4480 que
227 4409 379 4468 aatrononri
399 4409 429 4464 in
447 4405 526 4462 coslo
544 4405 713 4468 detexerant
731 4403 765 4458 iia
783 4402 902 4458 animum
922 4398 1090 4456 advertebat
1116 4401 1212 4460 (Edidit
1224 4401 1373 4450 Mureniana
1385 4399 1517 4458 rublum

159 4513 254 4566 praatsr
269 4504 411 4569 Epitomsn
429 4499 506 4546 tertio
524 4509 636 4544 recusam
653 4496 811 4544 succidito.
831 4495 1020 4542 dissertationes
1042 4493 1140 4555 aliquot
1158 4489 1340 4538 mmouomiras
1359 4486 1425 4534 haud
1441 4489 1515 4550 parri

159 4595 273 4644 momenti
285 4591 318 4642 ad
330 4587 526 4644 astronomiam,
545 4599 607 4648 quse
620 4585 715 4647 passim
726 4581 921 4656 memoravimus
933 4581 959 4628 in
973 4574 1145 4628 uoluminibus
1156 4575 1321 4640 praemissis.)
1356 4571 1515 4639 Discipulos

158 4687 258 4746 autem,
283 4691 404 4748 quorum
424 4669 505 4726 multi
524 4669 611 4740 magis
629 4668 753 4723 munere
770 4665 969 4729 inclaruerunt,
987 4663 1026 4718 ita
1044 4663 1097 4718 sibi
1114 4659 1248 4724 devinxit,
1267 4665 1297 4714 ut
1316 4674 1369 4714 non
1389 4661 1468 4716 mindo
1487 4663 1516 4718 in

157 4764 309 4836 praesentia
324 4763 408 4820 illum
427 4759 603 4827 suspicerent
621 4763 649 4810 et
668 4753 875 4818 admirarentur,
895 4751 942 4805 sed
961 4765 1010 4820 per
1023 4756 1109 4804 totam
1121 4748 1204 4802 uitam
1220 4745 1339 4814 quodam
1353 4749 1430 4816 qussi
1443 4765 1515 4804 com·

155 4855 249 4912 nudo
275 4841 420 4923 conjuncti
446 4847 483 4902 de
507 4846 590 4900 rebus
614 4841 813 4898 mathematicis
838 4849 866 4895 et
884 4836 1073 4894 asnonomicis
1098 4840 1145 4888 aut
1168 4833 1258 4901 ipsum
1276 4833 1384 4890 adirent
1402 4843 1449 4890 aut
1465 4851 1516 4906 per

154 4941 244 5002 iteras
262 4939 456 5000 consulerem·
493 4931 574 5000 enoc
592 4947 653 4988 cum
671 4929 707 4988 ab
724 4929 786 4986 aliia
804 4935 864 4985 tum
880 4943 898 4987 a
915 4925 1035 4998 lieplerc
1053 4922 1154 4980 motum
1177 4935 1239 4980 csse
1262 4921 1339 4980 rides
1356 4922 1383 4980 in
1402 4924 1514 4980 volumi·
