3662 5544
274 387 341 466 828
785 395 847 466 via
863 393 977 456 ioannis
995 391 1116 468 Keplcrl.

277 568 324 638 qui
343 567 441 640 ,pians
458 570 544 628 octies
561 569 666 641 majora
684 569 812 628 efficiatt.
836 571 1032 630 Diitiotrltatem
1043 572 1073 628 in
1084 570 1137 628 hoc
1154 569 1302 628 consistere
1321 567 1394 640 dicit,
1413 570 1503 641 „quod
1520 569 1622 628 lentem
1675 585 1678 600 ·

278 655 366 711 altera
383 667 462 727 parte
481 674 629 716 conseram
647 665 778 716 remotam
791 677 808 714 a
819 668 921 729 puncto
940 675 1090 717 concursus
1107 657 1244 716 radiorum
1262 673 1323 716 esse
1343 659 1440 719 debere
1452 659 1623 716 demonstras

276 751 358 812 atque
377 745 449 814 adeo,
463 748 554 818 magui
572 748 666 804 circuli
684 747 845 818 capiundum
862 733 1075 814 convexitatem,
1093 753 1122 800 et
1138 751 1170 801 ut
1186 747 1215 802 in
1232 754 1334 817 puncto
1353 763 1407 804 uuo
1425 748 1495 806 radii
1512 745 1623 802 refracti

275 834 381 900 coeant,
399 832 577 902 hyperbolum
596 836 697 890 assumi
716 843 857 905 oportere;
877 852 958 905 quam
977 835 1058 894 nulla
1067 851 1134 912 pura
1147 835 1257 902 assequi
1269 835 1348 903 potui
1349 873 1439 892 .....
1466 834 1538 890 Juva
1549 849 1622 903 ergo,
1653 823 1655 827 ’

276 916 434 987 Imperator,
454 919 566 976 ductum
584 929 662 977 tuum
680 930 708 978 et
728 923 850 992 auspicia
873 931 995 979 secutum
1013 924 1041 978 iu
1060 922 1112 978 hac
1129 921 1285 978 mechanica
1308 929 1337 978 et
1354 923 1450 992 praxin
1469 921 1623 991 expeditam

274 1006 455 1074 praescribe“.
481 1009 647 1078 (Responsio
671 1011 782 1080 Keplcri
807 1011 997 1081 desideratur.)
1037 1010 1117 1066 Anno
1135 1011 1204 1068 1615
1223 1011 1274 1080 (18.
1293 1011 1365 1079 Jau.)
1389 1010 1461 1066 idem
1485 1009 1623 1065 Strableu·

275 1093 377 1148 dorfius
396 1095 500 1150 Vienna
523 1093 570 1153 dot
587 1097 719 1168 Keplero:
746 1100 854 1155 Literas
872 1099 1016 1156 Decembri
1039 1098 1074 1154 ad
1091 1114 1134 1154 sue
1157 1097 1234 1152 datas
1258 1114 1318 1153 cum
1339 1097 1408 1153 libro
1435 1096 1481 1167 (de
1498 1095 1623 1153 natalitio

276 1183 374 1251 anuo),
402 1190 430 1238 et
446 1185 613 1254 posteriores
640 1187 673 1242 de
692 1189 733 1243 il.
751 1188 814 1244 Jau.
840 1193 914 1244 recte
938 1186 1040 1256 accepi
1055 1227 1062 1242 .
1076 1225 1083 1241 .
1097 1227 1125 1243 ..
1161 1185 1345 1254 iampridem
1369 1184 1402 1239 ad
1421 1182 1624 1255 Nelliugensem

275 1268 357 1325 istum
375 1273 530 1342 praesulem
554 1274 582 1330 iu
604 1276 716 1332 consilio
741 1283 835 1332 nostro
859 1293 908 1346 pro
932 1275 1017 1331 fratre
1041 1273 1203 1344 rescriptum
1227 1273 1389 1328 Caesareum
1412 1273 1549 1330 decretum
1571 1277 1623 1341 est,

277 1372 370 1413 serum
388 1359 456 1414 illud
482 1375 516 1417 au
533 1362 654 1432 praesuli
676 1363 812 1419 redditum
836 1363 945 1433 etquid
963 1363 1010 1418 ille
1033 1361 1216 1432 responderit,
1243 1359 1374 1416 nihildum
1393 1359 1527 1430 explorati
1545 1359 1625 1416 nobis

276 1451 327 1504 est.
352 1447 390 1501 ist
407 1452 498 1504 nmen
515 1449 543 1504 in
561 1450 613 1506 hoc
631 1451 770 1520 negotium
781 1451 903 1520 vertitur,
923 1450 966 1505 vel
978 1456 1008 1506 ut
1022 1450 1081 1519 ejus
1094 1447 1294 1517 excusationes,
1314 1449 1337 1502 si
1349 1449 1519 1516 quasjustas
1531 1449 1624 1518 habet,
1676 1491 1680 1500 .

277 1534 403 1602 sommus,
422 1536 472 1604 vel,
492 1537 514 1592 si
533 1536 658 1607 injustas,
676 1536 841 1606 rejiciamus.
866 1537 956 1608 Opera
968 1553 1029 1594 mea
1041 1553 1096 1592 nou
1114 1535 1210 1606 deerit,
1229 1553 1284 1592 non
1302 1535 1349 1590 illa
1361 1534 1458 1605 solum,
1477 1551 1625 1605 quaquos·
1673 1535 1678 1545 '

276 1620 317 1676 sis
333 1621 447 1678 miseros
465 1625 583 1678 muneris
601 1625 707 1680 ratione
725 1632 753 1680 et
770 1639 829 1680 meo
849 1624 975 1696 privatim
993 1623 1095 1680 adactu
1113 1623 1272 1692 amplector,
1296 1636 1388 1676 verum
1405 1631 1433 1676 et
1449 1621 1505 1690 illa,
1524 1637 1579 1690 qua
1596 1621 1626 1676 iu

276 1706 423 1766 amicorum
441 1710 525 1775 rebus
543 1709 677 1768 sollicitus
696 1729 766 1782 sum,
783 1713 812 1768 iu
830 1712 930 1782 quibus
948 1710 1099 1766 studiorum
1117 1717 1144 1766 et
1155 1709 1276 1766 veritatis
1289 1727 1371 1782 amor,
1390 1728 1470 1781 quem
1487 1713 1514 1766 iu
1527 1711 1627 1768 studiis

277 1795 332 1850 tuis
350 1811 531 1868 recognosco,
556 1805 583 1854 te
607 1800 672 1853 mihi
694 1801 872 1856 consecravit.
892 1829 925 1840 -
944 1798 1108 1854 Harmonice
1130 1805 1178 1853 tus
1196 1801 1264 1854 scito
1282 1813 1325 1854 me
1350 1805 1516 1868 exspectare.
1554 1799 1628 1867 Quid

277 1882 369 1938 enim?
382 1902 417 1939 an
426 1885 590 1942 harmonicis
600 1887 674 1942 hisce
687 1887 857 1958 temporibus
870 1888 1005 1944 mentibus
1017 1885 1118 1940 nostris
1131 1869 1274 1954 exag'itatis
1286 1887 1378 1957 potius
1387 1886 1554 1966 delinificum
1568 1889 1626 1944 sit?

382 1971 458 2039 Quae
479 1973 712 2030 Strahlendorfius
731 1976 764 2030 de
782 1975 867 2030 fratre
886 1974 997 2044 Kepleri
1015 1979 1043 2028 et
1063 1973 1232 2042 Nelliugcusi
1250 1973 1376 2042 praesule
1393 1973 1469 2039 dicit,
1493 1973 1535 2033 his
1553 1974 1627 2030 forte

279 2057 458 2128 explicentur.
494 2060 630 2130 Keplerns
657 2061 738 2117 vitam
761 2049 852 2119 fratris
871 2062 982 2118 lleurici
1000 2063 1065 2130 (nat.
1086 2062 1152 2116 1573
1172 2060 1198 2116 d.
1220 2059 1260 2116 ll.
1277 2060 1354 2128 iulii)
1376 2059 1448 2114 inter
1470 2061 1628 2116 nativitates

275 2144 393 2200 familiae
412 2145 452 2202 sio
475 2146 617 2204 describit:
643 2145 677 2204 lu
701 2151 794 2223 prima
823 2151 922 2208 statim
941 2148 1098 2223 juventute
1127 2145 1308 2222 epilepticus,
1332 2161 1385 2204 uec
1407 2147 1528 2218 mirum,
1559 2161 1626 2204 cum

276 2248 333 2289 nou
357 2237 444 2290 natus
466 2231 517 2290 sod
531 2249 682 2292 excussus
703 2238 751 2296 sit.
795 2234 890 2295 Mater
912 2234 1033 2293 fulmins
1056 2235 1157 2294 territa
1180 2232 1266 2290 simul
1288 2233 1415 2309 peperit,
1438 2231 1526 2290 simul
1547 2231 1626 2294 lecto

276 2317 393 2380 desiliit.
417 2318 590 2396 (Dubitatur
613 2321 648 2380 de
666 2321 729 2398 dio;
755 2328 805 2386 12.
821 2329 1005 2396 annotatum,
1027 2330 1058 2381 at
1080 2336 1115 2381 eo
1140 2320 1186 2380 die
1202 2319 1274 2378 nihil
1289 2322 1318 2376 in
1335 2318 1428 2392 coelo,
1452 2319 1530 2394 quod
1547 2323 1628 2379 toui-

275 2415 339 2466 trua
362 2407 459 2466 cieret.
505 2407 562 2467 Die
586 2425 655 2468 vero
681 2415 730 2470 13.
751 2411 865 2472 sextilis
885 2409 923 2486 Θ
943 2405 978 2492 'll
996 2417 1105 2482 aestus,
1131 2425 1167 2474 σο
1185 2403 1227 2488 OE
1250 2415 1273 2477 ἆ
1296 2401 1627 2488 §vehementissimam

276 2502 479 2571 tempestatem
503 2497 629 2558 excitare
652 2505 775 2574 poterat,
800 2515 876 2574 quae
898 2495 1000 2575 procul
1023 2496 1114 2556 dubio
1137 2496 1167 2552 in
1183 2505 1298 2556 noctem
1314 2501 1484 2571 sequentem
1501 2495 1626 2572 incidit.)

276 2583 360 2640 Aorno
387 2587 468 2642 1578
492 2582 595 2642 recidit
617 2585 646 2644 in
668 2587 823 2661 pristinum
845 2586 991 2660 morbum,
1021 2601 1110 2661 saepe
1134 2586 1223 2644 enimi
1248 2583 1375 2658 deliquio
1398 2591 1548 2658 correptus
1572 2589 1626 2657 est,

274 2687 362 2746 saepe
379 2668 531 2730 durissime
547 2687 650 2732 caesus
666 2691 683 2732 a
699 2674 877 2750 parentibus,
894 2675 1066 2750 saepissime
1084 2670 1206 2731 vulnera
1222 2670 1358 2746 impulsu,
1371 2671 1463 2746 jactu,
1478 2687 1497 2728 a
1514 2670 1625 2742 bestiis,

275 2775 354 2830 casu,
386 2757 556 2818 verberibus
586 2763 710 2837 accepit.
755 2761 879 2820 Domum
911 2761 940 2818 iu
973 2759 1198 2837 perditissimam
1229 2759 1357 2818 scabiem
1385 2755 1516 2834 relapsus
1545 2759 1627 2817 varie

275 2854 326 2904 aut
348 2845 521 2920 aegrotabat
544 2853 596 2906 aut
617 2847 756 2924 fricabat,
780 2849 847 2909 indo
871 2849 908 2908 ab
932 2864 1009 2909 antio
1026 2853 1076 2908 82.
1093 2864 1206 2923 semper
1221 2849 1346 2921 pessime
1369 2844 1501 2919 habitus,
1531 2844 1626 2905 hieme

227 2942 234 2964 i
274 2941 414 3009 sequente
443 2933 549 3012 frigore
576 2952 652 3010 pene
678 2937 796 2999 interiit.
841 2937 927 2995 Anno
951 2937 1002 2996 83.
1032 2943 1145 2995 aestate
1176 2935 1260 3012 aquis
1291 2949 1393 3010 parum
1424 2934 1526 2992 aberat
1555 2934 1626 3008 quin

190 3037 193 3044 ’
274 3021 472 3082 suffocaretur.
517 3021 650 3098 Sequuta
672 3032 716 3084 est
739 3043 765 3085 a.
790 3029 840 3087 85.
865 3023 959 3086 dextri
981 3022 1092 3083 brachii
1115 3039 1201 3082 mors.
1240 3022 1392 3081 Acoeti.
1417 3019 1532 3079 cuidam
1557 3029 1626 3079 ton·

274 3110 332 3169 sori
355 3111 498 3185 pancario
515 3110 637 3170 traditus
661 3119 782 3172 stanno
806 3114 941 3187 sequenti
956 3111 1069 3187 pistori,
1093 3117 1126 3168 nt
1140 3109 1290 3185 opificium
1304 3107 1483 3182 addisceret,
1509 3107 1626 3190 ubiille

273 3199 388 3256 iuterim
410 3201 583 3273 aegrotavit,
608 3199 760 3260 durissime
775 3201 886 3272 serviit,
910 3198 1063 3258 crudeliter
1085 3215 1174 3274 saepe
1192 3195 1353 3273 vapulavit
1387 3195 1474 3254 Anno
1489 3201 1541 3256 89.
1560 3213 1626 3255 cum

276 3292 357 3363 pater
372 3287 427 3360 ipsi
444 3284 641 3346 uenditionem
657 3289 822 3360 minaretur,
839 3287 953 3362 aufugit
969 3293 998 3347 et
1013 3285 1086 3344 abiit
1102 3287 1130 3343 in
1147 3284 1305 3357 Austriam,
1324 3284 1373 3343 ubi
1390 3284 1472 3342 initio
1488 3285 1558 3342 anui
1573 3290 1623 3344 90.

276 3373 416 3452 aepnlysq
439 3373 539 3446 semel,
563 3373 629 3432 dein
652 3377 737 3451 aquis
761 3374 797 3434 de
820 3376 881 3434 vita
903 3371 1083 3450 periclitatus
1106 3381 1160 3446 est,
1183 3389 1247 3433 cum
1259 3371 1322 3448 jam
1345 3370 1494 3429 dimidium
1516 3389 1625 3431 annum

276 3461 378 3537 pistori
402 3476 520 3536 operam
544 3460 683 3524 dedisset.
726 3460 766 3522 Ut
788 3461 939 3521 convaluit
967 3463 1087 3522 ineunte
1116 3467 1243 3533 assate,
1267 3457 1480 3533 Stelaingorum
1503 3459 1625 3520 militem

277 3547 401 3623 adeptus
428 3549 502 3606 abiit
533 3550 562 3607 in
589 3549 715 3610 confinia
744 3549 868 3610 Turoioa
898 3550 999 3626 ibique
1029 3547 1179 3608 dimidium
1209 3549 1276 3606 anui
1307 3546 1479 3624 famulatum
1509 3556 1625 3607 strenue

276 3636 422 3707 esuriens,
454 3652 519 3694 oum
548 3637 649 3696 herum
672 3639 819 3697 amisisset
841 3639 870 3695 in
894 3635 1023 3714 proelio,
1052 3637 1129 3695 circa
1153 3633 1343 3704 bacchanalia
1372 3634 1440 3692 anni
1465 3637 1515 3696 91.
1539 3633 1626 3694 rediit

278 3723 425 3782 Viennam
447 3723 547 3800 ibique
570 3741 621 3800 per
644 3724 795 3785 dimidium
819 3743 927 3785 annum
950 3732 1038 3786 cantu
1062 3739 1209 3800 operaque
1231 3723 1353 3797 pistoria
1369 3723 1477 3780 victum
1500 3723 1625 3798 paravit,

278 3829 344 3872 oum
368 3828 434 3870 eum
457 3812 485 3868 iu
509 3829 594 3870 snum
617 3813 793 3873 famulitium
823 3815 929 3873 ascivit
951 3809 1067 3871 Nobilis
1091 3831 1109 3870 a
1132 3810 1261 3870 Groowic
1285 3807 1444 3867 Bohemus.
1491 3806 1625 3884 Quocum

276 3899 326 3958 ille
350 3897 445 3959 hieme
469 3905 615 3959 transacta
639 3900 734 3960 Lincii
755 3907 823 3961 aute
846 3899 1039 3959 bacchanalia
1060 3898 1132 3958 iebri
1157 3903 1305 3973 correptus
1329 3896 1502 3982 (ibiuempe
1518 3898 1627 3956 transi·

275 3986 360 4061 bant)
384 4005 402 4046 a
425 3985 542 4046 domino
566 3987 716 4049 deseritur.
754 3988 873 4047 Exactis
897 3991 1025 4064 quinque
1048 3987 1219 4063 septimanis
1242 4001 1307 4042 oum
1329 4001 1387 4043 non
1410 3984 1517 4044 rediret
1539 3985 1626 4044 herus

275 4074 393 4134 domum
417 4077 562 4151 spectavit
585 4091 711 4152 moxque
734 4094 752 4135 a
775 4076 930 4136 comitibus
953 4077 983 4134 in
1005 4075 1071 4134 loco
1094 4070 1339 4149 Schlegelleiitten
1371 4070 1447 4130 dicto
1480 4072 1625 4149 spoliatos

276 4171 306 4222 et
328 4162 513 4233 vulneratus,
546 4161 720 4222 Passavium
744 4181 836 4238 usque
859 4165 992 4240 pervenit
1015 4163 1113 4238 ibique
1143 4167 1255 4236 septem
1278 4160 1504 4238 septimanarum
1528 4161 1625 4236 spatio

277 4257 393 4310 curatus
416 4257 461 4308 est
484 4251 512 4306 in
536 4247 683 4325 hospitali.
722 4249 833 4309 Rursus
857 4249 973 4309 cuidam
986 4249 1086 4310 Nobili
1101 4247 1276 4306 Ehrenreich
1300 4263 1331 4306 se
1354 4245 1475 4320 addixit,
1499 4264 1625 4323 quocum

276 4337 326 4397 ilie
349 4334 541 4397 mendicando
559 4339 722 4412 Augustam
740 4337 958 4397 vindelicorum
982 4353 1075 4413 usque
1099 4337 1239 4412 pervenit,
1263 4333 1330 4394 inde
1354 4332 1490 4395 abdicato
1507 4335 1624 4394 domino

276 4424 393 4498 demum
415 4422 501 4483 rediit
524 4432 636 4484 aestate
659 4427 726 4482 anci
752 4431 801 4483 92.
833 4423 936 4500 Spatio
959 4433 1106 4484 menstruo
1124 4429 1332 4482 commentust
1349 4424 1624 4498 vestitusiraegre

277 4513 430 4589 impetrato
453 4513 482 4568 in
498 4511 732 4572 Marchionatum
748 4510 896 4570 descendit
911 4515 1068 4587 statimque
1085 4509 1199 4569 cuidam
1216 4507 1352 4584 signifero
1370 4525 1487 4584 operam
1504 4509 1625 4572 addixit.

259 4598 333 4674 ,Per
354 4599 479 4659 hiemem
507 4602 583 4660 circo
608 4600 831 4675 Argentoratum
862 4595 1000 4674 tympano
1024 4597 1125 4658 ludere
1155 4597 1270 4668 didicit,
1299 4594 1449 4672 semelque
1471 4614 1489 4655 a
1512 4595 1625 4655 hotha-

278 4687 370 4760 ringio
402 4694 504 4763 captus
535 4690 611 4746 intra
638 4684 833 4763 quadriduum
863 4684 1003 4745 liberatus
1035 4693 1087 4746 ost.
1142 4686 1226 4744 Anno
1251 4690 1300 4744 93.
1334 4690 1401 4743 ante
1435 4682 1626 4743 bacchanalia

278 4769 449 4846 Mogontiae
465 4777 674 4851 (exauctoratis
690 4772 843 4851 militibus)
859 4776 973 4833 transiit
989 4772 1026 4834 ad
1042 4775 1239 4834 centurionem
1255 4771 1351 4845 Koch,
1371 4787 1463 4848 aquo
1479 4771 1625 4847 stipendio

277 4861 422 4942 promisso
446 4861 596 4926 descendit
619 4865 648 4922 in
662 4863 807 4940 Belgium.
853 4861 915 4922 Neo
937 4860 988 4921 dio
1011 4862 1052 4921 ibi
1074 4868 1268 4922 commoratus
1291 4859 1409 4938 lugetur
1430 4875 1497 4918 cum
1519 4861 1626 4920 suiset
