3588 5540
241 369 307 444 epp
400 358 402 366 '
766 368 832 427 vro
848 366 965 426 eornm
982 363 1105 440 uepres.

240 550 412 614 monitionis
434 565 525 612 censs
547 547 628 626 dioc,
660 555 693 612 ut
715 549 793 612 idem
815 550 967 628 continget
989 547 1234 628 wirtembergisc
1264 552 1294 610 et
1315 547 1479 624 smoniae,
1512 548 1590 627 qnod

240 656 335 718 nuper
355 637 539 700 Palatinatui
560 638 720 716 Neoburgi,
745 637 824 715 quod
846 638 1007 712 Murchiee,
1031 636 1110 715 quod
1134 636 1242 698 dudum
1265 642 1296 697 et
1309 638 1489 698 Pulctinetui
1504 638 1591 700 Elec·

241 727 328 789 torali
351 727 515 803 ceterisque
539 725 686 787 ecclesiis:
717 734 787 788 tunc
808 725 929 789 afflictio
952 725 1143 806 deretlrobis
1165 725 1344 787 intellectum
1367 725 1523 786 multarum
1544 743 1592 788 re·

239 833 319 890 rum,
352 831 430 892 qunc
452 831 531 874 nunc
552 819 621 875 sunt
643 813 835 874 absconditae
866 815 905 874 eb
928 811 1021 874 oculis
1039 811 1205 889 juventutis
1227 820 1358 888 vestroe,
1381 817 1410 872 in
1433 816 1591 876 ministerio

240 902 462 966 succrescentis.
507 901 592 962 Tunc
618 901 766 963 audiretur
796 901 847 962 iile
875 901 918 962 M.
942 901 1104 971 Antonius,
1134 900 1289 976 divinitus,
1320 909 1353 962 ut
1374 902 1446 962 mihi
1468 902 1592 974 ridetur,

139 995 143 1006 “
239 992 428 1064 summissus,
460 994 492 1050 ut
514 991 553 1048 sit
575 990 783 1051 inexcusabilis
807 983 966 1050 Germania
1001 997 1066 1066 post
1093 987 1169 1048 benc
1197 990 1403 1050 visitationem.
1449 987 1527 1050 Satis
1557 988 1591 1050 de

109 1125 112 1135 .
239 1079 296 1140 bec
327 1077 494 1152 hermoula,
526 1078 556 1136 iu
591 1095 650 1154 que
682 1077 754 1136 mihi
785 1077 861 1138 laico
889 1076 960 1136 solis
985 1076 1130 1154 'precibus
1163 1075 1251 1136 video
1289 1075 1493 1140 laborandum.
1547 1077 1592 1136 Dc

180 1187 182 1191 ·
242 1166 406 1228 Harmonia
428 1166 624 1226 astronomica
647 1164 721 1224 nibil
743 1166 859 1239 scribo,
889 1166 946 1224 nisi
970 1161 1049 1240 quud
1072 1163 1189 1224 titulum
1212 1162 1260 1224 bic
1289 1165 1355 1224 iibri
1379 1167 1473 1242 quinti
1495 1167 1590 1224 mitto:

241 1255 270 1314 iu
296 1254 374 1314 bunc
397 1255 474 1314 euim
497 1269 583 1314 usuru
606 1251 722 1328 sliquos
745 1253 800 1314 ieci
823 1250 1003 1330 superfluos,
1032 1257 1065 1310 ut
1095 1249 1201 1310 librum
1224 1259 1325 1312 notum
1354 1251 1477 1314 iacerem
1501 1252 1593 1332 pluri·

242 1358 368 1418 mosque
391 1339 429 1401 ad
453 1340 517 1418 ejus
539 1340 696 1400 lectionem
718 1342 883 1400 incitarem.
921 1339 1006 1414 Rogo
1029 1339 1128 1414 igitur,
1152 1337 1203 1399 des
1226 1339 1403 1418 exemplaria
1426 1339 1594 1416 bibliopolis

239 1431 346 1492 vestris
370 1428 517 1506 affigenda
549 1430 577 1485 in
601 1427 767 1507 propatulo.
816 1427 862 1488 Da
884 1427 931 1488 hia
960 1425 1076 1485 duabus
1105 1426 1263 1486 harmoniis
1286 1435 1318 1488 ut
1340 1427 1375 1489 R.
1399 1427 1465 1488 Tus
1486 1426 1524 1488 ad
1546 1446 1594 1490 me

237 1518 356 1590 scribat,
379 1533 437 1576 non
461 1516 616 1578 ambitiose
632 1517 835 1594 importunam
850 1513 1039 1590 contendam3
1063 1516 1217 1590 acquiesco
1241 1515 1481 1588 indistinctione,
1504 1533 1592 1594 quam

226 1604 275 1666 'R
296 1604 365 1665 Tus
386 1603 456 1666 fecit
477 1605 553 1664 inter
574 1621 621 1664 mc
643 1603 883 1664 mathematicum
899 1610 929 1662 ct
944 1619 991 1662 me
1014 1601 1192 1678 theologum,
1215 1619 1270 1664 nec
1291 1602 1369 1664 huuc
1392 1602 1506 1662 titulum
1521 1603 1592 1663 mibi

195 1753 196 1758 ,
238 1691 366 1764 vindico,
390 1708 445 1754 nec
467 1697 500 1752 ut
521 1691 560 1752 sd
581 1693 772 1770 praemissam
795 1691 982 1752 inamoenum
1005 1689 1146 1770 epistolae
1162 1697 1272 1770 partem
1295 1689 1478 1770 respondeat,
1501 1709 1591 1770 urgeo

258 1779 424 1846 crttmctcr.
1478 1777 1482 1784 '

237 1799 257 1860 p
343 1867 484 1947 Superest
504 1883 576 1928 vero
599 1867 686 1926 tertia
714 1882 782 1932 mea
803 1864 967 1927 Hermonis
989 1864 1232 1942 Euangeliorum,
1265 1883 1353 1946 quern
1376 1865 1412 1926 R.
1435 1864 1470 1926 Τ.
1494 1883 1592 1928 coram
1635 1897 1643 1920 r

238 1953 353 2018 ostendi
377 1953 663 2034 pervolvendnmque
694 1951 778 2028 dedi,
807 1953 940 2014 recensui
970 1954 1059 2014 ettam
1081 1961 1231 2026 oretenus,
1262 1953 1333 2030 quid
1357 1955 1385 2012 in
1410 1971 1446 2016 ca
1467 1957 1593 2033 praesti·

238 2045 333 2106 terim.
378 2042 425 2104 De
449 2059 485 2103 cs
506 2041 649 2120 significo,
672 2040 766 2100 videri
788 2040 860 2100 mihi
882 2057 973 2119 penes
988 2039 1024 2102 il.
1040 2040 1075 2102 Τ.
1091 2042 1178 2101 situm
1202 2059 1275 2117 csse,
1297 2051 1332 2102 ut
1354 2041 1405 2102 iila
1424 2043 1472 2102 hic
1485 2031 1590 2120 Lincii,

238 2130 417 2210 pedetentim
440 2128 665 2192 antecedentibus
694 2129 791 2208 operis
815 2127 991 2206 typographi
1013 2130 1120 2204 nostri,
1152 2145 1209 2189 nou
1233 2129 1305 2190 satis
1328 2129 1425 2190 adhuc
1446 2133 1589 2206 instructi,

237 2221 331 2296 possit
354 2218 470 2279 excudi.
514 2217 567 2277 Est
588 2215 722 2277 Viennae
746 2216 881 2276 Austrise
905 2223 1011 2285 coetus
1038 2231 1224 2292 numerosus,
1256 2225 1333 2278 essct
1360 2219 1430 2295 ipsis
1453 2218 1591 2279 facillima

238 2307 416 2368 contributio
436 2304 477 2368 sd
500 2303 567 2366 iibri
590 2301 753 2366 accubendi
775 2311 889 2364 sumtus
912 2320 1006 2380 eaque
1023 2321 1103 2365 erne
1125 2321 1183 2364 non
1208 2306 1315 2382 petitur
1337 2305 1424 2385 pinno
1446 2308 1589 2383 gratuito:

237 2395 309 2472 quin
331 2395 444 2473 potius,
475 2393 546 2469 quia
567 2389 776 2478 bibliothecam
805 2390 849 2450 illi
877 2389 979 2470 procui
1001 2389 1090 2451 dnbio
1113 2392 1269 2470 colligunt,
1299 2395 1392 2452 omnis
1418 2411 1592 2472 repraesen-

238 2487 303 2542 tsta
325 2483 451 2559 pecunia
472 2478 673 2542 retunderetur
694 2481 766 2557 ipsis
790 2481 819 2538 iu
842 2479 925 2538 libris
948 2481 1093 2557 expetitis,
1116 2479 1205 2556 idque
1227 2483 1320 2564 pretio
1343 2481 1590 2542 Francoiurdauo.

238 2567 326 2638 Esset
349 2569 405 2646 ipsi
427 2571 515 2632 etism
532 2569 628 2628 coetui
649 2565 811 2627 honorifice
824 2569 969 2646 promotio
992 2566 1080 2643 hujus
1104 2569 1216 2646 operis,
1239 2568 1381 2630 ecclesiae
1404 2568 1593 2645 evangelicae

239 2653 422 2718 Harmonice
445 2655 682 2731 Evangeliorum.
727 2653 773 2716 Dc
801 2654 859 2714 hec
880 2671 911 2714 rc
935 2671 1000 2714 cum
1031 2671 1123 2734 nuper
1150 2673 1244 2716 essem
1268 2655 1385 2716 locutus
1409 2657 1444 2721 D.
1468 2655 1591 2718 Miiber-

237 2760 307 2822 gero
323 2743 439 2804 Pastori
454 2745 485 2802 in
498 2741 640 2803 Herrnnls
659 2748 736 2818 (erce
754 2746 905 2818 inerperi),·
924 2743 1038 2804 censuit
1052 2741 1087 2801 li.
1105 2743 1186 2804 Tuae
1203 2743 1482 2805 commendationem
1499 2744 1592 2823 pluri·

237 2849 318 2892 mum
343 2830 508 2892 valituram.
553 2831 659 2908 ltnque
680 2831 706 2890 si
728 2847 787 2891 nou
810 2833 972 2892 contemnis
1003 2830 1166 2909 exemplum
1190 2831 1483 2920 ecclesiacscteris,
1514 2850 1592 2908 quas

237 2918 314 2979 elius
335 2916 478 2980 haeretici
507 2920 632 2995 gnostici
655 2917 880 2980 Monotessuron
908 2923 937 2978 iu
961 2918 1060 2978 crebro
1091 2936 1145 2978 usu
1169 2918 1288 2994 babuit,
1318 2927 1351 2978 ut
1373 2920 1472 2981 videre
1495 2927 1540 2980 cst
1562 2923 1591 2978 in

236 3005 402 3068 Harmonia
423 3006 462 3066 D.
486 3005 657 3080 Chemnitii,
691 3007 768 3066 etsi
791 3006 846 3066 tibi
868 3005 925 3066 hae
948 3021 1101 3082 caprarum
1129 3005 1221 3084 pelles
1250 3005 1374 3068 idoneae
1396 3007 1532 3068 videntur
1554 3006 1592 3067 ed

238 3101 374 3156 ornatum
396 3095 570 3156 exteriorem
592 3092 789 3155 Tabernaculi
811 3093 885 3154 Dei:
917 3091 1080 3172 gmtiiicare
1103 3095 1224 3156 obsecro
1255 3093 1405 3161 laboribus
1428 3097 1500 3156 meis
1525 3095 1591 3154 diu-

238 3183 309 3242 tinis
331 3175 547 3260 epistolamque
569 3178 608 3242 ad
631 3187 772 3256 rectores,
802 3188 927 3254 tutores,
956 3183 1119 3258 antistites,
1149 3189 1312 3258 curatores,
1345 3183 1593 3262 eleemosynarios

238 3268 381 3332 ccclesiae
404 3268 594 3346 evangelicae
616 3269 644 3328 in
668 3267 809 3330 Hercunis
832 3275 985 3345 totumque
1016 3267 1090 3330 adeo
1119 3287 1224 3348 corpus
1246 3271 1311 3348 ejus
1340 3271 1450 3346 scribe,
1480 3272 1510 3331 in
1534 3287 1593 3348 qna

237 3356 397 3435 protessus,
420 3361 450 3418 ta
472 3373 492 3417 a
512 3373 559 3418 me
581 3364 716 3434 rogatum
740 3373 804 3418 esse
827 3358 1002 3418 sententiam
1024 3356 1158 3430 liberam,
1181 3375 1372 3436 quaecunque
1388 3360 1442 3419 tibi
1465 3357 1500 3420 de
1515 3367 1593 3420 tem-

237 3461 343 3522 porum
365 3443 556 3522 locorumque
579 3445 804 3504 circumstantiis
826 3443 1033 3506 mathematica
1057 3453 1085 3505 et
1107 3445 1246 3523 historica
1268 3464 1337 3506 oure
1359 3445 1442 3528 (quic
1456 3451 1592 3525 nusptem

119 3557 125 3572 ·
211 3549 295 3610 ,ugo
318 3537 576 3612 commentatorem
597 3531 784 3608 theologum)
815 3533 967 3610 exquisitis
990 3530 1182 3608 videbuntur,
1206 3531 1356 3611 deprome,
1380 3534 1481 3596 addite
1503 3536 1592 3596 ctiam

238 3621 389 3694 cautione,
409 3635 446 3689 ne
469 3619 647 3696 adjungetur
670 3619 869 3697 epistolatus
893 3621 983 3697 operi,
1007 3627 1125 3698 propter
1149 3628 1242 3682 certos
1265 3628 1429 3700 respectum
1453 3631 1591 3698 praeten-

238 3706 308 3768 dere
331 3709 407 3768 euim
429 3714 524 3783 potes,
548 3705 628 3784 quod
650 3714 695 3767 cst
716 3709 910 3781 verissimum,
934 3710 977 3770 sic
997 3707 1088 3784 istius
1103 3725 1236 3786 sparsum
1259 3711 1294 3768 iri
1309 3709 1487 3786 exemplaria
1502 3713 1591 3772 ctiam

236 3797 313 3856 inter
335 3794 502 3873 pontificios
524 3800 554 3855 et
575 3797 605 3854 in
628 3797 734 3855 exteris
756 3796 942 3871 regionibusp
963 3802 1004 3866 ¹at
1025 3813 1122 3858 meum
1154 3796 1202 3856 hic
1224 3799 1412 3874 praecipuum
1436 3799 1590 3861 consilium

235 3883 294 3946 hoc
316 3890 368 3956 est,
392 3900 430 3944 ne
451 3881 486 3944 R.
512 3881 548 3942 Τ.
571 3882 647 3942 mele
670 3881 774 3944 aaudiat
788 3901 807 3945 s
823 3882 944 3960 collegis
966 3884 1028 3942 suia
1051 3885 1080 3943 iu
1104 3883 1235 3958 ecclesiis
1257 3887 1463 3963 superioribus,
1486 3889 1511 3946 si
1533 3885 1591 3947 ho·

219 4017 220 4020 ,
236 3973 324 4035 minis
337 3971 466 4048 suspecti
482 3971 510 4028 iu
527 3969 679 4046 religione,
703 3970 800 4048 qualis
822 3989 887 4032 sum
909 3971 1091 4050 prohdolor,
1115 3989 1189 4049 opus
1205 3971 1461 4034 commendaverit.
1501 3973 1589 4051 Apud

236 4064 318 4138 ipsos
340 4059 523 4120 Viennenses
545 4058 619 4120 nihil
641 4058 701 4120 isle
724 4058 911 4120 metuendum
934 4067 988 4134 cat,
1010 4059 1113 4121 tarent
1128 4062 1204 4120 enim
1226 4061 1307 4135 mihi,
1331 4061 1382 4139 qui
1404 4078 1451 4121 ma
1474 4073 1595 4122 norunt.

237 4145 393 4208 Paradoxe
423 4163 500 4223 quse
528 4147 629 4208 insunt
657 4147 878 4223 chronologica,
910 4165 946 4208 ee
972 4155 1041 4208 sunt
1062 4147 1137 4210 hoec
1158 4148 1232 4221 sere,
1261 4152 1287 4210 si
1314 4148 1389 4210 torte
1415 4149 1523 4210 obiitus
1547 4167 1589 4211 es.

237 4235 352 4298 tistulis
381 4233 493 4296 Christi
518 4236 721 4314 quinquennio
751 4235 894 4296 maturior
925 4251 994 4296 acre
1024 4244 1132 4297 nostre.
1183 4236 1300 4298 Pascha
1328 4236 1498 4318 pessioncle
1531 4255 1589 4300 non

238 4329 268 4392 a.
293 4322 405 4402 Aprilis
427 4319 480 4382 sed
504 4327 554 4384 25.
578 4321 693 4397 Martii,
727 4323 844 4384 biennio
875 4329 945 4384 ante
977 4340 1065 4399 quam
1095 4323 1183 4386 hodie
1206 4330 1423 4402 computamus,
1447 4342 1488 4385 sc.
1511 4343 1589 4386 anno

239 4428 327 4474 serae
349 4409 510 4472 bodlcmee
534 4416 585 4470 til.
609 4409 805 4472 Ministerium
829 4409 937 4472 Christi
959 4410 1119 4478 secundum
1142 4413 1339 4492 Epiphanium
1367 4415 1437 4472 anui
1460 4419 1478 4473 2
1501 4413 1589 4474 solidi

239 4515 305 4560 curn
329 4497 492 4575 quadrante
524 4503 577 4560 ant
599 4515 665 4560 curn
687 4499 820 4559 semestri
843 4499 884 4572 (si
905 4499 1069 4576 baptismus
1092 4498 1200 4560 Christi
1222 4503 1252 4560 iu
1275 4507 1417 4562 sutumuo
1447 4503 1589 4577 contigis-

237 4584 305 4663 set).
342 4583 415 4646 Post
429 4584 615 4647 traditionem
631 4585 766 4660 Joennis,
789 4587 861 4648 item
882 4593 950 4664 post
972 4587 1192 4664 inquisitionem
1214 4586 1465 4668 eJerosolymitis
1480 4589 1588 4650 iactam

236 4673 267 4732 iu
290 4671 455 4750 Bnptiatsm
477 4679 507 4734 et
527 4675 572 4734 sic
589 4681 658 4750 post
679 4675 780 4752 iugem
795 4671 931 4748 Joannis,
956 4692 1015 4751 que
1036 4691 1069 4734 se
1085 4691 1105 4735 a
1119 4674 1251 4737 Jordana
1273 4675 1414 4738 subduxit
1435 4677 1465 4734 in
1488 4676 1589 4738 deser-

237 4765 300 4820 tum
322 4759 422 4834 Euan,
451 4777 488 4822 cx
510 4759 621 4822 ditione
642 4760 769 4824 Herodis
794 4759 899 4839 Vulpis
922 4764 952 4820 iu
975 4761 1116 4824 ditionem
1138 4763 1282 4844 Philippi,
1306 4771 1397 4824 uxore
1418 4762 1588 4828 Herodiede

237 4845 359 4930 spoliptt
381 4863 400 4910 a
421 4845 525 4926 tratre,
547 4857 617 4928 post
638 4848 715 4918 hauc
737 4852 858 4930 tnqnsrn
878 4848 1091 4928 proditionem,
1114 4859 1183 4933 post
1205 4851 1328 4922 insidiet
1349 4849 1461 4923 ioanni
1482 4851 1589 4936 Beni*
