3662 5544
297 391 362 463 818
811 397 876 456 Vita
893 382 1008 454 loannis
1026 367 1148 470 llcplcri.

295 569 353 632 tuit
374 571 482 648 virgini
505 574 534 632 et
556 571 642 630 metri
671 589 738 634 meu
767 577 886 652 petitio,
918 577 971 638 sed
1000 579 1070 656 quia
1099 576 1157 638 sibi
1186 576 1357 640 metuebant
1379 595 1397 638 a
1419 577 1508 656 priori
1530 587 1647 652 sponso,

296 659 365 720 ideo
397 675 492 720 meam
520 661 692 735 petitionem
721 661 885 738 rejecemnt
915 665 954 726 ad
984 665 1133 726 dominum
1163 667 1269 744 prioris
1299 668 1415 743 sponsi,
1446 667 1491 726 cui
1515 663 1564 722 ille
1587 669 1648 722 crat

296 763 450 826 praesens.
495 745 588 824 Atqui
611 765 667 825 ego
691 749 729 809 ab
751 750 804 812 illc
828 751 947 812 domino
978 753 1079 814 literas
1107 753 1254 814 habebam
1283 752 1551 814 commendatitias:
1584 751 1648 827 quis

297 835 382 897 aliter
405 834 501 894 dicere
523 836 682 911 potuisset,
714 840 784 916 quin
814 840 888 902 baec
910 842 1031 918 sponsio
1059 849 1124 902 rata
1146 843 1244 902 lutura
1272 841 1385 902 luerit?
1421 839 1508 917 Quod
1530 839 1579 898 hic
1601 835 1649 896 vel

295 941 395 984 meum
417 925 540 997 uitium,
570 923 619 984 vel
642 927 797 986 consilinm
819 927 875 989 Dei
907 931 936 987 in
958 930 1153 1006 permittendo
1183 930 1240 989 boc
1261 927 1414 990 ludibrio?
1450 928 1562 1004 Impius
1585 927 1649 998 eim,

296 1014 323 1072 si
346 1012 385 1072 ad
407 1018 486 1072 astra
509 1014 567 1070 ista
588 1011 721 1086 referam,
745 1032 821 1091 quae
844 1016 926 1076 nullo
948 1033 1044 1093 neque
1059 1024 1183 1078 naturae
1197 1016 1316 1078 uinculo
1339 1033 1435 1094 neque
1457 1033 1523 1076 meo
1539 1030 1649 1075 eucne-

296 1107 372 1176 rnnt,
395 1107 448 1159 aut
470 1099 508 1158 ab
531 1103 618 1159 usmis
648 1119 726 1161 nexa
751 1111 829 1163 eunt.
873 1105 1034 1164 Fortunam
1058 1112 1128 1166 vcro
1159 1109 1308 1180 incusare,
1341 1113 1386 1166 est
1414 1111 1492 1164 certo
1521 1099 1648 1178 quodam

296 1203 403 1265 genere
426 1190 568 1247 sermonis
591 1190 643 1262 uti,
668 1188 706 1248 ad
728 1188 785 1250 hoc
807 1209 899 1251 nuum
922 1191 1154 1268 significandum,
1178 1193 1336 1252 ludibrium
1360 1193 1558 1252 beccensem
1581 1188 1649 1247 nul-

212 1309 216 1324 ·
296 1276 355 1336 hm
377 1276 495 1336 babere.
541 1274 727 1353 Quanquam,
750 1280 775 1336 si
799 1297 899 1342 uerum
922 1281 1095 1356 excutimus,
1120 1288 1152 1342 ut
1175 1297 1265 1342 cause
1287 1279 1405 1344 ludibrii
1428 1279 1510 1339 nulla
1530 1284 1584 1350 cst,
1607 1279 1650 1335 sic

296 1363 456 1424 ludibrium
478 1364 576 1439 ipsum
598 1367 687 1424 etiam
710 1364 783 1426 nihil
806 1373 859 1428 est.
904 1367 979 1427 Nam
1003 1371 1070 1445 quie
1092 1385 1183 1428 sanus
1206 1385 1252 1428 me
1276 1369 1343 1428 iden
1368 1363 1575 1428 contemserit?
1612 1363 1651 1423 Et

297 1459 396 1526 tamen
418 1457 487 1510 sont
507 1453 538 1508 in
560 1454 719 1530 gynaeccis
741 1455 846 1515 insana
868 1463 897 1516 ct
912 1457 1050 1515 morbosa
1065 1459 1172 1534 capita,
1197 1473 1273 1532 quae
1289 1455 1367 1516 huuc
1382 1473 1483 1515 casum
1498 1455 1529 1513 in
1545 1469 1650 1512 nume-

297 1555 361 1600 rum
383 1540 565 1615 repulsarum
588 1539 731 1600 scierunt:
762 1544 862 1620 itaque
885 1545 911 1602 si
933 1543 1092 1603 ludibrium
1117 1553 1170 1618 est,
1194 1545 1357 1621 imperitiae
1381 1541 1517 1616 debetur,
1549 1557 1607 1601 non
1632 1558 1651 1600 a

296 1645 344 1689 me
366 1634 489 1702 tantum,
512 1627 565 1686 scd
586 1627 624 1688 ab
648 1629 783 1690 omnibus
806 1649 842 1692 ar
864 1647 960 1708 aequo
988 1631 1166 1708 bominibus.
1212 1629 1324 1707 Quodsi
1354 1629 1475 1691 accedet
1504 1647 1570 1690 mea
1593 1633 1650 1687 im-

295 1717 428 1795 potentia
451 1717 540 1776 animi
570 1722 621 1774 aut
650 1717 836 1779 imbecillitas
856 1718 961 1794 judicii
985 1721 1013 1776 in
1036 1718 1225 1795 suscipienda
1252 1719 1301 1780 vel
1328 1717 1510 1781 aestimanda
1532 1719 1651 1777 sinistra

297 1804 422 1865 allorum
446 1802 482 1864 de
505 1821 551 1863 me
574 1803 807 1884 existimatione,
835 1806 897 1882 jam
928 1805 1012 1866 dolor
1041 1809 1172 1884 sequitur
1196 1815 1225 1867 ct
1247 1808 1376 1868 turbatio
1403 1805 1590 1867 consiliorum
1614 1821 1651 1865 ex

295 1909 337 1970 re,
362 1907 438 1969 quae
460 1907 516 1951 sua
537 1898 644 1952 natura
665 1896 783 1970 penitus
807 1901 851 1954 est
874 1893 911 1954 dc
933 1893 1036 1955 nihilo.
1141 1939 1144 1947 2

401 1977 540 2056 Sequitur
563 1987 668 2056 quauta
691 1987 720 2040 et
743 1981 929 2042 Lincensium
952 1984 1055 2059 prima,
1079 1981 1115 2043 de
1139 1997 1198 2060 qua
1220 1983 1292 2043 satis
1315 1981 1426 2041 Illustri
1450 1979 1651 2042 Generositeti

296 2067 380 2128 Tuae
404 2075 520 2126 constat
542 2085 578 2127 ex
601 2071 696 2128 amico
718 2068 821 2144 relato,
845 2086 921 2147 quae
944 2087 1010 2130 cum
1032 2070 1126 2130 forma
1140 2073 1212 2130 satis
1227 2071 1478 2130 commendaretur
1495 2075 1524 2128 et
1539 2068 1652 2128 bones·

296 2163 357 2217 tate
383 2155 498 2230 matris,
530 2154 607 2216 laisa
633 2164 732 2216 tamen
762 2175 851 2234 upum
874 2158 1038 2234 jactatione
1074 2157 1324 2218 commendatores
1355 2157 1433 2216 illius
1462 2159 1491 2216 iu
1519 2157 1651 2216 animum

296 2261 394 2305 meum
415 2259 563 2303 rumorum
585 2246 848 2305 metuentissimom
870 2247 1062 2323 impegemnt.
1094 2247 1137 2306 Ac
1161 2248 1215 2306 etsi
1239 2245 1364 2306 illustris
1379 2244 1568 2305 Generositas
1583 2244 1652 2304 Tua

298 2331 438 2393 dissuasit
459 2331 540 2390 illam
565 2332 603 2390 cb
626 2333 771 2409 inopiam,
801 2335 856 2393 etsi
879 2331 1082 2394 dissuaserunt
1105 2333 1155 2394 alii
1178 2335 1216 2393 ob
1239 2335 1442 2410 proceritatem
1465 2339 1495 2392 et
1516 2331 1652 2391 habitum

297 2421 427 2496 corpc'ris
450 2419 630 2494 athleticum,
654 2419 768 2480 inhaesi
790 2427 888 2481 tamen
911 2421 980 2480 huic
1003 2420 1207 2482 deliberationi
1229 2430 1259 2480 et
1273 2421 1371 2482 ioman
1392 2428 1505 2480 mature
1528 2419 1652 2479 conclu-

296 2510 411 2580 siseem,
434 2508 491 2566 nisi
512 2523 594 2566 amur
617 2513 647 2591 et
668 2509 753 2582 ratio,
777 2510 998 2569 communicatis
1029 2509 1105 2570 iuter
1126 2527 1158 2570 se
1188 2511 1299 2585 operis,
1333 2509 1464 2586 quintam
1493 2506 1564 2566 mibi
1593 2507 1651 2567 ob-

296 2597 452 2657 trusissent
473 2595 596 2668 interim,
621 2611 696 2671 quae
720 2598 749 2653 in
772 2595 959 2656 collationem
982 2613 1047 2656 cum
1070 2595 1122 2657 illa
1145 2605 1249 2675 quarta
1272 2605 1305 2656 nt
1326 2598 1418 2669 venit,
1441 2597 1561 2672 ancipiti
1586 2611 1650 2656 ccr-

297 2685 416 2758 tamine,
440 2699 506 2742 cum
528 2685 654 2742 maxime
678 2684 842 2744 uinceretur
864 2685 1019 2746 honestate
1042 2685 1184 2760 familiae,
1211 2687 1356 2762 grauitate
1379 2683 1493 2758 uultus,
1524 2690 1587 2742 tum
1612 2683 1650 2743 ob

292 2772 414 2849 aliquas
436 2787 506 2846 opes
530 2777 559 2830 et
581 2771 688 2844 dotem,
712 2778 774 2830 tum
796 2775 922 2833 maxime
942 2775 1017 2832 uicit
1039 2789 1151 2846 amore,
1174 2771 1232 2833 ilde
1256 2772 1436 2846 humilitatis,
1460 2770 1649 2848 frugalitatis,

298 2859 472 2932 sedulitatis,
495 2861 603 2918 amoris
625 2859 834 2936 privignorum,
858 2869 888 2921 et
910 2861 1021 2937 placuit
1042 2862 1072 2918 in
1095 2860 1148 2920 illa
1170 2861 1279 2920 orbitas
1303 2867 1332 2920 ct
1355 2859 1496 2935 desertio,
1519 2876 1597 2935 qnae
1620 2861 1651 2916 in

299 2947 359 3008 alia
380 2945 555 3022 rejecissem.
585 2945 661 3006 Nam
683 2949 784 3024 inopia
807 2947 872 3023 eius
894 2948 1007 3008 nullum
1029 2955 1139 3008 metum
1161 2964 1261 3009 secum
1283 2947 1420 3014 trahebat
1442 2949 1480 3008 ab
1495 2946 1651 3023 egentibus

299 3034 447 3096 affinibus.
490 3033 553 3092 Diu
575 3034 758 3111 multumque
781 3034 963 3096 conflictatus
986 3053 1052 3097 cum
1074 3036 1131 3096 bac
1153 3035 1362 3096 molestissima
1385 3052 1464 3110 cura,
1488 3033 1649 3095 dumblan.

298 3123 387 3188 Dom.
409 3120 581 3182 Helmbardi
605 3123 759 3199 conjugem
782 3125 978 3200 exspectaui
1002 3125 1075 3183 sorte
1097 3123 1148 3184 illa
1170 3125 1285 3184 tertiam
1308 3123 1380 3182 mihi
1403 3122 1548 3197 suaderet,
1574 3137 1650 3200 quae

298 3211 403 3272 barum
434 3217 587 3284 utramque
617 3210 696 3287 apud
725 3229 772 3270 me
800 3215 946 3288 vincerct3
978 3211 1097 3272 taudem
1128 3213 1217 3272 etiam
1251 3211 1304 3270 ille
1336 3209 1452 3285 auditu,
1484 3213 1568 3287 coepi
1597 3225 1651 3287 pro

299 3305 406 3378 quarta
427 3297 609 3370 concludere,
633 3301 795 3375 aegerrimo
819 3301 926 3373 animo,
950 3297 1029 3375 quod
1052 3307 1130 3359 esset
1152 3297 1335 3376 repudianda
1358 3301 1469 3375 quinte.
1515 3297 1597 3357 Dum
1621 3296 1651 3355 id

299 3403 357 3464 ago
377 3387 498 3464 jamque
526 3401 713 3463 prorumpere
738 3386 833 3446 uerbis
856 3389 971 3462 cogito,
1004 3403 1072 3447 ecce
1101 3385 1208 3446 intuma
1238 3393 1342 3464 quarta
1373 3385 1424 3445 illa
1453 3385 1651 3446 cunctationis

299 3491 383 3537 meae
405 3481 541 3550 pertaesa
561 3472 648 3533 iidem
672 3471 753 3534 dedit
775 3473 835 3547 elii,
859 3477 909 3551 qui
932 3473 1054 3534 emulto
1076 3480 1207 3552 tempore
1230 3477 1370 3534 instanter
1393 3472 1457 3550 ejus
1480 3473 1652 3550 conjuginm

300 3563 466 3648 expetebat,
488 3577 544 3620 nec
564 3561 676 3622 nullam
697 3564 921 3639 promissionem
940 3561 1082 3637 jactabat.
1127 3560 1277 3638 Quantum
1300 3561 1492 3638 aegritudiuis
1512 3565 1593 3622 sensi
1615 3577 1652 3621 ex

300 3649 421 3728 repudio
445 3648 578 3725 quintae,
602 3656 715 3708 tantum
739 3651 827 3728 etiam
851 3648 945 3708 doluit
963 3645 1080 3725 jactura
1102 3655 1240 3727 quartae,
1272 3652 1342 3726 quin
1366 3651 1424 3709 imo
1446 3649 1508 3726 jam
1531 3649 1652 3710 sordere

301 3747 331 3800 et
353 3739 456 3814 quinta
479 3739 584 3813 coepit.
630 3737 688 3796 Hic
711 3739 829 3796 omnino
851 3739 956 3796 uitium
978 3736 1033 3797 luit
1055 3741 1084 3796 in
1108 3740 1180 3798 meis
1196 3737 1360 3812 effectibus,
1384 3753 1458 3813 quoe
1475 3735 1651 3810 cunctando,

302 3823 506 3902 comparando,
529 3823 719 3901 ponderando
742 3827 870 3886 rationes
892 3832 993 3884 contra
1012 3827 1126 3902 positas
1149 3826 1280 3901 quotidie
1296 3825 1492 3886 accendebam
1509 3823 1544 3886 de
1561 3841 1674 3886 novo.-

301 3914 404 3992 Neque
427 3920 526 3973 tamen
549 3912 625 3972 male
647 3929 761 3973 mecum
783 3921 896 3984 actum,
921 3911 1000 3990 quod
1023 3929 1089 3974 cum
1112 3921 1216 3990 quarta
1238 3930 1297 3973 non
1320 3914 1475 3990 successit,
1508 3913 1551 3974 sic
1574 3915 1652 3994 enim

302 4005 418 4079 utrique
440 4001 547 4062 melius
568 4007 755 4078 prospectum
778 4018 842 4062 csse
865 4017 911 4060 res
934 4002 999 4078 ipsu
1021 4000 1159 4078 loquitur.

406 4089 452 4149 Dc
475 4089 578 4165 quinta
598 4087 713 4164 reliqua
737 4095 781 4148 est
803 4089 953 4166 quaestio,
978 4105 1044 4164 cur,
1073 4105 1139 4150 cum
1162 4087 1213 4148 illa
1234 4087 1536 4170 mihidestinaretur,
1569 4085 1654 4146 Deus

300 4179 477 4258 permiserit,
507 4183 541 4234 ut
563 4177 639 4236 intra
660 4176 837 4235 unius'anni
860 4178 988 4253 spatium
1009 4193 1061 4236 sex
1090 4175 1164 4236 alias
1187 4176 1319 4236 aemulas
1341 4194 1431 4254 passa
1455 4175 1519 4236 siti
1565 4173 1653 4236 Anne

302 4265 387 4328 aliter
409 4265 540 4341 inquieto
563 4266 660 4324 animo
684 4261 797 4323 consuli
818 4281 878 4322 non
900 4266 1005 4340 potuit,
1029 4271 1061 4323 nt
1084 4263 1208 4328 disceret
1227 4281 1282 4324 sua
1305 4273 1382 4324 sorte
1406 4281 1471 4324 esse
1487 4269 1652 4338 contentus,

301 4356 358 4413 nisi
381 4359 458 4413 essct
480 4357 616 4429 expertus
639 4352 904 4429 impossibilitatem
928 4359 1063 4412 votorum
1085 4369 1203 4412 suorum
1226 4353 1256 4410 in
1279 4358 1322 4411 tut
1345 4352 1420 4427 aliis,
1443 4353 1498 4411 nisi
1523 4354 1588 4429 ipsu
1611 4353 1654 4411 rei

304 4440 453 4503 euidentia
476 4447 574 4517 posset
597 4439 722 4500 refutare
746 4447 789 4500 tut
805 4440 996 4514 dissuasores,
1020 4447 1064 4499 tut
1078 4438 1297 4518 splendidarum
1313 4439 1436 4498 aliarum
1453 4437 1654 4500 conditionum

303 4527 464 4604 suasores?
499 4525 575 4587 Nam
597 4535 630 4587 nt
652 4545 785 4605 pergem,
816 4535 929 4588 sextam
958 4528 1096 4606 privigna
1118 4545 1184 4587 meu
1206 4545 1271 4587 cum
1294 4544 1402 4604 genero
1433 4544 1568 4601 suasere,
1600 4543 1654 4586 nec

305 4616 458 4678 defuerunt
480 4617 566 4676 amici
589 4617 804 4688 intercessores,
828 4617 924 4675 arrisit
945 4617 975 4673 in
999 4633 1035 4676 ea
1056 4615 1196 4676 nobilitas
1219 4613 1361 4675 nonnulla
1375 4631 1514 4693 opesque.
1552 4613 1655 4674 Vicis-

303 4707 359 4763 sim
387 4703 539 4763 ddiuerunt
566 4706 649 4778 anni,
682 4703 847 4762 metuebam
872 4721 889 4762 a
912 4704 1057 4764 sumtibus
1079 4702 1275 4780 nuptialibus,
1300 4705 1365 4780 ipsa
1387 4721 1439 4781 pcr
1460 4721 1492 4764 se
1513 4701 1654 4762 nobilitas

304 4791 501 4868 suspicionem
530 4790 599 4851 iecit
628 4792 793 4868 superbiae.
839 4788 935 4866 Super
957 4795 1055 4852 omnis
1078 4791 1275 4851 misericordia
1298 4808 1368 4868 arga
1396 4793 1544 4868 quintam,
1575 4806 1654 4868 quae

303 4877 366 4958 ium
388 4877 572 4942 intellexerat
593 4885 623 4940 ct
645 4876 716 4957 quid
739 4883 817 4939 esset
838 4877 875 4939 de
897 4895 930 4939 ec
953 4877 1147 4942 deliberatum
1170 4885 1200 4941 et
1222 4877 1293 4958 quid
1311 4880 1375 4958 jam
1397 4885 1539 4960 ageretur.
1579 4877 1654 4938 cum
