3516 5540
265 381 329 452 568
392 419 402 436 .
569 380 747 439 Summarium
763 378 900 438 nemrim
917 377 1106 440 Asuonomise
1124 381 1216 440 seculo
1234 381 1308 440 XVI.

264 575 333 624 rum,
349 557 465 629 denique
481 556 587 626 longior
604 557 719 614 marum
737 557 891 628 catalogue,
916 557 963 630 qui
985 573 1036 628 per
1051 557 1161 626 longam
1177 573 1309 612 annornm
1332 558 1428 614 seriem
1446 557 1611 616 astronomis
1705 575 1715 594 ι

265 659 352 716 usque
369 645 405 702 ad
422 643 632 702 emendatiorem
650 645 834 716 Tyclrouicnm
852 646 949 704 unicus
967 645 1025 702 iere
1042 645 1104 701 lons
1123 651 1151 700 et
1167 661 1263 703 norma
1279 645 1341 702 luit.
1728 661 1729 672 ¹

368 733 474 788 Libro
492 732 550 788 Ill.
574 733 667 788 iusum
688 731 892 802 disquisitiones
915 733 949 788 de
975 733 1206 804 aequinoctiorum
1229 733 1459 806 solstitiorumque
1481 734 1611 804 anticipa·

263 823 344 878 tione.
386 821 583 892 Hipparchum,
610 820 647 878 ait
675 819 854 891 Ooperuieua,
877 821 964 877 sirum
990 822 1075 877 mirae
1102 822 1271 892 sagacitatis,
1297 823 1414 892 primum
1443 823 1612 878 animadver-

263 910 338 976 tisse,
358 924 458 965 annum
476 909 610 965 sidereum
628 905 758 976 maiorem
775 921 837 962 esse
855 922 927 964 enno
944 908 1059 979 tropico,
1078 922 1166 978 eoque
1183 908 1271 965 stellis
1289 907 1351 963 fixis
1368 908 1497 965 tribuisse
1508 913 1613 964 motum

262 995 518 1065 inconsequentia,
538 992 609 1060 ¹,sed
626 991 760 1050 lentulum
783 993 852 1050 adeo
878 1009 929 1051 nec
953 995 1045 1051 atatim
1063 995 1295 1066 perceptibilem&
1330 997 1411 1052 Hunc
1427 1001 1530 1052 motum
1548 996 1614 1051 inde
1729 1047 1730 1056 ,

264 1086 298 1140 ab
316 1083 370 1139 illia
387 1083 554 1153 temporibus
571 1081 674 1136 ιιιιιιι
692 1095 754 1138 esse
771 1081 1000 1139 euidentissimum
1018 1097 1134 1152 eumque
1154 1083 1325 1152 inaequalem
1343 1083 1464 1153 reperiri.
1496 1083 1614 1138 Causam
1729 1075 1730 1118 ἶ

264 1172 345 1242 buius
364 1169 598 1241 aequinoctiorum
616 1167 818 1237 anticipationis
836 1169 902 1226 dicit
920 1171 1087 1241 Copernicus
1106 1171 1287 1239 quaerendam
1306 1186 1367 1227 esse
1379 1172 1407 1228 in
1419 1175 1494 1227 motu
1511 1187 1614 1240 aequa·
1729 1175 1730 1180 ’

264 1259 330 1316 teris
349 1261 377 1314 in
395 1256 595 1328 praecedentia,
613 1255 660 1325 qui
679 1253 811 1326 obliquus
824 1256 873 1312 sit.
884 1258 967 1328 plano
986 1256 1089 1314 zodiaci
1107 1257 1276 1328 (eclipticas)
1295 1257 1432 1329 immobili,
1451 1257 1486 1313 ad
1503 1258 1615 1314 modum

263 1345 445 1402 inclinationis
468 1345 528 1400 axis
552 1341 678 1399 Telluris.
716 1343 819 1408 ,Nemo
838 1345 954 1402 forsitan
979 1359 1089 1400 causam
1111 1345 1269 1402 mutationis
1291 1345 1525 1414 aequinoctiorum
1544 1343 1614 1400 obli·
1730 1361 1731 1374 ³

265 1434 432 1504 quitatisque
450 1431 572 1500 signiferi
589 1431 729 1488 meliorem
746 1429 858 1501 afferet,
877 1446 959 1502 quam
976 1431 1037 1488 axis
1055 1431 1156 1488 Terrae
1174 1439 1203 1489 et
1216 1433 1341 1506 polorum
1358 1432 1453 1488 obtuli
1470 1433 1616 1504 aequinoc-

266 1523 340 1578 tialis
359 1520 495 1577 dedexum
513 1520 656 1590 quendam.
692 1519 721 1575 Si
739 1524 829 1576 motus
847 1520 907 1576 axis
925 1521 1027 1576 Terrae
1048 1521 1206 1577 arvennae
1228 1535 1289 1576 eum
1313 1526 1391 1576 motu
1414 1520 1513 1584 centri,
1536 1520 1616 1576 nulla

267 1609 377 1681 penitus
395 1614 540 1678 appareret
556 1607 790 1676 aequinoctiorum
808 1609 1070 1678 conversionumque
1088 1608 1256 1677 praeventio.
1291 1606 1329 1663 At
1346 1623 1408 1662 cum
1424 1607 1497 1662 inter
1513 1621 1544 1661 se
1564 1606 1616 1662 dil·

264 1695 366 1764 ierant,
393 1692 442 1750 sed
460 1693 614 1749 differentia
630 1693 779 1764 inaequali,
803 1709 917 1752 necesse
935 1695 988 1752 luit
1006 1695 1087 1752 stiam
1109 1695 1227 1752 solstitia
1244 1703 1272 1752 et
1289 1693 1461 1764 aequinoctia
1477 1693 1616 1764 inaequali

264 1789 341 1838 motu
356 1781 522 1851 praeoedere
538 1780 759 1842 locastellarum.
791 1781 876 1840 Βιιοι
889 1783 997 1840 omnino
1010 1783 1136 1854 polorum
1148 1789 1238 1840 motus
1252 1782 1414 1852 reciprocos,
1433 1780 1618 1851 pendentibus
1731 1791 1732 1824 l

266 1871 368 1930 similes
386 1869 587 1939 librationibua,
607 1875 717 1939 oportet
733 1869 858 1942 intelligi,
877 1873 1004 1942 quoniam
1022 1873 1079 1942 poli
1096 1879 1125 1928 et
1142 1869 1238 1927 circuli
1253 1870 1282 1926 in
1295 1869 1412 1939 sphaera
1429 1869 1483 1925 sihi
1500 1870 1618 1925 invicem

266 1961 416 2016 cohaerent
432 1966 461 2015 et
478 1958 662 2014 consentiunt.
697 1958 775 2014 Alius
793 1958 877 2027 igitur
893 1965 984 2014 motus
1003 1960 1056 2014 erit
1074 1959 1121 2028 qui
1139 1957 1342 2014 inclinationem
1353 1961 1491 2026 permutat
1507 1955 1638 2012 illorum·

264 2045 434 2110 cuculorum,
452 2043 524 2114 polis
541 2044 582 2099 ita
599 2041 698 2100 delatis
723 2057 831 2101 sursum
857 2044 1038 2114 deorsumque
1061 2045 1133 2102 circa
1154 2044 1286 2126 angulum
1310 2043 1452 2113 aeedonis,
1480 2043 1550 2100 alius
1569 2045 1619 2114 qni

264 2132 425 2189 solstitiales
443 2131 710 2202 aequinoctialesque
727 2135 934 2202 praesensiones
946 2139 1029 2203 auget
1040 2133 1183 2201 etminuit,
1201 2131 1265 2187 hinc
1283 2133 1346 2188 inde
1364 2145 1414 2201 pan
1431 2138 1619 2188 transversum

262 2221 337 2277 facta
356 2221 546 2276 commotione.
575 2221 634 2276 Hos
653 2227 745 2276 autem
762 2227 852 2277 motus
871 2220 1030 2278 librationes
1042 2235 1179 2290 vocamus,
1198 2233 1231 2275 eo
1250 2217 1323 2289 quod
1334 2216 1511 2288 pendentium
1528 2219 1620 2273 instar

263 2311 315 2366 rub
333 2309 404 2366 binis
421 2309 553 2365 limitibus
570 2324 619 2380 per
637 2307 752 2366 eandem
769 2309 840 2364 ιιιιι
856 2309 886 2363 in
903 2307 993 2363 medio
1012 2306 1203 2363 concitatiores
1222 2305 1305 2377 finnt,
1328 2306 1403 2362 circa
1421 2311 1544 2361 exmema
1560 2311 1618 2384 tar-

263 2397 374 2454 dissimi.
410 2396 548 2452 Differunt
570 2396 652 2452 etiam
676 2396 734 2452 suis
758 2395 990 2465 revolutionibus,
1018 2392 1091 2462 qnod
1114 2393 1295 2462 inaequalitas
1318 2392 1553 2462 aequinoctiorum
1571 2391 1619 2448 bis

264 2485 418 2542 restituitur
442 2481 492 2540 snb
519 2499 573 2540 una
596 2484 766 2555 obliquitatis
789 2483 971 2540 restitutione.
1011 2483 1088 2538 Sicut
1111 2487 1203 2538 eutem
1227 2479 1352 2535 inomni
1379 2485 1455 2534 motu
1479 2477 1620 2548 inaequali

261 2577 410 2643 apparente
429 2570 549 2628 medium
568 2571 697 2642 quiddam
705 2578 818 2642 oportet
829 2569 954 2640 intelligi,
971 2583 1023 2639 per
1034 2567 1108 2640 quod
1119 2565 1321 2638 inaequalitatis
1332 2567 1403 2624 ratio
1417 2565 1506 2636 possit
1517 2563 1618 2634 accipi,

262 2661 301 2716 ita
319 2675 385 2716 sane
403 2665 431 2714 et
448 2658 493 2717 hic
511 2659 615 2715 medios
633 2659 712 2730 polos
735 2659 908 2728 mediumque
931 2657 1062 2714 circulum
1080 2655 1321 2726 aequinoctialem,
1346 2654 1481 2711 sectiones
1505 2667 1620 2724 quoqne

263 2745 478 2818 aequinoctiales
495 2752 524 2801 et
541 2752 644 2815 puncta
661 2747 868 2803 conversionum
886 2743 975 2801 media
992 2759 1105 2800 necesso
1123 2750 1183 2800 erat
1206 2741 1340 2812 cogitare,
1366 2743 1417 2798 sub
1440 2741 1539 2810 quibus
1558 2740 1619 2811 poli

263 2834 433 2904 circulusque
451 2834 658 2905 aequinoctialia
676 2835 814 2892 terremris
830 2831 972 2890 hincinde
984 2831 1161 2888 deflectentes
1179 2829 1258 2886 statis
1275 2835 1367 2886 tamen
1381 2828 1511 2885 limitibus
1523 2833 1619 2884 motus

260 2921 323 2978 illos
341 2921 469 2992 aequales
486 2923 589 2978 iaciant
611 2937 744 2994 apparere
768 2921 899 2978 disemos.
934 2921 1029 2990 ltaque
1047 2917 1127 2976 binae
1148 2917 1212 2973 illae
1236 2915 1395 2974 librationes
1420 2920 1619 2970 concurrentes

260 3010 376 3066 invicem
393 3009 525 3082 efficiunt,
544 3017 576 3064 ut
592 3010 650 3081 poli
668 3009 771 3065 Terrae
788 3023 849 3064 cum
866 3015 989 3078 tempore
1006 3007 1093 3064 lineas
1111 3006 1244 3076 quasdam
1261 3004 1417 3061 describant
1436 3000 1556 3058 corollae
1573 3001 1619 3057 in·

261 3105 350 3156 tortae
368 3097 496 3154 similes.“
529 3097 595 3166 (Gir.
614 3097 669 3152 sol.
688 3098 732 3152 v1.
751 3112 779 3166 p.
796 3095 868 3164 iil.)

364 3185 441 3242 Haec
457 3191 601 3256 postquam
619 3183 709 3241 serbis
728 3189 755 3239 et
773 3180 1011 3252 delineationibus,
1034 3183 1134 3252 quibus
1151 3177 1289 3250 epinyclos
1307 3175 1535 3248 deprehendimus
1552 3175 1618 3233 aliis

262 3271 389 3343 epicyclia
407 3274 524 3342 innixos,
543 3271 626 3329 letius
645 3271 839 3328 demonstrarit
857 3270 1031 3340 Oopernieus,
1051 3267 1208 3326 conclusum
1226 3281 1287 3321 esse
1309 3269 1419 3334 censet,
1443 3261 1619 3332 inaequalem

261 3375 323 3417 esse
340 3361 565 3430 praecessionem,
584 3358 621 3416 ad
638 3359 710 3415 hane
728 3359 882 3428 opinionem
895 3356 1028 3416 deductus
1047 3356 1158 3414 ιιιιιιιι
1176 3361 1204 3410 et
1216 3351 1451 3410 observationibus
1463 3351 1619 3407 Ptolemaei

260 3462 356 3518 parum
369 3445 423 3503 tide
436 3445 533 3517 dignis.
557 3447 686 3502 Αιιιιιιι
703 3454 807 3501 motum
824 3445 1022 3516 praecessionis
1040 3441 1350 3513 ponensto¹12‘⁴¹5¹“‘
1368 3439 1488 3496 annectit
1504 3438 1620 3496 tabulas

263 3540 369 3601 ,motus
387 3534 585 3604 praecessionis
603 3533 851 3604 aequinoctiorumt
870 3532 898 3586 in
916 3531 1004 3601 ιιιιι,
1023 3531 1119 3588 diebus
1137 3537 1166 3586 ct
1183 3529 1325 3599 murenis
1338 3529 1449 3586 dianam
1480 3527 1620 3584 Minorem

261 3621 356 3677 tribuit
367 3621 448 3678 fidem
461 3622 627 3691 Gopernicus
638 3621 795 3678 Ptolemaeo
814 3621 842 3674 in
859 3618 1051 3676 constituenda
1068 3617 1132 3674 anni
1150 3618 1247 3675 solaris
1258 3609 1444 3688 magnitudine
1458 3616 1530 3688 (cap.
1545 3617 1617 3684 rs.):

264 3725 335 3777 ,non
347 3709 497 3766 audiendus
516 3717 559 3765 est
570 3705 742 3766 Ptolemaeus
760 3710 788 3764 in
805 3707 857 3764 hae
867 3714 953 3778 perte,
973 3707 1019 3776 qui
1036 3705 1184 3764 absurdum
1203 3714 1232 3762 et
1248 3703 1424 3775 impertinens
1442 3705 1619 3776 existimarit,

263 3813 381 3854 annuam
394 3795 465 3853 Solis
478 3796 669 3866 aequalitatem
681 3796 770 3852 madri
787 3796 822 3853 ad
835 3795 954 3867 aliquam
967 3794 1106 3852 ιιιιιιιιιι
1117 3795 1233 3850 lixarum
1244 3793 1453 3862 restitutionem,
1466 3807 1517 3850 nec
1528 3793 1619 3862 magis

263 3895 423 3954 congruere,
441 3900 523 3953 qnam
542 3883 566 3940 si
583 3898 600 3937 a
617 3883 687 3938 Jove
704 3883 748 3938 rel
766 3884 884 3940 Saturno
902 3882 956 3940 boc
973 3885 1078 3940 iaceret
1094 3881 1217 3951 aliquia!
1248 3881 1346 3950 Neque
1358 3879 1509 3952 simplicem
1526 3895 1620 3950 neque

262 3970 370 4027 leodem
388 3985 449 4025 esse
467 3969 579 4040 cognitu
596 3969 730 4026 rationem
747 3983 854 4026 meuse
866 3969 1049 4039 aequalitatis.
1077 3969 1121 4026 Ad
1133 3969 1326 4026 resolutionem
1344 3967 1428 4037 brojas
1446 3957 1512 4024 nodi
1529 3970 1619 4039 respi-

262 4055 387 4115 ciendum
411 4071 472 4112 esse
494 4057 531 4112 ad
553 4062 670 4126 quatuor
693 4057 893 4127 inaequalitatis
915 4072 1026 4128 musas,
1055 4071 1125 4126 qnae
1152 4063 1216 4113 sunt
1243 4057 1267 4126 t)
1285 4053 1437 4124 inaequalis
1460 4057 1620 4124 praecessio

261 4143 501 4216 aequinoctiorum,
520 4143 547 4215 2)
565 4142 638 4213 quod
657 4145 705 4200 Sol
723 4143 880 4215 inaequales
900 4144 1041 4216 eclipticas
1058 4149 1152 4215 partes
1169 4143 1334 4214 intercipere
1351 4143 1458 4200 ridetur
1476 4143 1619 4212 (moentri-

263 4234 330 4292 citae
350 4232 445 4302 Solis),
470 4232 498 4301 dl
516 4231 580 4302 qnia
604 4233 687 4289 etiam
709 4233 781 4290 bano
802 4233 890 4289 variat
907 4231 1037 4300 (secunda
1059 4231 1226 4301 diversitas),
1239 4231 1277 4300 ἰ)
1294 4229 1368 4300 quod
1392 4235 1481 4287 mutat
1505 4230 1620 4300 apsides

262 4323 349 4378 centri
366 4320 468 4378 Terrae
491 4336 622 4378 summam
647 4327 675 4377 et
698 4321 826 4379 intimam.
870 4319 930 4386 ,Ex
953 4319 997 4376 his
1022 4319 1142 4378 secunda
1166 4318 1336 4376 solummodo
1359 4324 1426 4394 nota
1448 4317 1620 4390 Ptolemaeo,

263 4425 334 4479 quae
352 4410 410 4466 sols
427 4425 483 4465 non
500 4408 637 4490 potuisset
648 4409 869 4479 inaequalitatem
882 4407 1008 4464 amulam
1020 4407 1182 4478 producere,
1200 4405 1250 4463 sed
1261 4408 1361 4464 ceteris
1377 4405 1517 4477 implicata
1529 4407 1620 4476 magia

262 4498 292 4554 id
308 4497 398 4554 farit.“
434 4498 472 4554 Ut
489 4497 539 4552 bas
562 4512 660 4553 musas
683 4498 803 4568 explicet
826 4496 976 4566 praemittit
993 4495 1160 4565 Gopernicus
1183 4494 1436 4565 „prototheoremat
1458 4495 1529 4563 (cap.
1552 4497 1620 4566 ti),

264 4601 332 4643 usus
350 4585 501 4641 ecoentrioo
527 4584 629 4642 circulo
655 4590 683 4640 et
707 4583 828 4655 epicyelo
847 4583 1009 4652 Ptolemaei,
1034 4584 1134 4653 quibus
1159 4582 1375 4650 demonstratur,
1399 4585 1522 4638 ιιιιιιιι
1545 4581 1621 4638 inter

264 4673 354 4728 Solem
369 4676 401 4727 et
419 4671 529 4728 Terram
548 4671 690 4738 mantia,
719 4685 806 4740 ,quae
823 4669 858 4726 ad
875 4669 1084 4727 immensitatem
1102 4670 1243 4728 stellarum
1265 4669 1380 4724 lixarum
1403 4667 1537 4738 sphaerae
1560 4685 1620 4726 nou

263 4757 352 4829 possit
369 4755 543 4828 existimari“,
562 4758 653 4816 Solem
662 4759 705 4816 ,ad
723 4773 913 4830 quamcunque
931 4757 1037 4816 stellam
1048 4759 1131 4816 lixam
1150 4759 1302 4829 aequaliter
1317 4757 1427 4827 morari,
1444 4756 1620 4828 inaequalem

263 4861 327 4906 raro
340 4859 401 4908 esse
412 4851 516 4932 motum
527 4847 606 4918 Solia,
625 4844 700 4926 quod
716 4851 806 4904 notro
818 4847 905 4908 centri
922 4863 955 4908 ao
966 4862 1073 4908 maure
1084 4846 1261 4907 resolutionis
1274 4846 1376 4906 Terrae
1388 4863 1443 4907 non
1455 4846 1493 4907 sit
1504 4848 1619 4904 omnino
