3588 5540
817 403 972 501 tca'o·
1101 453 1103 460 ·
1327 462 1333 475 x
1463 431 1632 506 stt·

174 611 315 671 hamane
333 629 371 682 sa,
389 614 474 686 addit,
493 615 567 686 apud
583 613 761 687 bibliopolam
778 618 833 672 tria
851 615 1017 687 exemplaria
1028 619 1162 671 uacmtns
1173 615 1311 687 domatici,
1330 613 1425 686 qui18
1443 613 1529 670 craci-

175 702 246 770 garis
270 700 410 758 vendatur.
448 703 515 760 Inde
533 703 718 772 Gringalletus
741 720 791 773 per
811 705 934 773 Ulmam,
957 703 1006 758 nbi
1029 703 1259 760 Hebenstreitium
1284 705 1394 759 nomine
1416 701 1529 772 lisplsri
1638 767 1640 770 ¹

175 789 316 854 mutavit,
335 791 487 857 Tubingam
504 791 644 861 profectus
665 797 721 861 est;
748 791 800 848 iter
819 791 948 848 describit
971 791 999 846 in
1017 789 1103 846 literis
1122 790 1149 847 d.
1168 792 1334 860 Argentinae
1352 791 1379 846 d.
1398 793 1441 848 12.
1460 791 1529 860 Oct,

175 876 306 946 aquibus
330 878 399 934 haec
421 879 613 936 desumimus:
639 880 708 945 ,Vix
731 895 801 948 opus
825 894 887 935 esse
910 864 991 949 puto,
1014 885 1046 933 ut
1067 878 1160 933 multis
1185 885 1213 934 te
1236 879 1364 949 alloquar
1382 879 1415 934 do
1433 879 1530 934 itinere

175 981 242 1034 meo,
262 981 325 1022 cunr
342 971 375 1022 tu
392 967 458 1020 mihi
476 982 584 1036 semper
602 983 732 1037 praeseus
749 967 843 1036 fueris,
861 981 923 1021 cum
941 973 969 1022 te
986 964 1108 1020 humeris
1126 965 1184 1036 ipse
1198 967 1357 1034 gestaverim
1372 966 1447 1035 (dicit
1461 967 1531 1032 ,ico-

175 1057 253 1109 nemt
272 1051 403 1124 Kspleri).
438 1054 658 1110 iisbenstreitins
677 1055 838 1112 monstrarit
849 1055 915 1109 mihi
933 1054 1027 1110 literas
1039 1069 1057 1108 a
1069 1059 1107 1119 tc,
1125 1054 1154 1107 ni
1172 1052 1264 1122 fallor,
1279 1053 1408 1122 Esslinga
1424 1055 1530 1123 missas,

175 1141 272 1210 quibus
291 1148 320 1196 et
337 1141 438 1197 differri
455 1141 659 1211 impressionem
679 1143 869 1212 Ephemeridis
886 1141 1056 1212 ingolstadii,
1076 1149 1104 1197 et
1121 1141 1310 1196 maturandum
1328 1141 1377 1196 tibi
1396 1141 1531 1210 stuttgar-

176 1229 240 1283 tiam
258 1227 360 1298 aJebas.
396 1227 537 1298 Tubiugae
554 1230 671 1300 primum
689 1230 864 1285 Maestlinnm
884 1230 1059 1284 salutandum
1079 1228 1239 1284 existimari.
1276 1229 1330 1285 Sed
1349 1227 1415 1299 quid
1429 1229 1530 1286 croniti

177 1317 241 1372 Cum
260 1315 385 1372 adfores
403 1315 510 1372 aedium
528 1317 587 1386 ejus
605 1317 757 1387 pulsarem,
782 1318 885 1372 exserit
901 1317 961 1386 ipse
979 1324 1061 1387 caput
1080 1333 1096 1370 e
1119 1317 1240 1378 fenestra
1261 1317 1410 1388 ridensque
1435 1317 1532 1373 adesse

176 1404 294 1474 aliquem
312 1404 423 1460 militari
441 1405 572 1460 ¹indutum
597 1411 687 1472 sesto,
709 1405 790 1474 jubet
808 1419 922 1460 uxorem
944 1403 1010 1460 mihi
1034 1404 1145 1459 obolum
1164 1405 1198 1459 de
1220 1404 1342 1459 fenestra
1360 1404 1472 1471 offerre3
1497 1405 1532 1461 ad

177 1506 256 1560 quam
275 1507 341 1562 ego:
360 1491 501 1548 mendicus
519 1509 573 1547 non
591 1509 661 1560 sum,
679 1491 728 1548 sed
747 1493 896 1559 studiosus,
917 1494 963 1561 qni
979 1507 1040 1548 eum
1059 1492 1093 1546 D.
1106 1491 1240 1561 hiagistro
1257 1491 1333 1561 loqui
1349 1499 1422 1562 opto.
1449 1492 1533 1560 Urget

175 1578 230 1650 iila,
250 1595 312 1634 eum
331 1581 403 1636 domi
421 1597 475 1636 non
494 1595 562 1646 ease,
580 1580 645 1635 mibi
658 1595 713 1634 non
725 1595 786 1636 essa
798 1580 900 1636 diutius
918 1578 1143 1650 exspectandum.
1168 1579 1308 1649 Exspecto
1320 1585 1410 1634 tamen
1423 1579 1533 1633 iterum·

178 1683 230 1737 que
252 1667 349 1738 pulso:
377 1668 426 1724 illa
447 1668 524 1724 reiut
546 1671 616 1724 irata
640 1684 735 1724 rursus
758 1675 840 1737 negat
862 1667 953 1722 mariti
975 1665 1172 1736 praesentiam,
1198 1666 1291 1736 fugam
1317 1667 1382 1721 mihi
1406 1667 1532 1722 suadens.

177 1755 282 1823 Agnori
303 1755 394 1813 statim
417 1757 464 1811 uhi
487 1756 614 1811 haereret
636 1755 737 1825 nodus3
763 1757 855 1824 itaque
878 1755 905 1810 in
931 1754 1077 1824 hospitium
1104 1767 1231 1810 reversus
1259 1753 1430 1809 chartaceum
1455 1753 1533 1808 mitto

176 1841 320 1913 umatum,
338 1843 385 1913 qui
403 1849 431 1898 et
448 1850 580 1914 exceptus
599 1850 627 1898 et
645 1843 733 1898 lectus
751 1841 898 1898 maximum
917 1841 1064 1898 Maestiiuo
1079 1841 1195 1897 incussit
1212 1840 1351 1910 pudorem.
1385 1839 1472 1911 igitur
1489 1856 1535 1920 aas

177 1945 289 1986 currens
309 1931 343 1986 ad
362 1931 510 2001 hospitium
523 1949 620 2000 meum,
639 1931 693 1987 dici
711 1945 766 1986 nou
778 1937 870 2001 potest
887 1929 995 1998 quantis
1013 1930 1123 1998 quantis
1141 1928 1188 1985 ille
1204 1943 1234 1983 se
1246 1929 1336 1984 serbis
1355 1929 1533 2000 excusaverit,

180 2017 285 2073 taniam
303 2018 369 2074 facti
388 2019 547 2088 deprecans.
576 2021 675 2074 Potum
690 2019 766 2074 illico
787 2017 888 2073 adferri
903 2017 995 2086 jusso,
1015 2018 1059 2072 cui
1078 2017 1141 2072 dunt
1161 2015 1301 2072 studemus
1319 2017 1393 2070 varia
1412 2015 1446 2070 de
1463 2031 1535 2071 com-

178 2105 303 2160 muuihus
316 2105 416 2161 nostris
430 2106 526 2162 studiis
539 2107 602 2162 hinc
614 2107 677 2162 inde
687 2107 886 2162 disseruimus.“
906 2105 1012 2161 Deinde
1020 2104 1104 2160 refert
1117 2103 1495 2174 Gringalletus,h1aastliuum
1507 2109 1536 2158 st

179 2190 248 2245 aiios
267 2193 399 2261 quosdam
417 2194 585 2264 professores
604 2196 691 2265 ipsum
710 2193 918 2264 philosophicae
940 2193 1077 2248 facultatis
1102 2193 1211 2246 nornine
1229 2190 1264 2246 ad
1283 2190 1454 2261 splendidum
1473 2207 1536 2247 con·

179 2279 278 2335 uirium
295 2280 425 2336 inuitasse
444 2289 472 2338 et
491 2299 571 2351 quam
594 2283 641 2338 diu
659 2283 800 2352 Tubingae
817 2279 949 2337 manserit
967 2279 1168 2351 ,asymbolnm‘t
1188 2277 1311 2334 habitum
1329 2295 1398 2335 esse.
1435 2282 1538 2347 Argen·

179 2369 260 2422 torati
282 2365 424 2426 aduenisse
448 2385 478 2424 se
501 2369 528 2425 d.
551 2371 578 2426 8.
596 2369 655 2425 Oct
684 2376 711 2425 et
733 2370 852 2441 effigiem
875 2369 986 2438 chicri
1007 2367 1153 2423 tradidisse
1175 2367 1360 2438 Rerueggero,
1386 2367 1433 2436 qui
1454 2367 1536 2422 latam

180 2453 314 2523 sculptori
331 2456 504 2513 commiserit.
523 2487 557 2497 -
575 2457 723 2527 imaginem
741 2464 824 2527 tuam,
844 2457 953 2526 scripsit
970 2456 1159 2524 Berncggsrns
1177 2469 1248 2510 anno
1268 2455 1347 2520 tota,
1367 2455 1502 2523 quondam
1520 2467 1537 2507 a

182 2541 348 2610 Gringalleto
373 2553 467 2598 nostro
490 2544 556 2599 mihi
573 2544 713 2614 donatam,
738 2545 766 2600 in
785 2545 896 2616 publica
914 2542 1069 2598 academiae
1087 2547 1198 2597 nostrae
1220 2541 1386 2598 bibliotheca
1402 2541 1536 2600 dedicari.

180 2629 281 2686 Vident
297 2627 372 2684 illam
391 2630 522 2700 qnotidie,
541 2632 587 2702 qni
604 2633 693 2688 istam.
719 2633 799 2688 Vitae
817 2631 989 2700 curriculum,
1008 2636 1040 2684 ut
1058 2628 1132 2683 orasl
1150 2628 1270 2698 saepius,
1289 2630 1387 2684 iterum
1403 2643 1452 2683 oro
1466 2644 1537 2684 corn-

181 2717 311 2772 muuicas.
349 2718 373 2770 Ε
393 2719 501 2788 scriptis
525 2719 579 2774 tuis
596 2719 624 2774 id
643 2720 752 2790 quidem
770 2719 943 2788 aliquatenus
963 2722 1005 2772 est
1023 2715 1165 2785 colligere,
1188 2730 1281 2770 rerum
1304 2714 1339 2768 da
1356 2715 1409 2770 boc
1433 2729 1536 2785 quasso

182 2802 334 2860 curiositati
353 2819 439 2872 meae,
457 2806 512 2860 imo
531 2807 567 2860 da
584 2807 747 2876 posteritati,
765 2815 796 2862 ut
814 2807 863 2861 aba
882 2813 910 2862 te
928 2804 962 2859 de
980 2813 1009 2858 te
1028 2803 1136 2874 plenius
1154 2800 1257 2871 aliquid
1274 2802 1432 2857 habeamus.

280 2891 306 2946 Ε
324 2891 437 2961 iieplsri
454 2894 634 2962 responsione
659 2893 702 2963 (d.
716 2885 828 2950 ¹illmae
843 2895 867 2949 6.
887 2894 954 2963 hpr.
975 2891 1064 2959 1627.)
1090 2897 1216 2960 apparet,
1240 2889 1293 2960 ipsi
1318 2905 1372 2944 non
1398 2887 1535 2961 placuisse

181 2979 340 3048 imaginent,
366 2996 427 3036 cum
451 2981 568 3035 scribat:
598 2977 684 3053 Quod
707 2979 791 3056 tetigi
815 3001 868 3038 nov
887 2981 1003 3052 aciatos
1023 2969 1113 3054 dycta,
1143 2975 1172 3033 id
1197 2977 1277 3034 vitas
1298 2991 1382 3034 meae
1405 2975 1536 3052 descrip-

184 3066 293 3124 tionem
317 3067 431 3123 attinet
469 3063 641 3124 Ludibrium
664 3083 761 3126 meum
785 3083 803 3125 a
825 3083 873 3124 mo
895 3081 931 3124 ue
953 3067 1081 3142 petieris.
1121 3061 1223 3137 Quid?
1245 3070 1277 3122 tu
1298 3079 1400 3124 omnes
1422 3079 1458 3122 ox
1482 3072 1534 3122 tuo

183 3151 353 3213 aestimabis
382 3154 500 3228 ingenio
532 3163 642 3230 tuaque
670 3155 700 3211 in
729 3170 776 3212 me
813 3152 1022 3213 benovolentia
1053 3161 1081 3212 at
1111 3167 1219 3210 amora.
1269 3149 1367 3210 Velim
1398 3149 1534 3226 equidem

183 3242 342 3316 imaginem
365 3257 461 3300 meam
484 3242 522 3300 ab
546 3241 598 3308 illo
620 3241 687 3301 ioco
710 3241 829 3320 publico
853 3241 967 3315 abesse,
990 3241 1161 3318 praesertim
1185 3255 1250 3296 cum
1274 3255 1376 3316 parurn
1399 3241 1457 3298 mei
1480 3237 1556 3296 ba·-

183 3327 260 3388 bcat.
306 3325 437 3388 Obsecro
461 3319 533 3388 ilir'rd
555 3329 686 3405 plagium
710 3329 748 3389 ad
771 3345 817 3388 me
838 3331 980 3391 mmtrtas.
1018 3335 1114 3390 Utrum
1140 3332 1194 3387 hoc
1221 3331 1352 3399 judicium
1378 3347 1470 3387 rernm
1498 3331 1536 3386 sit

183 3434 276 3484 necne,
294 3419 438 3476 nescimus.
464 3421 548 3476 Forte
566 3419 686 3490 licpiero
704 3427 767 3490 post
786 3422 902 3475 lannos
915 3435 959 3474 res
977 3419 1039 3489 ipsa
1051 3434 1066 3473 e
1078 3419 1209 3474 momoria
1220 3417 1330 3488 excidit,
1350 3424 1378 3472 et
1397 3417 1534 3485 ,iconem“

183 3523 263 3576 qnam
274 3506 447 3576 Berneggero
461 3507 531 3562 dono
545 3508 664 3576 dederat,
685 3507 807 3562 confudit
826 3523 887 3562 cnm
900 3506 987 3576 ligura
999 3523 1097 3574 aenea,
1116 3505 1150 3563 de
1169 3521 1223 3575 qua
1241 3506 1325 3577 paulo
1342 3512 1405 3576 post
1416 3521 1535 3576 agemus.

184 3594 272 3662 Certo,
292 3598 323 3650 ut
340 3601 399 3648 arat
417 3593 457 3650 rir
475 3611 561 3650 ranae
578 3595 681 3664 gloriae
694 3595 802 3650 minime
820 3595 944 3665 cupidus,
962 3595 1085 3650 minnere
1098 3596 1184 3650 voluit
1195 3596 1432 3664 exaggerationem
1445 3594 1533 3663 amici,

181 3682 326 3752 imaginent
351 3681 439 3758 ipsam
464 3683 604 3752 abjiciens.
638 3683 827 3753 Berneggerus
852 3700 907 3739 uon
931 3682 1079 3738 obsecutus
1104 3681 1216 3753 iiepleri
1238 3684 1377 3754 petitioni,
1402 3682 1463 3738 ioco
1487 3699 1535 3739 suo

182 3771 293 3840 reliquit
315 3769 458 3841 imaginem
483 3771 642 3842 (pigmentis
667 3772 764 3827 olentis
788 3770 902 3842 pictam)
926 3787 1011 3842 enque
1035 3773 1176 3840 usquein
1203 3789 1303 3827 annum
1331 3773 1407 3829 1870.
1430 3787 1536 3828 consen

182 3867 244 3915 rata
262 3865 305 3913 cst
321 3857 487 3928 Argentinac
511 3859 539 3913 in
567 3858 631 3915 aula
655 3859 824 3926 academiae,
849 3859 892 3913 bis
917 3875 983 3914 auro
1011 3859 1092 3928 pictis
1118 3859 1222 3915 verbis:
1255 3859 1379 3917 Joonats
1404 3861 1538 3932 Kappicn'

182 3948 272 4006 lieth
291 3947 422 4004 Gomorca'
447 3948 519 4004 bose
539 3949 688 4019 imaginem
704 3947 933 4020 Argentoratcaot‘
950 3947 1140 4004 Bibliothecae
1164 3963 1284 4004 omnem.
1308 3947 1446 4003 diotbios
1468 3947 1537 4002 Bar·

180 4051 307 4092 macras
336 4035 403 4092 Kal,
430 4036 500 4093 Just.
526 4053 603 4092 uano
631 4035 694 4093 oar.
721 4035 947 4092 MDOXXVII.
983 4037 1040 4091 Nos
1058 4034 1129 4090 hanc
1153 4035 1309 4105 imaginem,
1335 4032 1537 4088 accuratissime

182 4123 362 4192 descriptam,
392 4121 455 4180 huic
473 4125 603 4179 volumini
624 4125 820 4195 praemisimus.
856 4125 999 4194 Rationes,
1019 4125 1118 4196 quibus
1136 4126 1203 4180 moti
1223 4126 1424 4194 Berneggerum
1448 4135 1537 4190 usqua

182 4227 246 4267 raro
265 4209 414 4281 lieplerurn
438 4213 525 4268 secuti
542 4213 687 4279 fuerimus,
713 4213 765 4268 hae
784 4219 856 4268 sunt.
896 4213 985 4283 Supra
1008 4213 1140 4284 diximus,
1166 4212 1315 4282 Koplerum
1334 4210 1405 4266 forte
1422 4207 1536 4265 oblitum

183 4315 244 4358 ease
262 4301 382 4370 speciem
399 4298 471 4356 illius
489 4301 625 4371 imaginis,
645 4315 725 4371 quam
743 4301 916 4372 Berncggcro
935 4301 1060 4370 miserat3
1078 4309 1152 4357 certe
1177 4302 1199 4356 si
1220 4315 1331 4370 ,parum
1349 4298 1408 4370 suit
1427 4296 1537 4352 babuis-

184 4396 233 4459 aat,
251 4389 324 4444 illam
338 4389 506 4457 Gringalleto
525 4405 580 4444 nou
594 4389 803 4460 Argentoratum
816 4389 955 4444 ferendam
974 4389 1162 4445 commisisset.
1187 4387 1292 4444 Deinde
1304 4387 1408 4441 nullum
1426 4384 1536 4440 dubium

184 4483 234 4545 ast,
254 4476 320 4546 uun
339 4477 525 4547 Berneggarus
544 4477 689 4545 imaginem
708 4475 790 4547 illam,
812 4479 836 4534 si
855 4477 938 4548 plane
960 4477 1147 4535 abhorruisset
1166 4475 1327 4544 averitate,
1345 4472 1455 4544 publico
1476 4471 1536 4526 loco
1648 4539 1650 4550 ,

184 4571 211 4622 et
227 4581 277 4621 suo
295 4563 451 4634 insignitam
468 4567 577 4622 nomine
593 4564 778 4621 collocaturus
796 4564 887 4624 fuerit.
919 4565 1011 4620 Tertio
1024 4564 1188 4618 describitur
1209 4575 1309 4629 corpus
1326 4559 1438 4628 licplori
1455 4557 1537 4614 molle

184 4660 213 4708 at
223 4669 347 4724 parram,
364 4661 455 4718 tenue,
468 4654 569 4723 gracile
582 4656 616 4722 (v.
630 4655 675 4722 sla
693 4654 829 4711 Martinus
843 4656 955 4712 Crusius
973 4660 1088 4709 annotat
1099 4652 1127 4704 in
1142 4648 1282 4715 ,Diario“:
1302 4647 1379 4703 1196.
1399 4648 1537 4706 biartsli.

186 4755 287 4806 ,mena
305 4739 457 4810 excipimur
474 4741 503 4796 in
521 4742 601 4797 domo
620 4741 760 4797 facultatis
778 4749 890 4799 nostrae
908 4743 946 4798 M.
965 4743 991 4796 J·.
1005 4741 1162 4810 lieplerum,
1181 4733 1288 4790 Grnaeii
1306 4733 1537 4807 mathematicum,

185 4829 230 4896 qui
248 4845 321 4884 nora
338 4829 473 4897 quaedam
489 4829 517 4884 in
535 4829 724 4886 astronomicis
742 4828 891 4898 invenerat,
910 4829 955 4883 hic
967 4825 1129 4883 excudenda
1146 4821 1277 4889 (Pulcher
1284 4821 1432 4890 menet).
1457 4823 1535 4880 Haec

184 4915 273 4972 onnia
284 4929 347 4972 cum
358 4912 477 4985 imagine
485 4917 710 4987 argentoratensi
718 4923 878 4986 congruum
899 4908 1537 4981 Contraorauaainaoconsntiuntimaglnsra
