3588 5540
713 427 755 488 aa
772 426 886 502 septen
903 427 1012 488 summ
1416 434 1419 448 ·
1473 427 1537 500 937

185 610 305 684 putaret
327 608 497 670 memoriam
519 625 612 685 suam,
636 616 669 671 ut
691 626 796 672 munus
819 609 879 671 illic
901 611 958 670 sibi
973 613 1179 688 prospicerent.
1217 612 1273 674 Ubi
1291 632 1355 674 oum
1372 612 1454 675 nulla
1468 631 1536 693 sper

185 701 264 756 asset
285 703 388 772 aptum
410 696 508 758 locum
531 715 567 758 ec
588 697 688 758 sedem
711 698 888 770 inveniendi,
920 716 1034 760 ornnem
1056 717 1138 776 spem
1160 700 1306 778 Keplerus
1328 707 1475 779 resposuit
1505 705 1535 762 iu

184 781 335 859 'l'ycbone
380 781 437 859 Qui
461 801 526 845 cum
545 787 608 861 jem
631 791 719 846 autea
740 787 837 863 ipsum
858 787 1013 848 inuitasset
1036 794 1067 846 ut
1089 804 1187 848 secum
1211 790 1358 850 laboraret
1380 797 1409 850 ct
1433 809 1451 851 a
1472 789 1537 849 Ru-

184 868 294 948 dolpbo
317 872 490 948 imperatore
513 875 542 932 in
565 873 679 950 Pregee
709 874 809 934 urbem
837 881 959 934 vocatus
987 877 1092 934 iterum
1120 885 1256 938 vocasset
1277 877 1454 953 Keplerum,
1485 877 1536 941 illc

183 959 282 1016 animo
305 956 397 1019 libero
420 977 456 1021 ae
478 959 574 1021 soluto
597 962 674 1021 curis
697 977 762 1021 cum
785 961 897 1022 familie
918 979 974 1022 ιιιιι
995 963 1099 1040 (uxore
1121 972 1151 1023 et
1173 962 1318 1042 privigne)
1339 963 1473 1026 Granium
1489 983 1538 1025 re·
1626 1035 1630 1044 ι

183 1043 287 1122 liquit,
316 1045 421 1108 locatis
450 1048 583 1126 conjugis
613 1049 706 1127 egris,
737 1065 802 1109 cum
830 1067 970 1111 concesso
999 1058 1130 1128 tempore
1158 1052 1330 1112 brevissimo
1361 1069 1412 1114 eos
1440 1069 1536 1130 aequo

183 1133 278 1210 pretio
300 1134 428 1197 vendere
450 1151 508 1196 non
531 1144 641 1214 posset
1568 1133 1574 1144 ’

290 1219 498 1284 Dissensiones
518 1234 627 1297 eutem,
650 1241 727 1300 quae
751 1224 832 1286 brevi
854 1232 1011 1303 postquam
1034 1225 1180 1303 Keplerus
1201 1226 1327 1304 Pregam
1357 1228 1439 1287 venit
1461 1229 1536 1288 inter

186 1309 283 1386 ipsum
305 1316 335 1370 et
351 1308 521 1389 Tyebonem
543 1312 743 1386 interfuerunt,
767 1329 856 1389 supra
874 1321 910 1388 (p.
928 1319 980 1374 727
999 1321 1048 1388 ιι.)
1066 1317 1231 1376 accuratius
1248 1317 1455 1392 cognorimua3
1479 1314 1536 1374 boc

182 1395 249 1456 loco
273 1402 386 1456 tantmn
416 1398 545 1476 dicatur,
577 1399 728 1461 mulierem
760 1416 878 1476 quoque
908 1403 1034 1462 virorem
1067 1402 1219 1463 discordiis
1246 1402 1405 1464 laborasse.
1452 1401 1536 1478 Quae

184 1499 251 1543 cnm
273 1487 399 1546 maxima
422 1489 516 1548 invite
538 1489 677 1566 patriam,
701 1488 896 1565 propinquos,
920 1490 1031 1550 amicus
1052 1489 1234 1568 reliquisset,
1259 1498 1288 1552 at
1309 1489 1389 1551 haud
1411 1491 1472 1549 scio
1496 1507 1534 1550 an

181 1570 238 1632 bec
261 1571 326 1633 sole
348 1591 378 1634 re
401 1582 480 1636 esset
502 1583 648 1636 commota
668 1580 702 1635 ut
724 1576 859 1636 maritum
874 1594 995 1654 peregre
1010 1587 1126 1641 euntem
1141 1585 1320 1655 sequeretur,
1344 1577 1423 1654 quod
1440 1585 1535 1639 metus

182 1659 370 1735 tuberatae,
394 1659 571 1724 Lutberauie
592 1681 708 1724 summa
729 1665 845 1739 imperil
874 1667 1028 1741 iniquitate
1051 1683 1103 1742 per
1124 1653 1253 1744 Styriae
1268 1668 1449 1742 prouinciam
1479 1681 1535 1742 op·

181 1747 308 1823 pressis,
339 1748 426 1810 iidem
456 1767 514 1810 uon
543 1759 656 1812 mutare
678 1767 737 1810 uon
759 1758 869 1827 posset,
894 1751 1007 1829 Pragae
1030 1771 1140 1814 nouum
1162 1752 1274 1826 locum,
1305 1771 1399 1813 novas
1420 1769 1468 1814 ree
1489 1753 1537 1811 in·

181 1851 293 1912 gressa,
317 1835 421 1913 solam,
446 1837 626 1913 destitutam,
648 1837 812 1916 neglectam
834 1837 938 1900 mulier
959 1857 992 1901 se
1015 1841 1144 1902 credidit.
1190 1841 1228 1900 Et
1249 1841 1436 1918 Tycbonicee
1460 1857 1538 1917 quo·
1647 1843 1652 1854 '

132 1987 136 1994 ,
183 1938 241 2000 que
264 1922 392 1984 familiae
415 1928 621 1988 commercium
643 1933 673 1987 et
694 1928 891 1988 necessarium
914 1935 943 1988 et
958 1927 1119 2006 multiplex,
1143 1945 1210 1988 curn
1224 1927 1370 2005 Keplerus
1385 1927 1535 2005 Tycbuun

180 2012 212 2069 in
235 2008 322 2070 domo
345 2012 504 2084 babitaret.
534 2031 592 2076 uon
615 2015 758 2090 optimum
779 2013 870 2074 luisse
894 2016 1022 2090 videtur,
1051 2019 1177 2093 pecunie
1199 2034 1305 2094 parre,
1335 2016 1462 2090 innotus,
1486 2016 1537 2092 qui

179 2115 214 2158 ex
238 2097 372 2176 conjugis
399 2103 478 2178 egris
508 2103 538 2160 iu
559 2101 658 2179 Styrie
687 2099 830 2174 redirent,
861 2101 936 2162 adeo
959 2120 1018 2163 uon
1041 2103 1143 2165 ordina
1172 2104 1277 2178 soluti,
1309 2111 1342 2163 ιιι
1363 2105 1536 2182 saepissime

181 2187 299 2264 inopiae
321 2189 408 2248 tirnor
430 2207 449 2250 a
470 2188 583 2251 familia
605 2188 685 2249 baud
708 2187 809 2266 procul
824 2190 951 2252 abesset.
969 2183 1012 2235 -’
1026 2191 1129 2270 'lycbc
1153 2191 1270 2269 quidem
1293 2190 1446 2270 familiam,
1469 2207 1536 2252 cum

179 2291 225 2334 res
247 2274 432 2352 postulabat,
457 2292 572 2355 semper
594 2279 720 2354 pecunie
742 2276 872 2353 adjuvit,
896 2277 948 2338 sed
972 2278 1089 2340 Danum
1110 2279 1273 2353 Beronum,
1297 2297 1364 2340 cum
1386 2279 1416 2338 in
1439 2277 1537 2340 insula

179 2379 234 2420 ιιιι
257 2360 385 2423 Hueune
406 2365 542 2442 princeps
572 2372 667 2439 esset,
696 2363 883 2442 imperando,
903 2365 1035 2442 jubendo
1059 2375 1225 2440 assuetum,
1258 2367 1307 2444 qni
1338 2373 1444 2427 nature
1471 2367 1537 2444 ipse

180 2447 338 2510 altissimos
361 2453 475 2512 animoa
498 2469 533 2514 ae
547 2453 666 2530 spiritus
688 2453 784 2527 serrat,
808 2459 837 2512 et
859 2453 953 2514 lactus
976 2453 1069 2531 ipsius
1092 2456 1275 2532 imperatoris
1298 2462 1484 2516 aeconomus
1507 2462 1537 2516 et

182 2535 428 2600 familiarissimus
451 2542 540 2601 etiam
562 2541 656 2616 magis
679 2539 770 2600 aleret
793 2546 822 2601 et
843 2547 965 2618 augeret
979 2545 1069 2601 animi
1093 2542 1290 2614 insolentiam,
1313 2541 1483 2602 adulatione
1506 2549 1537 2602 et

180 2625 318 2686 interiora
341 2626 467 2702 quedem
490 2628 738 2689 nobilissimorum
761 2628 889 2688 uirorum
912 2630 1124 2692 consuetudine
1145 2630 1233 2708 plene
1257 2638 1434 2707 corruptum,
1457 2628 1537 2692 hunc

181 2714 277 2773 uirum
299 2722 388 2790 putas
411 2733 482 2792 erge
503 2717 636 2792 magistri
658 2731 777 2776 uxorem
799 2731 915 2793 semper
937 2717 1080 2777 urbanum
1102 2737 1135 2779 se
1157 2718 1329 2796 praebuisse
1351 2725 1382 2777 at
1402 2714 1537 2778 subsidia

180 2817 236 2860 sue
258 2817 317 2862 nou
341 2805 468 2862 maxima
489 2802 633 2864 beneficia
655 2801 842 2864 ostendisse?
873 2802 938 2878 Quo
961 2805 1070 2866 lecturo
1094 2813 1153 2880 est,
1178 2814 1301 2883 atquae
1318 2805 1397 2864 domi
1413 2806 1535 2866 comiter

181 2894 212 2949 et
232 2887 394 2950 liberaliter
421 2890 524 2952 baberi
545 2890 634 2951 solita
656 2896 701 2952 est
722 2891 836 2966 mulier,
859 2893 1018 2967 aegerrime
1041 2893 1097 2956 boc
1126 2894 1214 2954 ferrat
1242 2901 1272 2954 et
1294 2909 1362 2952 mox
1388 2890 1535 2953 ardentis·

181 2977 287 3037 simum
311 2995 376 3036 eam
398 2980 510 3054 patriae
533 2978 709 3040 desiderium
730 2985 854 3054 caperet
900 2978 966 3055 Quo
995 2997 1091 3042 rerum
1113 2989 1193 3043 statu
1216 2998 1294 3059 quae
1321 2996 1415 3057 nsque
1437 2977 1535 3041 adbuc

181 3065 309 3126 maxime
338 3064 497 3143 tranquilla
519 3073 549 3128 et
571 3073 708 3128 contente
729 3066 825 3126 iuerat
854 3067 916 3128 vita
945 3070 1064 3145 saepius
1085 3071 1203 3131 turbata
1232 3077 1285 3130 est.
1330 3067 1399 3128 Huc
1420 3065 1536 3127 accedit

182 3151 263 3229 quod
285 3151 431 3231 Keplerus
452 3171 511 3216 non
534 3153 638 3216 eadem
660 3171 720 3230 que
742 3152 836 3214 Gratti
860 3155 1048 3219 observantia
1064 3156 1208 3220 desertans
1230 3173 1314 3217 suam
1336 3171 1457 3216 uxorem
1480 3170 1535 3214 ou-

181 3257 247 3300 rere
269 3247 401 3316 poteret,
434 3257 501 3301 cnm
523 3248 553 3302 at
574 3244 695 3319 negotia
717 3259 735 3302 a
757 3241 899 3320 Tyclrone
929 3245 1069 3305 mandate
1090 3253 1119 3306 et
1142 3247 1207 3322 ipse
1237 3243 1337 3304 studia
1358 3259 1410 3321 per
1433 3248 1534 3302 noctes

184 3325 307 3403 diesque
329 3329 383 3387 viri
409 3335 524 3405 tempus
547 3336 576 3390 et
599 3347 717 3408 operam
740 3336 918 3406 occuparent
939 3339 969 3391 et
989 3335 1118 3394 maxime
1140 3332 1320 3408 astrologiae
1342 3329 1534 3406 experientia,

184 3415 269 3492 cujus
290 3415 369 3476 ieme
392 3433 426 3476 ιι
451 3415 554 3478 Gratis
578 3417 613 3478 de
637 3434 673 3496 eo
695 3425 909 3493 praecesserat,
941 3435 999 3479 non
1022 3423 1142 3482 minima
1165 3438 1255 3482 causa
1278 3427 1370 3494 esest,
1401 3433 1452 3477 cur
1474 3433 1533 3478 non

183 3510 216 3564 ut
237 3503 334 3564 voluit
356 3520 428 3563 uxor
451 3512 545 3566 totum
566 3521 599 3566 sa
621 3504 664 3564 illi
687 3512 717 3566 ιι
738 3503 838 3564 liberis
860 3508 923 3565 suis
945 3505 1050 3569 dedere
1066 3516 1175 3585 posset
1194 3541 1228 3552 —
1248 3508 1322 3568 Cum
1344 3508 1422 3568 enim
1445 3505 1534 3566 nobi-

182 3589 287 3651 lissimi
309 3589 470 3652 aulicorum
493 3593 630 3670 precibus
659 3609 725 3653 aum
749 3601 888 3654 uexarent
910 3600 940 3654 et
961 3596 1131 3672 fatigarent,
1147 3604 1195 3656 ·ut
1222 3597 1280 3656 sibi
1302 3595 1391 3656 bores
1413 3598 1535 3672 poneret

183 3684 270 3739 etex
293 3678 387 3738 natali
410 3679 456 3740 die
479 3681 571 3740 vitem
594 3679 776 3756 praediceret
798 3681 940 3754 futuram,
967 3683 1031 3760 jam
1053 3690 1117 3744 tum
1139 3689 1261 3761 coeptus
1288 3692 1334 3743 est
1356 3701 1391 3744 ιι
1414 3683 1533 3757 negotio

182 3765 270 3827 borae
297 3765 426 3842 ponendi
457 3774 598 3843 quaestus
623 3769 733 3846 percipi
763 3766 843 3828 baud
874 3770 1118 3832 contemnendus:
1150 3789 1239 3848 qnam
1267 3779 1360 3832 artem
1386 3767 1532 3846 Keplerus

181 3856 254 3932 lpse,
278 3855 414 3929 quemvis
436 3854 473 3915 de
494 3855 583 3932 bajus
613 3854 724 3916 oraculi
747 3858 870 3917 veritate
901 3865 929 3918 et
956 3857 1130 3920 certitudine
1161 3859 1309 3920 dubitaret
1339 3858 1533 3933 omnibusque

182 3943 233 4018 qul
256 3957 324 4000 eum
346 3949 528 4018 quaererent,
552 3944 756 4002 vaticiniorum
779 3943 899 4006 dubiam
922 3953 951 4006 et
973 3948 1113 4008 incertam
1134 3964 1217 4025 apem
1240 3964 1305 4008 esse
1321 3946 1437 4020 diceret,
1461 3962 1532 4022 pre·

182 4027 304 4090 cedente
328 4036 457 4107 tempore
480 4033 611 4091 exercuit
631 4029 895 4111 studiosissimat)

286 4114 370 4192 Ques
392 4119 518 4194 pecunie
532 4118 701 4180 adventicia
715 4121 851 4194 quamuis
865 4119 952 4182 valde
967 4121 1123 4198 adjuvaret
1139 4140 1205 4188 ,rem
1228 4121 1409 4193 familiarem,
1433 4126 1531 4180 temen

179 4202 302 4282 Kepleri
324 4221 399 4265 uror
421 4211 482 4265 tum
506 4204 623 4266 demum
646 4207 675 4264 in
698 4205 786 4266 rebus
808 4215 838 4268 et
860 4217 938 4268 sorte
960 4227 1015 4270 ena
1029 4211 1187 4286 acquievit,
1211 4227 1277 4270 cum
1292 4206 1432 4286 Tycbone
1452 4223 1532 4266 mor-

179 4298 230 4350 tno
257 4288 368 4372 (1601)
398 4309 488 4369 opera
520 4293 658 4354 inchoata
685 4292 814 4371 Keplero
846 4295 1023 4372 perficienda
1056 4298 1262 4358 manderentur
1292 4305 1322 4356 et
1351 4295 1435 4355 brari
1465 4301 1532 4372 post

179 4379 379 4457 (idoalipee
402 4381 584 4458 imperatoris
606 4381 703 4442 iactus
726 4389 805 4442 essct
826 4391 1019 4458 astronomus,
1041 4386 1085 4445 ita
1107 4384 1224 4462 quidem
1247 4391 1280 4442 ut
1302 4399 1361 4442 non
1380 4389 1413 4440 ut
1428 4379 1531 4460 Tycho

178 4483 334 4529 aureorum
365 4468 421 4528 tria
442 4466 549 4543 millia,
581 4467 634 4528 sed
665 4475 778 4530 tantum
801 4469 1031 4548 quadringentos
1059 4473 1185 4534 florenos
1213 4469 1335 4531 baberet
1356 4468 1529 4534 mercedem.

282 4637 309 4706 ¹⁸¹)
329 4639 449 4690 (lodicum
468 4639 671 4692 Pulkorienelnm
691 4657 741 4691 nun
758 4657 823 4708 pena
841 4643 905 4692 nihil
919 4643 989 4693 allud
1003 4647 1152 4708 continetur,
1172 4657 1246 4708 qnam
1259 4641 1391 4706 praedicta
1403 4641 1529 4710 natalitia,

178 4725 240 4774 ques
257 4711 351 4776 partim
370 4711 557 4760 ιιιιιιιιιιοιιιι
583 4725 658 4760 causa
682 4715 830 4777 composita,
854 4729 899 4776 par
888 4715 944 4762 rlim
964 4715 1072 4772 (circiter
1089 4715 1247 4778 septingenta
1265 4713 1448 4772 octingenteno)
1472 4721 1531 4764 suut

177 4781 295 4844 exempla
313 4795 409 4845 eorum,
428 4793 491 4842 quae
509 4783 540 4830 ab
558 4781 704 4832 homiuibus
723 4783 765 4830 div
751 4797 792 4830 ιι
783 4785 901 4834 rslsslnris
919 4783 1056 4844 efflagitate
1074 4789 1153 4834 amnt.
1178 4782 1290 4830 Plurima
1307 4787 1401 4842 erstem,
1419 4797 1450 4832 ns
1467 4787 1529 4832 serl-

176 4851 258 4901 bendo
276 4851 400 4915 temporis
418 4851 523 4900 nlmlnrn
541 4855 675 4916 tereretur,
699 4854 726 4900 ln
745 4851 839 4906 tabells
859 4854 948 4915 ligneis
965 4855 1090 4920 iuscripta
1107 4856 1181 4916 snut,
1200 4851 1233 4900 ed
1250 4850 1278 4900 id
1295 4851 1379 4916 ipsum
1394 4818 1529 4926 ¹conticetis,

175 4935 283 4988 quuum
299 4917 440 4988 paruulus
458 4933 551 4974 uacuas
568 4926 628 4972 suut
644 4923 734 4978 ιιιιιιι.
755 4950 787 4960 -
