3624 5554
270 385 336 460 ωε
782 395 1120 472 trucemtrucem.

269 569 431 643 videbitur,
461 569 569 645 quibus
591 587 648 650 ego
670 571 787 637 dnobus
807 580 1073 656 propugnatoribus
1095 597 1153 643 noe
1176 582 1320 646 dubitabo
1342 587 1433 647 ιιιιιιι
1460 587 1540 649 orbis
1559 587 1622 664 iam

268 660 410 718 excitetss
433 659 639 720 insectationes
663 661 728 722 iorti
751 666 848 725 auimo
878 669 1030 732 sustinere.
1075 669 1127 731 Sin
1150 679 1247 732 sutem
1279 672 1308 732 id
1332 683 1506 735 consecutus
1528 675 1620 750 luero,

270 753 302 806 ut
325 761 401 821 ques
424 745 523 805 insunt
554 747 682 822 infirma,
715 752 815 828 iuepte
845 761 874 812 et
903 755 1042 831 puerilia,
1072 758 1172 834 quelie
1192 760 1263 820 mibi
1290 778 1343 837 per
1369 769 1496 824 nentem
1531 762 1624 824 muita

269 833 453 904 exciderunt,
482 851 605 895 censura
628 837 754 898 volueris
777 848 895 916 notare,
919 859 956 904 arr
981 861 1036 921 ego
1060 861 1117 905 oon
1136 863 1249 908 rursum
1273 848 1441 925 hujusmodi
1463 850 1622 928 repreben-

268 922 380 994 eioncm
408 920 500 979 totius
527 923 644 998 mundi,
673 927 699 984 ei
722 935 814 1000 osset,
844 931 977 990 assensui
1007 934 1192 1010 praeferam?
1229 933 1415 1012 Exemplarie
1437 953 1495 997 non
1518 937 1622 999 dubito

268 1011 338 1084 quin
361 1017 449 1068 antes
471 1009 591 1084 bebeee,
616 1029 705 1089 quare
727 1014 813 1075 facile
835 1020 948 1093 patior,
971 1027 1004 1078 ιιι
1026 1019 1183 1081 diiiicnitss
1206 1023 1418 1084 manumittendi
1441 1043 1494 1103 per
1508 1033 1621 1086 tentum

268 1096 454 1156 intervalium
485 1115 503 1154 e
532 1099 673 1160 mittendo
704 1119 751 1162 me
783 1112 897 1165 avocet.
952 1105 1082 1167 Tuccium
1114 1117 1212 1169 entem
1245 1127 1364 1188 operum
1397 1113 1435 1172 ad
1466 1129 1519 1172 noe
1549 1113 1623 1178 nihil
1724 1103 1728 1115 ’

267 1185 417 1260 perfertur,
441 1201 574 1262 quaeque
590 1187 627 1248 ds
640 1195 670 1248 ιι
686 1189 825 1266 sciebam,
849 1209 885 1252 ex
900 1191 1058 1255 Meestlino
1074 1195 1242 1258 didiceram.
1280 1198 1374 1259 Dabis
1389 1202 1478 1276 igitur
1496 1203 1621 1276 veniam,

267 1256 423 1420 aquibus?
446 1275 474 1330 in
497 1273 570 1334 iocis
593 1277 635 1335 tui
658 1279 784 1339 nominis
806 1282 983 1342 mentionem
1006 1283 1115 1344 iaciens
1138 1285 1274 1362 injuriam
1297 1287 1351 1347 tibi
1374 1295 1501 1365 tuaeque
1523 1288 1621 1367 hypo-

299 1377 342 1420 esr
377 1377 481 1421 acam.
984 1400 988 1408 ·

372 1448 462 1508 Plura
484 1447 628 1510 dicturum
651 1457 910 1532 quaesiturumque
925 1459 1089 1519 reuerentia
1103 1477 1150 1520 me
1165 1461 1279 1521 retinet.
1310 1461 1401 1538 Aperi
1416 1460 1539 1523 luctanti
1556 1465 1622 1523 voci

268 1537 347 1596 siam
369 1537 485 1612 seriptis
509 1537 546 1596 ed
570 1555 616 1598 me
639 1543 832 1617 paucissimis,
856 1543 965 1604 efficies
987 1548 1065 1606 cuim
1087 1555 1120 1606 ιιι
1134 1547 1188 1607 tibi
1212 1547 1416 1626 demensum,
1440 1555 1550 1627 quanto
1566 1553 1622 1610 sim

267 1622 505 1773 discelnataqffi
516 1625 613 1686 laudis
629 1627 769 1705 cupidior.
801 1629 891 1706 ane,
916 1633 969 1692 Vir
983 1633 1178 1711 nobilissime,
1202 1653 1327 1715 meaque
1343 1637 1396 1698 tibi
1418 1637 1517 1698 modia
1540 1655 1623 1699 com·

267 1727 333 1772 mon
371 1797 414 1860 ld.
439 1759 514 1861 Dec
537 1807 631 1864 1597.
981 1807 1056 1868 Nob.
1081 1815 1112 1870 et
1132 1809 1234 1888 Magn.
1264 1811 1348 1873 Tuae
1369 1813 1623 1874 reverentissimus

980 1894 1023 1956 Μ.
1038 1895 1072 1956 J.
1088 1896 1250 1973 Keplerue,
1273 1899 1319 1964 iil.
1336 1899 1452 1980 Styriee
1464 1901 1624 1963 Procerum
1725 1927 1728 1934 ·

978 1983 1007 2042 iu
1025 1982 1189 2063 Gymueeio
1205 1984 1366 2048 (irascenti
1385 1989 1622 2051 Mathematicus.

272 2147 278 2160 ·
372 2133 552 2191 Reimarus
576 2132 680 2190 Ursus
703 2133 758 2188 hoc
780 2150 852 2190 enno
875 2135 1019 2205 respondit
1041 2137 1076 2194 ed
1098 2135 1192 2194 literas
1215 2137 1329 2208 Kepleri
1354 2153 1426 2194 ιιιιιο
1450 2139 1517 2196 1595
1542 2138 1623 2196 dates

267 2230 299 2284 ιι.
317 2239 343 2288 p.
357 2225 426 2287 etsi,
445 2218 584 2289 exemplar
602 2227 735 2289 expetens
752 2221 907 2287 Prodromi,
926 2222 1007 2280 simul
1025 2239 1058 2280 eo
1076 2239 1163 2293 usque
1180 2239 1345 2296 progressus
1362 2231 1404 2280 eet
1421 2225 1502 2286 homo
1520 2226 1624 2296 gloriae

266 2307 380 2377 cupidus
399 2307 590 2376 Tyobouisque
608 2307 764 2364 auctoritati
787 2309 986 2368 astronomicus
1004 2311 1091 2380 meeis
1109 2311 1249 2381 meumque
1272 2313 1405 2370 crescami
1429 2313 1567 2382 inridens,
1593 2321 1624 2370 ut

265 2395 359 2452 literne
377 2395 439 2451 illes
457 2396 568 2466 Kepieri
587 2397 746 2466 praefixerit
763 2397 894 2454 treetetui
912 2414 972 2464 auo,
989 2413 1070 2468 quem
1087 2399 1227 2470 inscripsit
1247 2399 1304 2464 ,De
1323 2399 1519 2459 introeuntem
1537 2399 1623 2471 hypo·

267 2483 417 2540 thesibue.“
455 2484 549 2554 Tycho
567 2491 714 2540 treciutum
732 2483 806 2540 bunc
828 2483 909 2542 simrsl
933 2501 994 2540 oum
1013 2485 1126 2556 Kepieri
1144 2486 1261 2558 epistola
1278 2487 1314 2542 ad
1336 2487 1427 2557 ipsum
1445 2486 1510 2542 dete
1527 2488 1623 2556 (meuse

267 2573 410 2640 Decembri)
428 2571 536 2642 accepit
554 2577 582 2626 et
599 2579 690 2628 motus
707 2573 771 2630 Ursi
787 2572 939 2642 columniis,
957 2572 1055 2642 quibus
1068 2574 1184 2632 reiertns
1197 2579 1239 2632 est
1251 2580 1385 2632 uectatus
1396 2572 1453 2645 iile,
1471 2574 1622 2645 Kepierum

266 2659 333 2718 ndiit
351 2661 444 2730 (Aprili
463 2663 542 2731 1598)
560 2674 704 2729 qusereue,
723 2660 822 2729 quibus
839 2667 930 2718 motus
948 2661 1038 2716 causis
1056 2660 1194 2718 bominem
1211 2661 1284 2722 bunc
1301 2663 1385 2719 tentis
1397 2661 1524 2720 laudibus
1542 2681 1622 2720 orua-

268 2747 345 2804 serit.
385 2748 543 2817 ,Cuperem
562 2747 665 2816 iuquit,
683 2753 717 2803 nt
732 2747 820 2819 primo
840 2762 949 2818 quoqne
966 2754 1088 2818 tempore
1106 2751 1181 2820 spud
1198 2765 1241 2806 me
1260 2749 1426 2806 dechretum
1443 2746 1622 2820 relinqueres,

265 2851 300 2892 sn
318 2835 367 2892 tibi
386 2841 494 2905 metum
512 2835 560 2904 eit,
583 2835 657 2905 quod
681 2834 721 2892 sio
745 2833 843 2892 iecerit
860 2833 965 2901 (litores
983 2834 1095 2906 Kepieri
1112 2834 1301 2906 cubicareriu
1327 2843 1355 2894 et
1382 2835 1446 2906 quid
1465 2836 1499 2894 de
1517 2837 1621 2908 scripto

263 2923 316 2978 isto
335 2922 469 2980 virulento
487 2923 612 2980 senties.i
644 2922 795 2980 excusetis
813 2921 926 2992 Kepicri
942 2922 1051 2994 uimque
1068 2938 1140 2993 qrrae
1158 2923 1193 2980 ed
1211 2923 1312 2980 Ursum
1333 2923 1410 2982 illem
1427 2926 1565 2994 pertinent
1582 2926 1621 2982 le·

264 3013 364 3080 eantur
381 3008 435 3066 vol.
455 3011 475 3066 1.
493 3025 520 3080 p.
538 3011 592 3066 220
609 3026 646 3066 ss.

369 3098 566 3156 Heruertus
586 3098 624 3154 ub
642 3097 861 3168 Hohenburg‚
885 3097 1018 3154 Baseriec
1040 3097 1235 3166 concellarius,
1259 3099 1376 3169 primum
1399 3099 1453 3155 boc
1476 3115 1548 3156 enno
1571 3115 1621 3171 per

265 3183 359 3242 literne
377 3185 444 3242 odiit
462 3186 620 3256 chicsum,
639 3193 736 3255 petens
754 3201 803 3256 per
815 3184 950 3242 lesuitem
963 3182 1189 3254 Griinbergcrum,
1210 3186 1257 3255 ursi
1274 3186 1362 3244 (iretii
1378 3185 1545 3244 mathemata
1557 3205 1620 3258 pro·

266 3272 402 3344 iitebntur,
420 3281 451 3332 ιιι
464 3272 599 3342 judicium
622 3274 674 3330 sibi
697 3274 782 3330 ferret
804 3274 839 3331 de
864 3274 927 3328 loco
946 3271 1063 3342 quedem
1082 3273 1200 3343 Luceni,
1222 3273 1251 3328 in
1271 3290 1325 3343 quo
1343 3274 1620 3345 astrologica'occur·

263 3366 334 3418 rant
358 3361 563 3431 Responsiones
581 3361 703 3432 Kepieri,
722 3361 803 3420 datae
822 3361 847 3416 d.
862 3360 1167 3429 intentamente.
1185 3361 1264 3428 1597,
1281 3359 1409 3431 legantur
1426 3361 1480 3420 rol.
1493 3363 1516 3420 Ι.
1529 3379 1559 3434 p.
1571 3366 1617 3422 60.

265 3451 294 3504 iii
318 3454 345 3504 ct
363 3448 415 3504 rol.
435 3449 480 3503 IV.
500 3465 525 3518 p.
545 3451 666 3520 ’13-87;
684 3466 719 3506 cx
738 3449 889 3522 posteriore
906 3448 981 3504 huuc
998 3447 1201 3517 paragraphum
1218 3447 1383 3517 repetimus:

368 3540 441 3600 Cum
464 3544 642 3618 accepissem
663 3544 763 3605 literas
779 3540 860 3602 Tuos
878 3545 931 3614 (24.
951 3544 1021 3615 Oct)
1044 3548 1074 3602 et
1089 3540 1370 3616 animadvertissem,
1394 3549 1426 3602 ut
1449 3543 1503 3603 tibi
1525 3546 1619 3604 satie·

263 3628 388 3689 iacerem
409 3629 544 3690 uerrnihil
566 3630 636 3690 mibi
659 3629 857 3692 leborisesse
879 3629 1074 3704 subeundum,
1094 3629 1157 3705 jem
1179 3635 1241 3690 tum
1262 3631 1371 3690 emisse
1393 3647 1463 3690 cura
1486 3629 1618 3692 celeriter

263 3715 456 3794 respondendi
480 3720 564 3794 coepi
585 3718 656 3778 mibi
680 3719 770 3780 obem
795 3716 946 3794 dispicere.
979 3715 1093 3792 Quibus
1117 3718 1193 3776 eninr
1209 3717 1453 3794 occupationibus
1468 3717 1619 3795 (quemvis

263 3813 292 3866 ιι
315 3807 449 3882 privatus
471 3814 501 3866 et
520 3805 654 3881 iuvenis)
678 3806 843 3880 diurmgsr,
866 3822 925 3866 uon
947 3812 993 3866 ιιι
1014 3821 1122 3881 operae
1137 3805 1264 3884 pretium
1278 3819 1438 3880 recensere,
1461 3807 1517 3864 uisi
1534 3814 1568 3865 nt
1586 3807 1617 3866 id

262 3895 428 3952 summatim
452 3892 563 3966 dicem,
595 3911 641 3954 me
672 3897 722 3953 ιιι
750 3895 901 3969 respirare.
949 3891 1023 3951 Cum
1045 3893 1134 3969 igitur
1158 3890 1259 3953 dedite
1281 3909 1372 3972 opera
1393 3909 1453 3952 rem
1474 3895 1505 3952 iu
1528 3894 1619 3956 terius

262 3981 413 4041 natalitius
436 3981 610 4057 rejecissem,
635 3987 667 4042 ut
689 3991 787 4042 temen
811 3989 893 4040 tento
917 3996 1011 4041 euseru
1033 3981 1163 4056 paratior
1185 3969 1382 4056 postmodum,
1404 3982 1516 4042 interea
1538 3999 1617 4041 uon-

261 4068 359 4129 nnlles
380 4069 467 4130 bores
489 4068 557 4128 eliis
577 4067 746 4143 laboribus,
770 4085 816 4127 me
838 4066 957 4132 hercule
973 4069 1127 4130 contemtis
1150 4076 1180 4128 et
1201 4067 1404 4145 poenitendis,
1430 4067 1507 4128 iurto
1530 4073 1617 4145 quasi

261 4167 376 4235 ereptas
399 4159 429 4216 in
451 4155 608 4218 lectionem
624 4155 747 4230 Luceni,
772 4154 908 4220 Οιιιιιιιι
929 4164 959 4216 ιι
981 4157 1134 4233 utriusqus
1149 4156 1298 4218 Ciceronis
1322 4153 1511 4234 epistolarum
1527 4157 1618 4218 rolu-
1658 4189 1663 4198 ·

262 4245 503 4312 minis‘iusumsi.
529 4275 568 4288 -

365 4344 410 4399 Ex
428 4342 514 4401 literis
532 4341 669 4412 prioribus
687 4341 757 4398 neec
774 4345 881 4400 tentum
899 4344 1035 4412 nummus,
1053 4356 1123 4412 quae
1140 4340 1175 4396 sd
1193 4341 1328 4398 loannem
1345 4341 1497 4412 Bepir'stem
1515 4343 1616 4402 Ficir·

262 4433 368 4488 lerum
387 4432 537 4503 pertinent,
559 4430 685 4488 electoris
703 4430 884 4500 dissimiliani
902 4431 925 4486 1.
949 4429 1082 4487 Bermise
1099 4427 1177 4486 ducis
1200 4435 1416 4500 praeceptorem.
1451 4429 1525 4486 Petit
1542 4431 1617 4502 Kep-

261 4519 343 4590 lems,
364 4529 411 4587 „ut
430 4521 588 4576 Hcrwsrtus
607 4533 636 4574 se
654 4521 767 4576 Ductori
778 4518 914 4584 Ficislero,
932 4517 1161 4586 moestissimo,
1179 4517 1226 4588 qni
1238 4517 1474 4588 consanguinitate
1486 4527 1616 4590 perantes

262 4624 327 4666 suos
344 4609 468 4678 attinget,
486 4607 681 4664 commendem.
718 4607 808 4664 Vitem
826 4605 908 4676 husius
925 4605 1046 4662 Fickleri
1063 4605 1124 4660 vide
1142 4602 1217 4674 apud
1235 4605 1388 4662 Gmnerum
1405 4620 1433 4674 p.
1452 4606 1487 4661 39
1504 4623 1528 4661 ι.

367 4699 446 4752 Duce
463 4702 610 4766 supereum
622 4695 756 4765 epistolae
768 4694 870 4752 Morti
878 4695 911 4750 ni
923 4696 988 4752 Gru
996 4711 1009 4750 s
1018 4693 1052 4766 ii,
1071 4691 1186 4750 celebris
1197 4693 1272 4750 iliius
1284 4694 1448 4763 preiessoris
1460 4694 1615 4766 Tub'mgen·

263 4785 314 4851 sie,
338 4783 373 4840 ed
395 4785 543 4854 Kepierum
574 4785 652 4842 esuis
675 4784 745 4842 1595
768 4789 796 4842 ιι
822 4782 856 4838 97
879 4781 976 4851 detes,
1006 4797 1021 4838 ι
1042 4781 1141 4850 quibus
1169 4789 1297 4853 apparet,
1331 4780 1409 4838 iilum
1438 4783 1616 4854 respondisse

263 4870 374 4942 moso,
393 4871 536 4942 quaerenti
553 4871 587 4931 de
605 4870 689 4934 tebet
704 4868 903 4944 &ousiosim
920 4874 949 4930 si
965 4869 1157 4940 musicis·
1193 4869 1245 4929 Dis
1262 4870 1320 4940 'iro
1334 4869 1410 4931 iunii
1422 4871 1499 4930 1596.
1519 4872 1618 4934 subit
