3588 5540
831 385 907 448 tile.
1327 389 1336 414 “
1481 391 1545 462 871

194 565 342 630 recideret.
389 565 467 646 Quin
497 569 555 630 imo
585 567 704 630 dabitur
724 569 797 630 milri
819 569 1054 648 intelligendum,
1086 569 1316 634 renunciandum
1337 572 1410 633 mint
1432 571 1547 650 poian·

195 658 271 716 aioni
294 660 534 732 astronomicae,
552 663 710 736 postquam
734 659 797 736 jam
820 659 880 719 iere
903 661 1043 740 conreuui
1072 661 1102 718 in
1125 659 1212 737 hujus
1235 661 1382 737 dogmatia
1405 659 1547 734 doctrina,

194 746 309 805 nemine
337 750 398 804 tarn
421 743 472 805 diu
495 745 727 818 contradicente,
759 745 936 823 tandemque
959 746 1187 808 renunciandum
1210 750 1265 824 ipei
1288 750 1459 825 provinciae
1481 747 1547 808 Au·

195 835 297 908 atriae,
321 833 345 891 ai
369 833 398 890 ιιι
422 849 458 893 ea
479 849 538 894 non
561 836 598 894 ait
621 834 735 892 seturna
757 833 840 894 locun
863 832 991 895 libertati
1011 834 1329 912 philosophicae...
1367 835 1548 896 Hanucuiea

195 921 319 998 paginae
334 925 374 980 80
398 919 558 982 nuncnunc.
594 919 812 998 Typograplrua
826 921 1089 997 Fratrcoiurieuaie,
1113 925 1164 999 qui
1186 930 1301 983 aumtua
1323 922 1396 982 mihi
1412 923 1547 997 retundit,
1573 985 1576 994 ,

194 1009 330 1066 aestimat
351 1007 499 1084 exemplar
520 1003 584 1088 NJ,
607 1008 724 1068 florenis
746 1009 939 1072 Freneoiurti.
985 1010 1100 1069 Deauut
1123 1009 1194 1068 mihi
1222 1009 1319 1070 adhue
1341 1011 1460 1088 pauculi
1484 1013 1549 1090 typi

194 1093 338 1156 inrerendi
341 1136 447 1156 .....
494 1094 571 1171 Quia
586 1087 739 1172 Goperuici
762 1099 908 1158 sententie
922 1095 1087 1158 defenditur
1102 1097 1277 1158 alternative
1296 1098 1382 1175 juxta
1397 1097 1549 1178 Tyuhcnl·

195 1199 268 1255 cam,
293 1189 323 1243 et
345 1184 416 1260 quie
437 1185 571 1260 ruperint
594 1184 713 1244 Aneiria
729 1185 899 1260 recepitur,
923 1185 953 1242 in
977 1185 1061 1261 cnjus
1083 1187 1204 1246 servitio
1226 1184 1351 1262 perduro
1373 1187 1549 1262 necessarie,

194 1271 264 1346 qnia
285 1286 372 1331 neruo
395 1273 552 1347 quicquam
568 1278 719 1348 praeterea
733 1271 824 1332 coluit
846 1271 925 1333 uude
949 1274 1065 1332 viram:
1096 1271 1143 1333 hia
1166 1272 1203 1334 de
1226 1274 1322 1333 caude
1344 1271 1456 1350 dubito,
1478 1291 1549 1334 uum

195 1357 314 1417 offeram
338 1358 487 1434 exemplar
513 1358 674 1436 (archidani
695 1358 891 1438 Lecpoldo).¹
919 1359 1031 1435 Quodsi
1060 1362 1179 1421 omnino
1209 1359 1406 1434 offerendum,
1437 1373 1548 1438 quaero

196 1453 292 1506 utrum
315 1461 382 1505 enm
406 1445 606 1520 dedicatione,
637 1462 713 1524 quae
742 1447 814 1506 mitri
837 1447 954 1508 demum
977 1456 1022 1508 eat
1044 1447 1244 1525 exspectanda
1266 1448 1459 1510 Frauouiurtc
1482 1467 1549 1510 eum

195 1535 265 1610 ipaia
288 1534 377 1594 etiam
399 1536 478 1612 typia
501 1535 618 1606 aeneia,
650 1551 738 1610 quam
762 1533 873 1594 audian
895 1553 931 1596 er
955 1544 1024 1594 roto
1047 1535 1109 1595 lieri
1135 1538 1200 1613 regi
1224 1534 1367 1612 Angliaa,
1389 1553 1428 1596 an
1449 1538 1550 1614 putiau

194 1623 308 1680 mittam
337 1622 402 1682 aina
430 1619 489 1682 eal
528 1621 697 1699 Ephenreria
726 1624 915 1699 imprimitur,
947 1613 1076 1682 nonduu'r
1109 1621 1175 1702 plue
1202 1640 1263 1685 una
1290 1625 1401 1701 pagiua
1430 1625 1549 1688 coniec-

195 1719 256 1768 tum
278 1715 333 1770 eet.

296 1808 418 1864 Remus
436 1809 590 1878 reaccipeit,
617 1823 672 1863 non
695 1823 756 1864 enee
779 1809 853 1878 quod
877 1811 930 1867 sibi
955 1811 1049 1866 timeat
1067 1809 1203 1880 Keplerue
1226 1824 1278 1865 nee
1299 1810 1427 1868 initalia
1451 1826 1502 1868 nec
1519 1812 1548 1868 in

195 1896 313 1964 nustria,
338 1895 435 1962 ,modo
461 1911 490 1952 ae
513 1895 585 1952 intra
603 1895 702 1952 limites
727 1911 793 1952 auce
810 1898 950 1954 contiueat
967 1903 995 1953 et
1013 1897 1158 1954 effectibua
1180 1897 1300 1968 propriis
1322 1897 1462 1968 imparet“.
1483 1899 1552 1968 (Gir.

194 1983 247 2040 vor.
265 1983 312 2040 ιι.
331 2001 359 2054 p.
378 1986 435 2055 eo.)
470 1985 623 2054 Responsio
640 1982 751 2054 neptun·
769 1984 805 2054 (e.
826 1984 851 2039 u.
871 1985 916 2042 er.
935 1985 1020 2055 aug.)
1038 1971 1226 2043 naae'nanet:

302 2117 405 2138 .....
430 2075 529 2135 Ειιιιο
553 2075 755 2154 Ephemeridia
777 2076 843 2154 plue
867 2077 939 2136 mihi
962 2078 1241 2157 typographioorum
1264 2077 1385 2140 exhibet
1406 2079 1550 2155 laborum,

196 2181 283 2240 quam
306 2163 499 2242 typographia
522 2165 604 2242 ipata,
628 2165 764 2240 quamvia
786 2172 874 2242 types
896 2168 1030 2243 proprios
1058 2165 1205 2226 habebam
1229 2165 1308 2226 demi
1331 2183 1423 2230 meae.
1466 2167 1552 2229 Alter

195 2250 278 2311 labor
300 2254 429 2312 extruaio
453 2249 661 2329 exemplarium
684 2251 922 2326 Francoicrtum,
956 2253 1040 2329 cujua
1069 2269 1159 2314 cauea
1181 2255 1318 2332 praemiat
1343 2263 1403 2315 trae
1426 2257 1551 2332 paginae

194 2347 224 2399 et
245 2339 387 2416 postridie
409 2340 541 2399 cummisi
565 2346 700 2416 quartam
722 2345 752 2398 et
774 2355 840 2399 cnm
863 2342 892 2397 in
914 2355 1021 2400 navem
1043 2342 1190 2402 ranleeem
1214 2337 1330 2402 duobua
1352 2341 1461 2403 abhinc
1482 2343 1552 2403 mil·

193 2426 315 2486 liaribua
345 2428 581 2502 invenissentque
611 2427 759 2504 baptieeta
786 2443 852 2486 mea
879 2427 1058 2505 exemplaria
1087 2436 1270 2489 anocturno
1297 2427 1392 2504 Jove,
1421 2429 1552 2492 triduum

195 2513 332 2574 elenando
355 2513 574 2590 inserendisque
605 2517 720 2592 paginis
752 2515 887 2589 inenmei,
920 2513 990 2574 dum
1019 2517 1134 2575 interim
1157 2515 1338 2576 Ancharium
1363 2523 1552 2584 (neomeniam)

195 2610 314 2662 ventum
317 2643 424 2665 .....
449 2601 631 2678 Prognostiei
655 2601 793 2662 ordinarii
816 2606 885 2662 anni
912 2607 1010 2674 1619,
1034 2603 1206 2663 Decembria
1227 2603 1389 2680 penultima
1410 2604 1551 2678 absoluti,

196 2691 272 2750 iutra
294 2689 357 2770 diua
381 2694 399 2749 8
422 2690 539 2749 suerunt
562 2692 661 2748 omnia
683 2687 860 2766 exemplaria
883 2688 1022 2749 dictracta
1025 2731 1159 2750 ......
1202 2689 1317 2752 Juuare
1344 2705 1392 2750 ma
1412 2698 1498 2768 potae
1522 2700 1552 2752 ct

197 2783 257 2836 erte
278 2785 309 2836 et
330 2777 602 2855 interceaaiunibue3
633 2775 684 2838 aed
713 2777 751 2835 ab
774 2783 837 2836 arto
860 2777 900 2835 nil
924 2784 1009 2853 peto,
1040 2784 1072 2836 οι
1093 2777 1302 2838 interoeeeioua
1332 2784 1433 2854 potua,
1464 2779 1492 2837 ai
1513 2777 1551 2840 da

197 2881 262 2924 mec
285 2861 381 2924 aulico
403 2862 520 2935 salario,
544 2880 597 2922 eeu
618 2864 679 2941 jam
703 2863 802 2924 debito
825 2879 877 2924 eeu
893 2862 997 2924 adhuc
1019 2871 1152 2925 currente
1175 2865 1274 2942 (neruo
1290 2867 1367 2924 enim
1383 2865 1550 2942 renunciat)
1595 2919 1597 2922 .

151 2967 155 2972 ·
197 2959 309 3012 tantum
331 2952 402 3011 mihi
426 2959 610 3026 numeretur,
640 2951 718 3011 unde
741 2949 954 3027 Gringalletunr
978 2966 1090 3024 meum,
1110 2951 1174 3027 jam
1197 2950 1307 3022 dudum
1330 2951 1490 3012 damianum
1511 2953 1551 3013 cb

198 3039 398 3101 difficultatem
421 3046 584 3116 temporum
606 3045 635 3098 et
657 3037 768 3098 nullum
790 3037 944 3110 celarium,
969 3037 1149 3114 postliminio
1171 3021 1351 3111 revocatum,
1374 3043 1551 3112 auctentare,
1671 3069 1675 3076 ·

198 3127 274 3186 unde
298 3127 449 3204 Epitomea
473 3134 584 3203 partem
617 3125 777 3186 theoricam
804 3127 883 3203 typia
911 3123 1054 3186 excudere
1081 3129 1201 3206 poesim.
1247 3125 1293 3185 Tu
1316 3126 1341 3185 ai
1364 3123 1458 3186 multa
1478 3123 1552 3186 milri

198 3213 374 3292 exemplaria
396 3216 493 3293 operia
516 3214 685 3273 Harmonicl
708 3213 878 3273 distraxeris
900 3210 980 3292 (nem
999 3219 1059 3273 100
1076 3213 1147 3272 mihi
1163 3213 1366 3292 typographun
1381 3229 1434 3290 prc
1449 3212 1552 3275 labore

198 3301 340 3378 reliquit),
363 3317 410 3361 rea
432 3318 513 3362 meaa
536 3301 712 3361 domesticae
734 3300 907 3360 sublevabis
930 3317 1036 3376 meque
1059 3303 1088 3360 in
1105 3301 1173 3362 dote
1188 3300 1266 3362 filiae
1282 3295 1463 3384 (susannae)
1485 3317 1552 3362 eor·

199 3389 329 3466 roganda
344 3389 518 3466 adjuvabis,
542 3405 619 3464 quae
643 3386 753 3448 dudum
776 3385 900 3448 occultis
924 3403 1065 3448 annerum
1088 3389 1263 3449 currentium
1286 3387 1553 3451 machinationibus

198 3477 391 3556 hymenaeum
406 3479 500 3558 innita
523 3477 611 3538 etiam
636 3493 671 3534 er
694 3483 775 3552 parte
801 3476 873 3534 citat
894 3477 1083 3551 arceaeitque,
1107 3476 1163 3535 ulai
1179 3493 1226 3536 me
1247 3475 1324 3536 talin
1338 3475 1477 3554 ruaptcic.
1496 3523 1502 3538 .
1520 3521 1551 3540 ..

199 3564 361 3643 lampeto
385 3581 522 3625 arcumen
546 3563 760 3624 dedicationem
782 3578 848 3623 curn
876 3561 962 3621 titulo
989 3562 1120 3638 generali
1123 3605 1250 3627 ......
1296 3563 1467 3641 Exemplar,
1496 3566 1552 3625 atat

200 3651 327 3712 nundum
350 3659 396 3713 eet
417 3651 604 3730 cumpletum,
628 3653 712 3710 mitto
735 3657 848 3720 tamen,
872 3647 1047 3709 uadendum
1070 3649 1221 3729 Leopoldo
1245 3650 1413 3712 Archiducl.
1459 3650 1491 3712 Si
1514 3651 1551 3711 D.

197 3741 299 3800 Abina
322 3759 340 3800 a
360 3739 595 3800 'Grememttnater
616 3743 717 3815 poaeet
739 3735 864 3814 impelli,
897 3743 929 3796 nt
951 3753 998 3796 rue
1027 3746 1144 3814 urgeret
1167 3739 1198 3797 ln
1228 3738 1358 3800 editione
1389 3739 1551 3816 epitomen,

74 3891 82 3904 ⁴
196 3836 310 3889 cumina
332 3829 397 3905 ipae
418 3826 529 3888 locaret
550 3825 589 3887 ad
604 3831 666 3886 200
681 3826 865 3896 florenorum,
888 3822 919 3882 id
942 3831 1020 3884 recte
1042 3832 1073 3885 et
1094 3843 1130 3886 ex
1153 3825 1307 3887 commodo
1330 3839 1396 3888 meo
1418 3825 1510 3888 derat.

301 3929 404 3984 Reman
422 3925 566 3998 respondit
584 3927 610 3984 4.
629 3925 706 3983 Oct:
732 3926 834 3981 Juvare
855 3925 913 3993 jram
936 3931 964 3981 ta
982 3925 1027 3980 vix
1044 3924 1109 3980 iicet
1130 3913 1245 3995 propter
1267 3925 1334 3981 belli
1352 3931 1458 3983 aurntua
1475 3925 1554 3981 innu-

197 4031 299 4086 meroe;
316 4016 363 4072 nix
381 4015 483 4086 aliquid
501 4029 536 4069 ex
554 4027 615 4070 mea
631 4009 787 4084 pruviaicne
805 4011 898 4080 habui,
917 4027 951 4068 ax
971 4011 1105 4069 caecam
1122 4012 1205 4082 plana
1222 4011 1298 4068 nihil.
1335 4013 1447 4080 Loquar
1463 4017 1554 4067 tamen

198 4119 258 4160 cum
275 4105 308 4159 D.
328 4105 362 4158 de
381 4103 501 4159 dincken
518 4109 566 4158 tuo
585 4101 703 4170 nomine,
722 4098 831 4156 loeutua
849 4099 931 4154 etiarn
950 4115 1009 4155 auru
1028 4115 1089 4156 curu
1106 4101 1141 4156 D.
1159 4095 1347 4170 Moaebiuger,
1366 4099 1413 4168 qui
1431 4099 1556 4170 promitit

199 4205 303 4246 curnem
322 4205 441 4260 operam.
470 4190 505 4244 D.
523 4188 617 4243 Abbua
636 4186 670 4243 de
684 4188 900 4242 Oramamnncter
918 4185 1059 4258 pollicitus
1078 4193 1122 4243 eut
1133 4201 1240 4242 omnem
1253 4199 1371 4255 operaru,
1391 4190 1423 4241 ut
1438 4183 1553 4255 petiiati3

200 4279 287 4335 scribe
304 4277 367 4348 ipei,
385 4278 446 4347 ipae
464 4275 541 4333 dabit
558 4274 728 4332 occasionem
741 4277 775 4340 let
788 4273 879 4332 omnia
895 4274 1029 4344 requirite
1046 4280 1075 4330 et
1092 4274 1210 4331 modum.
1224 4303 1257 4314 -—
1270 4273 1321 4329 flia
1334 4269 1411 4328 addit
1422 4273 1465 4326 11.
1479 4271 1553 4327 Oet:
1574 4295 1582 4304 ·

199 4367 298 4437 niagno
316 4363 416 4436 gaudio
441 4363 524 4420 hodie
541 4361 665 4420 intellexi
678 4377 718 4417 ex
736 4361 862 4430 catalogo
879 4360 1075 4430 nundinarum,
1101 4369 1176 4418 tuum
1195 4360 1295 4416 librum
1312 4357 1474 4416 mmatiemn
1491 4371 1554 4429 prc-

200 4451 281 4508 dirae
299 4453 448 4522 linguatae

302 4539 415 4609 Kepleri
432 4536 587 4608 responsio,
607 4536 632 4590 d.
651 4551 675 4591 c.
694 4533 777 4590 tinem
794 4533 933 4605 Octobris,
951 4534 1021 4593 haec
1039 4534 1134 4592 habet:
1165 4531 1203 4590 D.
1231 4546 1250 4588 tt
1277 4527 1404 4590 Menkan
1436 4528 1553 4590 lontrina

202 4639 264 4684 enm
287 4623 335 4683 ιιιο
356 4625 387 4681 in
408 4621 549 4696 traueitup
572 4628 606 4679 ut
619 4619 751 4696 loquacia
766 4621 823 4697 ipri
840 4617 877 4680 da
892 4619 999 4680 atudiia
1014 4621 1096 4692 maia,
1119 4635 1178 4678 non
1192 4631 1333 4695 repugno,
1355 4631 1424 4675 narn
1440 4617 1554 4677 ollonae

202 4711 410 4788 proieaatonec,
441 4707 537 4785 qualia
558 4705 632 4770 haec
654 4724 722 4768 maa
742 4705 876 4780 videtur,
907 4705 1109 4785 periclitantur
1137 4705 1173 4764 de
1202 4706 1299 4780 grana
1328 4719 1431 4780 regum
1452 4705 1488 4762 in·
1505 4702 1553 4764 iria

204 4797 344 4860 bellorum
365 4796 601 4859 necessitatibur.
646 4793 686 4855 At
709 4801 742 4856 ut
764 4795 929 4874 importuna
952 4792 1032 4874 apud
1054 4795 1150 4869 iprum
1172 4793 1263 4850 inatea
1285 4789 1324 4851 de
1345 4792 1496 4869 pecunitr,
1523 4790 1554 4851 id
1587 4847 1589 4852 .
