<?xml version="1.0" encoding="UTF-8"?>
<!DOCTYPE html PUBLIC "-//W3C//DTD XHTML 1.0 Transitional//EN"
    "http://www.w3.org/TR/xhtml1/DTD/xhtml1-transitional.dtd">
<html xmlns="http://www.w3.org/1999/xhtml" xml:lang="en" lang="en">
 <head>
  <title>
</title>
<meta http-equiv="Content-Type" content="text/html;charset=utf-8" />
  <meta name='ocr-system' content='tesseract 3.04.00' />
  <meta name='ocr-capabilities' content='ocr_page ocr_carea ocr_par ocr_line ocrx_word'/>
</head>
<body>
  <div class='ocr_page' id='page_1' title='image "./joanniskepleria25frisgoog_0303.png"; bbox 0 0 3662 5544; ppageno 0'>
   <div class='ocr_carea' id='block_1_1' title="bbox 285 397 1128 502">
    <p class='ocr_par' dir='ltr' id='par_1_1' title="bbox 285 397 1128 502">
     <span class='ocr_line' id='line_1_1' title="bbox 285 397 1128 502; baseline -0.009 -34"><span class='ocrx_word' id='word_1_1' title='bbox 285 405 352 475; x_wconf 69' lang='lat'><strong>848</strong></span> <span class='ocrx_word' id='word_1_2' title='bbox 662 463 665 469; x_wconf 65' lang='grc'><strong>,</strong></span> <span class='ocrx_word' id='word_1_3' title='bbox 719 491 721 502; x_wconf 36' lang='grc' dir='ltr'>Ι</span> <span class='ocrx_word' id='word_1_4' title='bbox 794 401 858 457; x_wconf 82' lang='lat' dir='ltr'><strong>vita</strong></span> <span class='ocrx_word' id='word_1_5' title='bbox 873 397 988 460; x_wconf 87' lang='lat' dir='ltr'><strong>Joauuis</strong></span> <span class='ocrx_word' id='word_1_6' title='bbox 1006 401 1128 474; x_wconf 85' lang='lat' dir='ltr'><strong>Keplerr.</strong></span> 
     </span>
    </p>
   </div>
   <div class='ocr_carea' id='block_1_2' title="bbox 285 573 1638 1174">
    <p class='ocr_par' dir='ltr' id='par_1_2' title="bbox 285 573 1638 1174">
     <span class='ocr_line' id='line_1_2' title="bbox 287 573 1636 648; baseline -0.005 -9"><span class='ocrx_word' id='word_1_7' title='bbox 287 590 350 639; x_wconf 85' lang='lat' dir='ltr'><strong>sest</strong></span> <span class='ocrx_word' id='word_1_8' title='bbox 366 579 523 636; x_wconf 79' lang='lat' dir='ltr'><strong>venderent.</strong></span> <span class='ocrx_word' id='word_1_9' title='bbox 559 578 601 634; x_wconf 89' lang='lat' dir='ltr'><strong>Da</strong></span> <span class='ocrx_word' id='word_1_10' title='bbox 626 573 743 632; x_wconf 73' lang='lat' dir='ltr'><strong>librariis</strong></span> <span class='ocrx_word' id='word_1_11' title='bbox 766 577 878 633; x_wconf 87' lang='lat' dir='ltr'><strong>nunciat</strong></span> <span class='ocrx_word' id='word_1_12' title='bbox 900 577 1025 646; x_wconf 74' lang='lat' dir='ltr'><strong>Cresius:</strong></span> <span class='ocrx_word' id='word_1_13' title='bbox 1049 578 1214 646; x_wconf 76' lang='lat' dir='ltr'><strong>Argentinae</strong></span> <span class='ocrx_word' id='word_1_14' title='bbox 1233 579 1386 634; x_wconf 77' lang='lat' dir='ltr'><strong>Ostenderit</strong></span> <span class='ocrx_word' id='word_1_15' title='bbox 1407 579 1449 635; x_wconf 82' lang='lat' dir='ltr'><strong>tui</strong></span> <span class='ocrx_word' id='word_1_16' title='bbox 1470 577 1636 648; x_wconf 84' lang='lat' dir='ltr'><strong>exemplaria</strong></span> 
     </span>
     <span class='ocr_line' id='line_1_3' title="bbox 286 664 1636 740; baseline -0.004 -15"><span class='ocrx_word' id='word_1_17' title='bbox 286 669 382 740; x_wconf 89' lang='lat' dir='ltr'><strong>procul</strong></span> <span class='ocrx_word' id='word_1_18' title='bbox 401 669 483 725; x_wconf 91' lang='lat' dir='ltr'><strong>dubio</strong></span> <span class='ocrx_word' id='word_1_19' title='bbox 501 665 587 721; x_wconf 88' lang='lat' dir='ltr'><strong>multa</strong></span> <span class='ocrx_word' id='word_1_20' title='bbox 604 673 718 735; x_wconf 89' lang='lat' dir='ltr'><strong>possent</strong></span> <span class='ocrx_word' id='word_1_21' title='bbox 736 664 817 720; x_wconf 87' lang='lat' dir='ltr'><strong>vendi</strong></span> <span class='ocrx_word' id='word_1_22' title='bbox 834 665 858 720; x_wconf 91' lang='lat' dir='ltr'><strong>si</strong></span> <span class='ocrx_word' id='word_1_23' title='bbox 875 665 1018 728; x_wconf 87' lang='lat' dir='ltr'><strong>adessent,</strong></span> <span class='ocrx_word' id='word_1_24' title='bbox 1044 671 1072 720; x_wconf 84' lang='lat' dir='ltr'><strong>et</strong></span> <span class='ocrx_word' id='word_1_25' title='bbox 1089 671 1198 720; x_wconf 89' lang='lat' dir='ltr'><strong>nostros</strong></span> <span class='ocrx_word' id='word_1_26' title='bbox 1216 665 1381 737; x_wconf 78' lang='lat' dir='ltr'><strong>bibliopolas</strong></span> <span class='ocrx_word' id='word_1_27' title='bbox 1399 667 1520 738; x_wconf 79' lang='lat' dir='ltr'><strong>proxime</strong></span> <span class='ocrx_word' id='word_1_28' title='bbox 1537 665 1636 722; x_wconf 87' lang='lat' dir='ltr'><strong>interis</strong></span> 
     </span>
     <span class='ocr_line' id='line_1_4' title="bbox 285 751 1638 824; baseline -0.003 -12"><span class='ocrx_word' id='word_1_29' title='bbox 285 756 413 812; x_wconf 83' lang='lat' dir='ltr'><strong>nundinis</strong></span> <span class='ocrx_word' id='word_1_30' title='bbox 432 759 585 810; x_wconf 86' lang='lat' dir='ltr'><strong>eoemtnros</strong></span> <span class='ocrx_word' id='word_1_31' title='bbox 608 752 664 808; x_wconf 90' lang='lat' dir='ltr'><strong>scio</strong></span> <span class='ocrx_word' id='word_1_32' title='bbox 688 759 716 808; x_wconf 90' lang='lat' dir='ltr'><strong>et</strong></span> <span class='ocrx_word' id='word_1_33' title='bbox 733 751 871 821; x_wconf 86' lang='lat' dir='ltr'><strong>duplicato</strong></span> <span class='ocrx_word' id='word_1_34' title='bbox 890 751 978 822; x_wconf 87' lang='lat' dir='ltr'><strong>pretio</strong></span> <span class='ocrx_word' id='word_1_35' title='bbox 997 751 1043 808; x_wconf 89' lang='lat' dir='ltr'><strong>hio</strong></span> <span class='ocrx_word' id='word_1_36' title='bbox 1061 753 1230 820; x_wconf 73' lang='lat' dir='ltr'><strong>vendituros,</strong></span> <span class='ocrx_word' id='word_1_37' title='bbox 1255 756 1279 809; x_wconf 91' lang='lat' dir='ltr'><strong>is</strong></span> <span class='ocrx_word' id='word_1_38' title='bbox 1302 755 1374 809; x_wconf 90' lang='lat' dir='ltr'><strong>enim</strong></span> <span class='ocrx_word' id='word_1_39' title='bbox 1396 771 1490 810; x_wconf 87' lang='lat' dir='ltr'><strong>eorum</strong></span> <span class='ocrx_word' id='word_1_40' title='bbox 1508 770 1582 824; x_wconf 87' lang='lat' dir='ltr'><strong>mos,</strong></span> <span class='ocrx_word' id='word_1_41' title='bbox 1605 759 1638 808; x_wconf 92' lang='lat' dir='ltr'><strong>nt</strong></span> 
     </span>
     <span class='ocr_line' id='line_1_5' title="bbox 286 838 1636 912; baseline -0.005 -12"><span class='ocrx_word' id='word_1_42' title='bbox 286 845 376 900; x_wconf 87' lang='lat' dir='ltr'><strong>omnis</strong></span> <span class='ocrx_word' id='word_1_43' title='bbox 393 851 442 899; x_wconf 89' lang='lat' dir='ltr'><strong>tua</strong></span> <span class='ocrx_word' id='word_1_44' title='bbox 459 841 560 911; x_wconf 85' lang='lat' dir='ltr'><strong>scripta</strong></span> <span class='ocrx_word' id='word_1_45' title='bbox 585 841 689 896; x_wconf 88' lang='lat' dir='ltr'><strong>cariora</strong></span> <span class='ocrx_word' id='word_1_46' title='bbox 707 838 901 910; x_wconf 73' lang='lat' dir='ltr'><strong>praetendant,</strong></span> <span class='ocrx_word' id='word_1_47' title='bbox 929 854 961 893; x_wconf 90' lang='lat' dir='ltr'><strong>eo</strong></span> <span class='ocrx_word' id='word_1_48' title='bbox 979 838 1053 908; x_wconf 89' lang='lat' dir='ltr'><strong>qnod</strong></span> <span class='ocrx_word' id='word_1_49' title='bbox 1069 839 1128 910; x_wconf 90' lang='lat' dir='ltr'><strong>ipse</strong></span> <span class='ocrx_word' id='word_1_50' title='bbox 1147 841 1264 911; x_wconf 88' lang='lat' dir='ltr'><strong>propriis</strong></span> <span class='ocrx_word' id='word_1_51' title='bbox 1288 841 1419 912; x_wconf 86' lang='lat' dir='ltr'><strong>pleraque</strong></span> <span class='ocrx_word' id='word_1_52' title='bbox 1437 841 1571 898; x_wconf 80' lang='lat' dir='ltr'><strong>sumtibus</strong></span> <span class='ocrx_word' id='word_1_53' title='bbox 1591 857 1636 894; x_wconf 83' lang='lat' dir='ltr'><strong>ex-</strong></span> 
     </span>
     <span class='ocr_line' id='line_1_6' title="bbox 286 925 1636 999; baseline -0.006 -11"><span class='ocrx_word' id='word_1_54' title='bbox 286 930 348 988; x_wconf 88' lang='lat' dir='ltr'><strong>cudi</strong></span> <span class='ocrx_word' id='word_1_55' title='bbox 365 945 453 987; x_wconf 82' lang='lat' dir='ltr'><strong>curres.</strong></span> <span class='ocrx_word' id='word_1_56' title='bbox 474 957 507 970; x_wconf 89' lang='lat'><strong>·-</strong></span> <span class='ocrx_word' id='word_1_57' title='bbox 524 927 744 986; x_wconf 86' lang='lat' dir='ltr'><strong>Hebsnstreitios</strong></span> <span class='ocrx_word' id='word_1_58' title='bbox 767 927 848 984; x_wconf 82' lang='lat' dir='ltr'><strong>Ultus</strong></span> <span class='ocrx_word' id='word_1_59' title='bbox 873 925 969 996; x_wconf 75' lang='lat' dir='ltr'><strong>refert,</strong></span> <span class='ocrx_word' id='word_1_60' title='bbox 995 929 1030 983; x_wconf 82' lang='grc'><strong>50</strong></span> <span class='ocrx_word' id='word_1_61' title='bbox 1047 929 1215 998; x_wconf 84' lang='lat' dir='ltr'><strong>exemplaria</strong></span> <span class='ocrx_word' id='word_1_62' title='bbox 1237 929 1451 999; x_wconf 83' lang='lat' dir='ltr'><strong>Ephemeridnm</strong></span> <span class='ocrx_word' id='word_1_63' title='bbox 1469 926 1636 984; x_wconf 86' lang='lat' dir='ltr'><strong>Tambacbio</strong></span> 
     </span>
     <span class='ocr_line' id='line_1_7' title="bbox 286 1014 1637 1086; baseline -0.004 -12"><span class='ocrx_word' id='word_1_64' title='bbox 286 1033 317 1076; x_wconf 89' lang='lat' dir='ltr'><strong>se</strong></span> <span class='ocrx_word' id='word_1_65' title='bbox 334 1017 449 1074; x_wconf 87' lang='lat' dir='ltr'><strong>misisse.</strong></span> <span class='ocrx_word' id='word_1_66' title='bbox 487 1015 610 1084; x_wconf 86' lang='lat' dir='ltr'><strong>,Ulsuaui</strong></span> <span class='ocrx_word' id='word_1_67' title='bbox 627 1016 764 1072; x_wconf 80' lang='lat' dir='ltr'><strong>Mercurio</strong></span> <span class='ocrx_word' id='word_1_68' title='bbox 782 1014 924 1070; x_wconf 86' lang='lat' dir='ltr'><strong>nunciario</strong></span> <span class='ocrx_word' id='word_1_69' title='bbox 942 1029 1022 1084; x_wconf 77' lang='lat' dir='ltr'><strong>qoam</strong></span> <span class='ocrx_word' id='word_1_70' title='bbox 1041 1015 1162 1070; x_wconf 87' lang='lat' dir='ltr'><strong>literario</strong></span> <span class='ocrx_word' id='word_1_71' title='bbox 1180 1015 1243 1086; x_wconf 89' lang='lat' dir='ltr'><strong>plns</strong></span> <span class='ocrx_word' id='word_1_72' title='bbox 1260 1016 1362 1084; x_wconf 78' lang='lat' dir='ltr'><strong>issent,</strong></span> <span class='ocrx_word' id='word_1_73' title='bbox 1381 1024 1409 1072; x_wconf 89' lang='lat' dir='ltr'><strong>et</strong></span> <span class='ocrx_word' id='word_1_74' title='bbox 1426 1015 1568 1071; x_wconf 77' lang='lat' dir='ltr'><strong>incidimus</strong></span> <span class='ocrx_word' id='word_1_75' title='bbox 1586 1030 1637 1070; x_wconf 90' lang='lat' dir='ltr'><strong>nos</strong></span> 
     </span>
     <span class='ocr_line' id='line_1_8' title="bbox 286 1101 1637 1174; baseline -0.001 -14"><span class='ocrx_word' id='word_1_76' title='bbox 286 1107 314 1162; x_wconf 90' lang='lat' dir='ltr'><strong>in</strong></span> <span class='ocrx_word' id='word_1_77' title='bbox 332 1115 496 1162; x_wconf 75' lang='lat' dir='ltr'><strong>mercatores</strong></span> <span class='ocrx_word' id='word_1_78' title='bbox 514 1121 563 1160; x_wconf 88' lang='lat' dir='ltr'><strong>scu</strong></span> <span class='ocrx_word' id='word_1_79' title='bbox 581 1103 765 1174; x_wconf 82' lang='lat' dir='ltr'><strong>negotiatores</strong></span> <span class='ocrx_word' id='word_1_80' title='bbox 783 1101 909 1158; x_wconf 77' lang='lat' dir='ltr'><strong>librarios</strong></span> <span class='ocrx_word' id='word_1_81' title='bbox 925 1110 1051 1158; x_wconf 84' lang='lat' dir='ltr'><strong>monetae</strong></span> <span class='ocrx_word' id='word_1_82' title='bbox 1064 1119 1118 1158; x_wconf 89' lang='lat' dir='ltr'><strong>non</strong></span> <span class='ocrx_word' id='word_1_83' title='bbox 1131 1104 1259 1173; x_wconf 86' lang='lat' dir='ltr'><strong>optimae,</strong></span> <span class='ocrx_word' id='word_1_84' title='bbox 1277 1103 1346 1159; x_wconf 88' lang='lat' dir='ltr'><strong>adeo</strong></span> <span class='ocrx_word' id='word_1_85' title='bbox 1364 1111 1395 1160; x_wconf 85' lang='lat' dir='ltr'><strong>ut</strong></span> <span class='ocrx_word' id='word_1_86' title='bbox 1413 1121 1478 1160; x_wconf 87' lang='lat' dir='ltr'><strong>cura</strong></span> <span class='ocrx_word' id='word_1_87' title='bbox 1494 1119 1564 1174; x_wconf 88' lang='lat' dir='ltr'><strong>opus</strong></span> <span class='ocrx_word' id='word_1_88' title='bbox 1576 1117 1637 1158; x_wconf 85' lang='lat' dir='ltr'><strong>esse</strong></span> 
     </span>
    </p>
   </div>
   <div class='ocr_carea' id='block_1_3' title="bbox 174 1189 1636 1274">
    <p class='ocr_par' dir='ltr' id='par_1_3' title="bbox 174 1189 1636 1274">
     <span class='ocr_line' id='line_1_9' title="bbox 174 1189 1636 1274; baseline -0.002 -26"><span class='ocrx_word' id='word_1_89' title='bbox 174 1267 177 1274; x_wconf 19' lang='grc' dir='ltr'><em>ι</em></span> <span class='ocrx_word' id='word_1_90' title='bbox 281 1199 389 1264; x_wconf 88' lang='lat' dir='ltr'><strong>putem,</strong></span> <span class='ocrx_word' id='word_1_91' title='bbox 408 1209 461 1262; x_wconf 92' lang='lat' dir='ltr'><strong>qno</strong></span> <span class='ocrx_word' id='word_1_92' title='bbox 480 1207 530 1262; x_wconf 88' lang='lat' dir='ltr'><strong>pro</strong></span> <span class='ocrx_word' id='word_1_93' title='bbox 554 1189 716 1248; x_wconf 85' lang='lat' dir='ltr'><strong>calendariis</strong></span> <span class='ocrx_word' id='word_1_94' title='bbox 742 1189 907 1260; x_wconf 83' lang='lat' dir='ltr'><strong>accipiamus</strong></span> <span class='ocrx_word' id='word_1_95' title='bbox 930 1191 1086 1258; x_wconf 77' lang='lat' dir='ltr'><strong>pecuniam:</strong></span> <span class='ocrx_word' id='word_1_96' title='bbox 1112 1189 1217 1262; x_wconf 73' lang='lat' dir='ltr'><strong>aliquot</strong></span> <span class='ocrx_word' id='word_1_97' title='bbox 1241 1198 1331 1246; x_wconf 83' lang='lat' dir='ltr'><strong>turuen</strong></span> <span class='ocrx_word' id='word_1_98' title='bbox 1351 1190 1515 1261; x_wconf 79' lang='lat' dir='ltr'><strong>exemplaria</strong></span> <span class='ocrx_word' id='word_1_99' title='bbox 1533 1190 1636 1246; x_wconf 85' lang='lat' dir='ltr'><strong>serrari</strong></span> 
     </span>
    </p>
   </div>
   <div class='ocr_carea' id='block_1_4' title="bbox 284 1277 1685 2406">
    <p class='ocr_par' dir='ltr' id='par_1_4' title="bbox 284 1277 1685 2406">
     <span class='ocr_line' id='line_1_10' title="bbox 286 1277 1635 1353; baseline -0.007 -14"><span class='ocrx_word' id='word_1_100' title='bbox 286 1297 346 1353; x_wconf 82' lang='lat' dir='ltr'><strong>ago,</strong></span> <span class='ocrx_word' id='word_1_101' title='bbox 365 1298 414 1351; x_wconf 92' lang='lat' dir='ltr'><strong>pro</strong></span> <span class='ocrx_word' id='word_1_102' title='bbox 433 1282 532 1352; x_wconf 91' lang='lat' dir='ltr'><strong>quibus</strong></span> <span class='ocrx_word' id='word_1_103' title='bbox 550 1280 623 1350; x_wconf 90' lang='lat' dir='ltr'><strong>quod</strong></span> <span class='ocrx_word' id='word_1_104' title='bbox 643 1294 759 1350; x_wconf 84' lang='lat' dir='ltr'><strong>aequam</strong></span> <span class='ocrx_word' id='word_1_105' title='bbox 777 1286 819 1332; x_wconf 88' lang='lat' dir='ltr'><strong>est</strong></span> <span class='ocrx_word' id='word_1_106' title='bbox 837 1277 991 1332; x_wconf 85' lang='lat' dir='ltr'><strong>numerabo.</strong></span> <span class='ocrx_word' id='word_1_107' title='bbox 1023 1277 1131 1332; x_wconf 79' lang='lat' dir='ltr'><strong>Gratias</strong></span> <span class='ocrx_word' id='word_1_108' title='bbox 1149 1279 1231 1332; x_wconf 86' lang='lat' dir='ltr'><strong>etium</strong></span> <span class='ocrx_word' id='word_1_109' title='bbox 1249 1280 1381 1334; x_wconf 83' lang='lat' dir='ltr'><strong>maximas</strong></span> <span class='ocrx_word' id='word_1_110' title='bbox 1399 1292 1451 1347; x_wconf 86' lang='lat' dir='ltr'><strong>ago</strong></span> <span class='ocrx_word' id='word_1_111' title='bbox 1469 1295 1520 1347; x_wconf 87' lang='lat' dir='ltr'><strong>pro</strong></span> <span class='ocrx_word' id='word_1_112' title='bbox 1538 1293 1635 1346; x_wconf 85' lang='lat' dir='ltr'><strong>nuper·</strong></span> 
     </span>
     <span class='ocr_line' id='line_1_11' title="bbox 286 1363 1685 1440; baseline -0.004 -16"><span class='ocrx_word' id='word_1_113' title='bbox 286 1369 354 1426; x_wconf 84' lang='lat' dir='ltr'><strong>rima</strong></span> <span class='ocrx_word' id='word_1_114' title='bbox 377 1367 575 1440; x_wconf 55' lang='lat' dir='ltr'><strong>ephemerida</strong></span> <span class='ocrx_word' id='word_1_115' title='bbox 602 1368 705 1424; x_wconf 75' lang='lat' dir='ltr'><strong>eduam</strong></span> <span class='ocrx_word' id='word_1_116' title='bbox 730 1365 891 1436; x_wconf 86' lang='lat' dir='ltr'><strong>promissam</strong></span> <span class='ocrx_word' id='word_1_117' title='bbox 914 1363 1131 1422; x_wconf 77' lang='lat' dir='ltr'><strong>informationem</strong></span> <span class='ocrx_word' id='word_1_118' title='bbox 1154 1365 1245 1421; x_wconf 86' lang='lat' dir='ltr'><strong>ridere</strong></span> <span class='ocrx_word' id='word_1_119' title='bbox 1268 1367 1371 1436; x_wconf 90' lang='lat' dir='ltr'><strong>possim</strong></span> <span class='ocrx_word' id='word_1_120' title='bbox 1394 1377 1445 1422; x_wconf 83' lang='lat' dir='ltr'><strong>etc</strong></span> <span class='ocrx_word' id='word_1_121' title='bbox 1480 1367 1512 1421; x_wconf 95' lang='lat' dir='ltr'><strong>In</strong></span> <span class='ocrx_word' id='word_1_122' title='bbox 1535 1364 1636 1421; x_wconf 84' lang='lat' dir='ltr'><strong>scheda</strong></span> <span class='ocrx_word' id='word_1_123' title='bbox 1681 1367 1685 1374; x_wconf 88' lang='lat'>&#39;</span> 
     </span>
     <span class='ocr_line' id='line_1_12' title="bbox 284 1447 1637 1527; baseline -0.007 -15"><span class='ocrx_word' id='word_1_124' title='bbox 284 1459 320 1525; x_wconf 86' lang='lat' dir='ltr'><strong>(s.</strong></span> <span class='ocrx_word' id='word_1_125' title='bbox 340 1456 380 1526; x_wconf 87' lang='lat' dir='ltr'><strong>d.)</strong></span> <span class='ocrx_word' id='word_1_126' title='bbox 399 1456 586 1512; x_wconf 84' lang='lat' dir='ltr'><strong>insertalliss.</strong></span> <span class='ocrx_word' id='word_1_127' title='bbox 605 1451 687 1510; x_wconf 88' lang='lat' dir='ltr'><strong>Pulk.</strong></span> <span class='ocrx_word' id='word_1_128' title='bbox 709 1453 840 1521; x_wconf 83' lang='lat' dir='ltr'><strong>legimns:</strong></span> <span class='ocrx_word' id='word_1_129' title='bbox 860 1447 938 1508; x_wconf 90' lang='lat' dir='ltr'><strong>Weil</strong></span> <span class='ocrx_word' id='word_1_130' title='bbox 971 1448 1016 1507; x_wconf 87' lang='lat' dir='ltr'><strong>ich</strong></span> <span class='ocrx_word' id='word_1_131' title='bbox 1048 1448 1094 1509; x_wconf 92' lang='lat' dir='ltr'><strong>die</strong></span> <span class='ocrx_word' id='word_1_132' title='bbox 1121 1449 1199 1527; x_wconf 85' lang='lat' dir='ltr'><strong>Ksy.</strong></span> <span class='ocrx_word' id='word_1_133' title='bbox 1228 1451 1399 1527; x_wconf 87' lang='lat' dir='ltr'><strong>Besolduug</strong></span> <span class='ocrx_word' id='word_1_134' title='bbox 1427 1469 1464 1510; x_wconf 85' lang='lat' dir='ltr'><strong>ao</strong></span> <span class='ocrx_word' id='word_1_135' title='bbox 1491 1450 1564 1508; x_wconf 82' lang='lat' dir='ltr'><strong>Line</strong></span> <span class='ocrx_word' id='word_1_136' title='bbox 1594 1451 1637 1504; x_wconf 87' lang='lat' dir='ltr'><strong>uit</strong></span> 
     </span>
     <span class='ocr_line' id='line_1_13' title="bbox 287 1535 1636 1618; baseline -0.007 -16"><span class='ocrx_word' id='word_1_137' title='bbox 287 1540 422 1618; x_wconf 85' lang='lat' dir='ltr'><strong>gahaban</strong></span> <span class='ocrx_word' id='word_1_138' title='bbox 445 1559 523 1617; x_wconf 87' lang='lat' dir='ltr'><strong>mag,</strong></span> <span class='ocrx_word' id='word_1_139' title='bbox 549 1539 608 1598; x_wconf 85' lang='lat' dir='ltr'><strong>utrd</strong></span> <span class='ocrx_word' id='word_1_140' title='bbox 623 1541 718 1599; x_wconf 89' lang='lat' dir='ltr'><strong>melne</strong></span> <span class='ocrx_word' id='word_1_141' title='bbox 735 1537 852 1597; x_wconf 88' lang='lat' dir='ltr'><strong>Blicber</strong></span> <span class='ocrx_word' id='word_1_142' title='bbox 866 1536 962 1596; x_wconf 86' lang='lat' dir='ltr'><strong>selber</strong></span> <span class='ocrx_word' id='word_1_143' title='bbox 975 1535 1112 1612; x_wconf 81' lang='lat' dir='ltr'><strong>serlegen</strong></span> <span class='ocrx_word' id='word_1_144' title='bbox 1129 1555 1235 1610; x_wconf 79' lang='lat' dir='ltr'><strong>niueas,</strong></span> <span class='ocrx_word' id='word_1_145' title='bbox 1259 1539 1399 1600; x_wconf 84' lang='lat' dir='ltr'><strong>wlillclres</strong></span> <span class='ocrx_word' id='word_1_146' title='bbox 1415 1542 1500 1598; x_wconf 88' lang='lat' dir='ltr'><strong>einen</strong></span> <span class='ocrx_word' id='word_1_147' title='bbox 1514 1553 1636 1612; x_wconf 86' lang='lat' dir='ltr'><strong>grossen</strong></span> 
     </span>
     <span class='ocr_line' id='line_1_14' title="bbox 290 1623 1636 1702; baseline -0.006 -14"><span class='ocrx_word' id='word_1_148' title='bbox 290 1627 442 1688; x_wconf 72' lang='lat' dir='ltr'><strong>l&#39;nlosten</strong></span> <span class='ocrx_word' id='word_1_149' title='bbox 466 1627 615 1701; x_wconf 86' lang='lat' dir='ltr'><strong>eriordert,</strong></span> <span class='ocrx_word' id='word_1_150' title='bbox 638 1625 683 1686; x_wconf 90' lang='lat' dir='ltr'><strong>sle</strong></span> <span class='ocrx_word' id='word_1_151' title='bbox 705 1625 822 1686; x_wconf 83' lang='lat' dir='ltr'><strong>miicbte</strong></span> <span class='ocrx_word' id='word_1_152' title='bbox 844 1626 900 1684; x_wconf 87' lang='lat' dir='ltr'><strong>mir</strong></span> <span class='ocrx_word' id='word_1_153' title='bbox 921 1623 982 1682; x_wconf 87' lang='lat' dir='ltr'><strong>aud</strong></span> <span class='ocrx_word' id='word_1_154' title='bbox 1002 1641 1084 1682; x_wconf 81' lang='lat' dir='ltr'><strong>ewen</strong></span> <span class='ocrx_word' id='word_1_155' title='bbox 1101 1625 1195 1701; x_wconf 88' lang='lat' dir='ltr'><strong>Wega</strong></span> <span class='ocrx_word' id='word_1_156' title='bbox 1218 1634 1309 1686; x_wconf 75' lang='lat' dir='ltr'><strong>etwas</strong></span> <span class='ocrx_word' id='word_1_157' title='bbox 1340 1627 1486 1702; x_wconf 81' lang='lat' dir='ltr'><strong>gebolffeu</strong></span> <span class='ocrx_word' id='word_1_158' title='bbox 1511 1623 1636 1696; x_wconf 84' lang='lat' dir='ltr'><strong>werden,</strong></span> 
     </span>
     <span class='ocr_line' id='line_1_15' title="bbox 294 1709 1635 1799; baseline -0.004 -23"><span class='ocrx_word' id='word_1_159' title='bbox 294 1711 386 1799; x_wconf 88' lang='lat' dir='ltr'><strong>1)mit</strong></span> <span class='ocrx_word' id='word_1_160' title='bbox 402 1715 611 1776; x_wconf 84' lang='lat' dir='ltr'><strong>Confirmatiou</strong></span> <span class='ocrx_word' id='word_1_161' title='bbox 625 1716 736 1774; x_wconf 87' lang='lat' dir='ltr'><strong>moines</strong></span> <span class='ocrx_word' id='word_1_162' title='bbox 746 1709 1008 1786; x_wconf 84' lang='lat' dir='ltr'><strong>bievorerlaugten</strong></span> <span class='ocrx_word' id='word_1_163' title='bbox 1023 1711 1175 1788; x_wconf 89' lang='lat' dir='ltr'><strong>Privilegii</strong></span> <span class='ocrx_word' id='word_1_164' title='bbox 1188 1713 1247 1773; x_wconf 81' lang='lat' dir='ltr'><strong>rud</strong></span> <span class='ocrx_word' id='word_1_165' title='bbox 1262 1714 1460 1790; x_wconf 80' lang='lat' dir='ltr'><strong>Etleugernng</strong></span> <span class='ocrx_word' id='word_1_166' title='bbox 1481 1711 1635 1772; x_wconf 81' lang='lat' dir='ltr'><strong>desselben</strong></span> 
     </span>
     <span class='ocr_line' id='line_1_16' title="bbox 289 1797 1636 1881; baseline -0.007 -17"><span class='ocrx_word' id='word_1_167' title='bbox 289 1804 352 1864; x_wconf 86' lang='lat' dir='ltr'><strong>suli</strong></span> <span class='ocrx_word' id='word_1_168' title='bbox 377 1802 431 1864; x_wconf 90' lang='lat' dir='ltr'><strong>das</strong></span> <span class='ocrx_word' id='word_1_169' title='bbox 453 1803 537 1864; x_wconf 89' lang='lat' dir='ltr'><strong>Bnclr</strong></span> <span class='ocrx_word' id='word_1_170' title='bbox 561 1799 770 1881; x_wconf 84' lang='lat' dir='ltr'><strong>Ephemcrides</strong></span> <span class='ocrx_word' id='word_1_171' title='bbox 793 1797 946 1874; x_wconf 73' lang='lat' dir='ltr'><strong>(sillabas</strong></span> <span class='ocrx_word' id='word_1_172' title='bbox 975 1798 1108 1875; x_wconf 85' lang='lat' dir='ltr'><strong>laugsem</strong></span> <span class='ocrx_word' id='word_1_173' title='bbox 1137 1800 1278 1877; x_wconf 83' lang='lat' dir='ltr'><strong>abgebet)</strong></span> <span class='ocrx_word' id='word_1_174' title='bbox 1307 1802 1370 1861; x_wconf 86' lang='lat' dir='ltr'><strong>auli</strong></span> <span class='ocrx_word' id='word_1_175' title='bbox 1390 1808 1430 1862; x_wconf 86' lang='grc'><strong>30</strong></span> <span class='ocrx_word' id='word_1_176' title='bbox 1454 1800 1517 1862; x_wconf 85' lang='lat' dir='ltr'><strong>Jar.</strong></span> <span class='ocrx_word' id='word_1_177' title='bbox 1562 1799 1636 1857; x_wconf 83' lang='lat' dir='ltr'><strong>liena</strong></span> 
     </span>
     <span class='ocr_line' id='line_1_17' title="bbox 290 1885 1636 1965; baseline -0.004 -15"><span class='ocrx_word' id='word_1_178' title='bbox 290 1893 342 1952; x_wconf 88' lang='lat' dir='ltr'><strong>das</strong></span> <span class='ocrx_word' id='word_1_179' title='bbox 365 1891 411 1950; x_wconf 91' lang='lat' dir='ltr'><strong>icb</strong></span> <span class='ocrx_word' id='word_1_180' title='bbox 435 1893 488 1952; x_wconf 88' lang='lat' dir='ltr'><strong>orit</strong></span> <span class='ocrx_word' id='word_1_181' title='bbox 510 1889 631 1952; x_wconf 88' lang='lat' dir='ltr'><strong>solehen</strong></span> <span class='ocrx_word' id='word_1_182' title='bbox 653 1891 769 1950; x_wconf 86' lang='lat' dir='ltr'><strong>melnen</strong></span> <span class='ocrx_word' id='word_1_183' title='bbox 785 1890 908 1964; x_wconf 87' lang='lat' dir='ltr'><strong>sigenen</strong></span> <span class='ocrx_word' id='word_1_184' title='bbox 923 1885 1068 1959; x_wconf 85' lang='lat' dir='ltr'><strong>Bliehern,</strong></span> <span class='ocrx_word' id='word_1_185' title='bbox 1092 1887 1140 1948; x_wconf 90' lang='lat' dir='ltr'><strong>die</strong></span> <span class='ocrx_word' id='word_1_186' title='bbox 1163 1887 1210 1948; x_wconf 89' lang='lat' dir='ltr'><strong>ich</strong></span> <span class='ocrx_word' id='word_1_187' title='bbox 1229 1889 1366 1965; x_wconf 75' lang='lat' dir='ltr'><strong>gemacht</strong></span> <span class='ocrx_word' id='word_1_188' title='bbox 1388 1889 1446 1948; x_wconf 82' lang='lat' dir='ltr'><strong>rud</strong></span> <span class='ocrx_word' id='word_1_189' title='bbox 1469 1885 1636 1962; x_wconf 86' lang='lat' dir='ltr'><strong>ansegebea</strong></span> 
     </span>
     <span class='ocr_line' id='line_1_18' title="bbox 289 1972 1635 2054; baseline -0.005 -16"><span class='ocrx_word' id='word_1_190' title='bbox 289 1978 376 2050; x_wconf 66' lang='lat' dir='ltr'><strong>luisse,</strong></span> <span class='ocrx_word' id='word_1_191' title='bbox 400 1996 465 2038; x_wconf 81' lang='lat' dir='ltr'><strong>wan</strong></span> <span class='ocrx_word' id='word_1_192' title='bbox 488 1978 533 2038; x_wconf 91' lang='lat' dir='ltr'><strong>iob</strong></span> <span class='ocrx_word' id='word_1_193' title='bbox 557 1981 600 2038; x_wconf 91' lang='lat' dir='ltr'><strong>sio</strong></span> <span class='ocrx_word' id='word_1_194' title='bbox 622 1994 661 2038; x_wconf 91' lang='lat' dir='ltr'><strong>eu</strong></span> <span class='ocrx_word' id='word_1_195' title='bbox 683 1976 825 2054; x_wconf 87' lang='lat' dir='ltr'><strong>gelegene</strong></span> <span class='ocrx_word' id='word_1_196' title='bbox 840 1973 894 2034; x_wconf 90' lang='lat' dir='ltr'><strong>Ort</strong></span> <span class='ocrx_word' id='word_1_197' title='bbox 909 1973 1108 2054; x_wconf 82' lang='lat' dir='ltr'><strong>verscbiclbe,</strong></span> <span class='ocrx_word' id='word_1_198' title='bbox 1133 1975 1188 2036; x_wconf 89' lang='lat' dir='ltr'><strong>den</strong></span> <span class='ocrx_word' id='word_1_199' title='bbox 1203 1975 1352 2050; x_wconf 84' lang='lat' dir='ltr'><strong>gelebrteu</strong></span> <span class='ocrx_word' id='word_1_200' title='bbox 1377 1977 1444 2037; x_wconf 88' lang='lat' dir='ltr'><strong>rmb</strong></span> <span class='ocrx_word' id='word_1_201' title='bbox 1461 1979 1546 2035; x_wconf 90' lang='lat' dir='ltr'><strong>einen</strong></span> <span class='ocrx_word' id='word_1_202' title='bbox 1561 1972 1635 2033; x_wconf 90' lang='lat' dir='ltr'><strong>leid-</strong></span> 
     </span>
     <span class='ocr_line' id='line_1_19' title="bbox 288 2061 1637 2142; baseline -0.004 -16"><span class='ocrx_word' id='word_1_203' title='bbox 288 2066 383 2128; x_wconf 88' lang='lat' dir='ltr'><strong>licbeu</strong></span> <span class='ocrx_word' id='word_1_204' title='bbox 405 2066 552 2142; x_wconf 82' lang='lat' dir='ltr'><strong>Pseonlng</strong></span> <span class='ocrx_word' id='word_1_205' title='bbox 574 2064 774 2124; x_wconf 85' lang='lat' dir='ltr'><strong>mitantbeilen</strong></span> <span class='ocrx_word' id='word_1_206' title='bbox 799 2061 881 2140; x_wconf 86' lang='lat' dir='ltr'><strong>(weil</strong></span> <span class='ocrx_word' id='word_1_207' title='bbox 904 2061 1068 2122; x_wconf 89' lang='lat' dir='ltr'><strong>sondorlicb</strong></span> <span class='ocrx_word' id='word_1_208' title='bbox 1090 2063 1165 2124; x_wconf 88' lang='lat' dir='ltr'><strong>Irrer</strong></span> <span class='ocrx_word' id='word_1_209' title='bbox 1187 2061 1254 2122; x_wconf 86' lang='lat' dir='ltr'><strong>litt.</strong></span> <span class='ocrx_word' id='word_1_210' title='bbox 1271 2065 1383 2125; x_wconf 82' lang='lat' dir='ltr'><strong>Names</strong></span> <span class='ocrx_word' id='word_1_211' title='bbox 1407 2062 1560 2124; x_wconf 89' lang='lat' dir='ltr'><strong>bierdnrcb</strong></span> <span class='ocrx_word' id='word_1_212' title='bbox 1581 2077 1637 2137; x_wconf 92' lang='lat' dir='ltr'><strong>ge·</strong></span> 
     </span>
     <span class='ocr_line' id='line_1_20' title="bbox 287 2143 1639 2234; baseline -0.007 -19"><span class='ocrx_word' id='word_1_213' title='bbox 287 2155 352 2234; x_wconf 74' lang='lat' dir='ltr'><strong>ebrt</strong></span> <span class='ocrx_word' id='word_1_214' title='bbox 376 2152 434 2212; x_wconf 81' lang='lat' dir='ltr'><strong>rud</strong></span> <span class='ocrx_word' id='word_1_215' title='bbox 457 2153 527 2214; x_wconf 89' lang='lat' dir='ltr'><strong>dero</strong></span> <span class='ocrx_word' id='word_1_216' title='bbox 551 2152 615 2212; x_wconf 87' lang='lat' dir='ltr'><strong>Lob</strong></span> <span class='ocrx_word' id='word_1_217' title='bbox 639 2143 797 2212; x_wconf 80' lang='lat' dir='ltr'><strong>erw&#39;eittert</strong></span> <span class='ocrx_word' id='word_1_218' title='bbox 818 2148 914 2226; x_wconf 87' lang='lat' dir='ltr'><strong>wllrt),</strong></span> <span class='ocrx_word' id='word_1_219' title='bbox 938 2149 1058 2229; x_wconf 86' lang='lat' dir='ltr'><strong>aollirey</strong></span> <span class='ocrx_word' id='word_1_220' title='bbox 1081 2167 1154 2228; x_wconf 85' lang='lat' dir='ltr'><strong>seyu</strong></span> <span class='ocrx_word' id='word_1_221' title='bbox 1178 2151 1309 2225; x_wconf 82' lang='lat' dir='ltr'><strong>rudehte,</strong></span> <span class='ocrx_word' id='word_1_222' title='bbox 1333 2151 1407 2212; x_wconf 88' lang='lat' dir='ltr'><strong>doeb</strong></span> <span class='ocrx_word' id='word_1_223' title='bbox 1431 2151 1483 2212; x_wconf 86' lang='lat' dir='ltr'><strong>dee</strong></span> <span class='ocrx_word' id='word_1_224' title='bbox 1506 2151 1552 2210; x_wconf 87' lang='lat' dir='ltr'><strong>iob</strong></span> <span class='ocrx_word' id='word_1_225' title='bbox 1576 2147 1639 2218; x_wconf 80' lang='lat' dir='ltr'><strong>aud</strong></span> 
     </span>
     <span class='ocr_line' id='line_1_21' title="bbox 287 2235 1637 2319; baseline -0.004 -17"><span class='ocrx_word' id='word_1_226' title='bbox 287 2239 483 2319; x_wconf 75' lang='lat' dir='ltr'><strong>liriorderuug</strong></span> <span class='ocrx_word' id='word_1_227' title='bbox 505 2239 641 2317; x_wconf 84' lang='lat' dir='ltr'><strong>sebaldig</strong></span> <span class='ocrx_word' id='word_1_228' title='bbox 664 2257 716 2318; x_wconf 87' lang='lat' dir='ltr'><strong>sey</strong></span> <span class='ocrx_word' id='word_1_229' title='bbox 739 2256 775 2298; x_wconf 86' lang='lat' dir='ltr'><strong>au</strong></span> <span class='ocrx_word' id='word_1_230' title='bbox 800 2241 964 2310; x_wconf 84' lang='lat' dir='ltr'><strong>erweisseu,</strong></span> <span class='ocrx_word' id='word_1_231' title='bbox 989 2237 1040 2296; x_wconf 88' lang='lat' dir='ltr'><strong>das</strong></span> <span class='ocrx_word' id='word_1_232' title='bbox 1064 2239 1158 2298; x_wconf 88' lang='lat' dir='ltr'><strong>uiebts</strong></span> <span class='ocrx_word' id='word_1_233' title='bbox 1181 2237 1325 2300; x_wconf 86' lang='lat' dir='ltr'><strong>irembdss</strong></span> <span class='ocrx_word' id='word_1_234' title='bbox 1348 2239 1492 2300; x_wconf 82' lang='lat' dir='ltr'><strong>derrantes.</strong></span> <span class='ocrx_word' id='word_1_235' title='bbox 1532 2240 1566 2312; x_wconf 73' lang='lat'><strong>2)</strong></span> <span class='ocrx_word' id='word_1_236' title='bbox 1582 2235 1637 2296; x_wconf 84' lang='lat' dir='ltr'><strong>biit</strong></span> 
     </span>
     <span class='ocr_line' id='line_1_22' title="bbox 287 2321 1581 2406; baseline -0.004 -17"><span class='ocrx_word' id='word_1_237' title='bbox 287 2328 460 2406; x_wconf 75' lang='lat' dir='ltr'><strong>llrtbeilnng</strong></span> <span class='ocrx_word' id='word_1_238' title='bbox 483 2331 563 2388; x_wconf 91' lang='lat' dir='ltr'><strong>eiuer</strong></span> <span class='ocrx_word' id='word_1_239' title='bbox 584 2325 804 2404; x_wconf 82' lang='lat' dir='ltr'><strong>Hersenpirdnd</strong></span> <span class='ocrx_word' id='word_1_240' title='bbox 827 2326 890 2385; x_wconf 84' lang='lat' dir='ltr'><strong>suff</strong></span> <span class='ocrx_word' id='word_1_241' title='bbox 910 2321 974 2384; x_wconf 87' lang='lat' dir='ltr'><strong>deur</strong></span> <span class='ocrx_word' id='word_1_242' title='bbox 998 2324 1116 2386; x_wconf 85' lang='lat' dir='ltr'><strong>Kloster</strong></span> <span class='ocrx_word' id='word_1_243' title='bbox 1139 2326 1292 2401; x_wconf 89' lang='lat' dir='ltr'><strong>Nellingen</strong></span> <span class='ocrx_word' id='word_1_244' title='bbox 1308 2372 1317 2388; x_wconf 96' lang='lat'><strong>.</strong></span> <span class='ocrx_word' id='word_1_245' title='bbox 1335 2369 1367 2387; x_wconf 93' lang='lat'><strong>..</strong></span> <span class='ocrx_word' id='word_1_246' title='bbox 1391 2347 1416 2388; x_wconf 81' lang='lat' dir='ltr'><strong>r.</strong></span> <span class='ocrx_word' id='word_1_247' title='bbox 1436 2347 1458 2388; x_wconf 86' lang='lat' dir='ltr'><strong>e.</strong></span> <span class='ocrx_word' id='word_1_248' title='bbox 1477 2347 1503 2400; x_wconf 85' lang='lat' dir='ltr'><strong>p.</strong></span> <span class='ocrx_word' id='word_1_249' title='bbox 1521 2330 1581 2385; x_wconf 78' lang='lat'><strong>829.</strong></span> 
     </span>
    </p>
   </div>
   <div class='ocr_carea' id='block_1_5' title="bbox 213 2423 1645 3636">
    <p class='ocr_par' dir='ltr' id='par_1_5' title="bbox 213 2423 1645 3636">
     <span class='ocr_line' id='line_1_23' title="bbox 392 2423 1638 2497; baseline -0.002 -13"><span class='ocrx_word' id='word_1_250' title='bbox 392 2429 493 2488; x_wconf 81' lang='lat' dir='ltr'><strong>Martio</strong></span> <span class='ocrx_word' id='word_1_251' title='bbox 512 2443 605 2484; x_wconf 86' lang='lat' dir='ltr'><strong>mense</strong></span> <span class='ocrx_word' id='word_1_252' title='bbox 622 2427 792 2482; x_wconf 85' lang='lat' dir='ltr'><strong>advenerunt</strong></span> <span class='ocrx_word' id='word_1_253' title='bbox 814 2424 909 2480; x_wconf 88' lang='lat' dir='ltr'><strong>literae</strong></span> <span class='ocrx_word' id='word_1_254' title='bbox 927 2423 1103 2492; x_wconf 84' lang='lat' dir='ltr'><strong>Rolienii,</strong></span> <span class='ocrx_word' id='word_1_255' title='bbox 1129 2425 1227 2494; x_wconf 90' lang='lat' dir='ltr'><strong>quibus</strong></span> <span class='ocrx_word' id='word_1_256' title='bbox 1245 2427 1374 2483; x_wconf 83' lang='lat' dir='ltr'><strong>inritatur</strong></span> <span class='ocrx_word' id='word_1_257' title='bbox 1391 2426 1537 2497; x_wconf 86' lang='lat' dir='ltr'><strong>Keplerus,</strong></span> <span class='ocrx_word' id='word_1_258' title='bbox 1562 2433 1592 2481; x_wconf 90' lang='lat' dir='ltr'><strong>nt</strong></span> <span class='ocrx_word' id='word_1_259' title='bbox 1610 2426 1638 2481; x_wconf 90' lang='lat' dir='ltr'><strong>in</strong></span> 
     </span>
     <span class='ocr_line' id='line_1_24' title="bbox 289 2511 1638 2585; baseline -0.004 -11"><span class='ocrx_word' id='word_1_260' title='bbox 289 2518 381 2574; x_wconf 89' lang='lat' dir='ltr'><strong>locum</strong></span> <span class='ocrx_word' id='word_1_261' title='bbox 404 2517 503 2572; x_wconf 70' lang='lat' dir='ltr'><strong>monui</strong></span> <span class='ocrx_word' id='word_1_262' title='bbox 526 2515 629 2584; x_wconf 86' lang='lat' dir='ltr'><strong>blagini</strong></span> <span class='ocrx_word' id='word_1_263' title='bbox 650 2514 802 2570; x_wconf 83' lang='lat' dir='ltr'><strong>Bononiam</strong></span> <span class='ocrx_word' id='word_1_264' title='bbox 823 2511 995 2580; x_wconf 81' lang='lat' dir='ltr'><strong>succederet3</strong></span> <span class='ocrx_word' id='word_1_265' title='bbox 1019 2511 1069 2566; x_wconf 84' lang='lat' dir='ltr'><strong>cal.</strong></span> <span class='ocrx_word' id='word_1_266' title='bbox 1089 2513 1158 2581; x_wconf 79' lang='lat' dir='ltr'><strong>blqji</strong></span> <span class='ocrx_word' id='word_1_267' title='bbox 1180 2515 1320 2584; x_wconf 87' lang='lat' dir='ltr'><strong>respondit</strong></span> <span class='ocrx_word' id='word_1_268' title='bbox 1340 2515 1489 2585; x_wconf 89' lang='lat' dir='ltr'><strong>iieplerus,</strong></span> <span class='ocrx_word' id='word_1_269' title='bbox 1516 2514 1638 2569; x_wconf 89' lang='lat' dir='ltr'><strong>oblatum</strong></span> 
     </span>
     <span class='ocr_line' id='line_1_25' title="bbox 288 2599 1638 2672; baseline -0.004 -10"><span class='ocrx_word' id='word_1_270' title='bbox 288 2623 385 2662; x_wconf 79' lang='lat' dir='ltr'><strong>murone</strong></span> <span class='ocrx_word' id='word_1_271' title='bbox 403 2619 534 2662; x_wconf 90' lang='lat' dir='ltr'><strong>recusans</strong></span> <span class='ocrx_word' id='word_1_272' title='bbox 553 2605 587 2672; x_wconf 85' lang='grc' dir='ltr'><strong>(ι,</strong></span> <span class='ocrx_word' id='word_1_273' title='bbox 606 2619 627 2658; x_wconf 92' lang='lat' dir='ltr'><strong>s.</strong></span> <span class='ocrx_word' id='word_1_274' title='bbox 641 2619 666 2672; x_wconf 86' lang='lat' dir='ltr'><strong>p.</strong></span> <span class='ocrx_word' id='word_1_275' title='bbox 681 2601 749 2668; x_wconf 72' lang='lat' dir='ltr'><strong>tte).</strong></span> <span class='ocrx_word' id='word_1_276' title='bbox 780 2600 832 2656; x_wconf 90' lang='lat' dir='ltr'><strong>Die</strong></span> <span class='ocrx_word' id='word_1_277' title='bbox 852 2601 892 2658; x_wconf 83' lang='lat' dir='ltr'><strong>lb.</strong></span> <span class='ocrx_word' id='word_1_278' title='bbox 911 2601 983 2668; x_wconf 83' lang='lat' dir='ltr'><strong>Aug.</strong></span> <span class='ocrx_word' id='word_1_279' title='bbox 1001 2599 1086 2654; x_wconf 86' lang='lat' dir='ltr'><strong>relert</strong></span> <span class='ocrx_word' id='word_1_280' title='bbox 1103 2600 1245 2672; x_wconf 88' lang='lat' dir='ltr'><strong>liepierns,</strong></span> <span class='ocrx_word' id='word_1_281' title='bbox 1264 2603 1430 2659; x_wconf 55' lang='lat' dir='ltr'><strong>observasse*</strong></span> <span class='ocrx_word' id='word_1_282' title='bbox 1442 2619 1472 2660; x_wconf 90' lang='lat' dir='ltr'><strong>se</strong></span> <span class='ocrx_word' id='word_1_283' title='bbox 1490 2603 1638 2672; x_wconf 85' lang='lat' dir='ltr'><strong>deliquium</strong></span> 
     </span>
     <span class='ocr_line' id='line_1_26' title="bbox 290 2686 1639 2760; baseline -0.006 -10"><span class='ocrx_word' id='word_1_284' title='bbox 290 2697 383 2752; x_wconf 85' lang='lat' dir='ltr'><strong>Lunae</strong></span> <span class='ocrx_word' id='word_1_285' title='bbox 400 2694 488 2750; x_wconf 81' lang='lat' dir='ltr'><strong>Lineii</strong></span> <span class='ocrx_word' id='word_1_286' title='bbox 511 2693 539 2748; x_wconf 91' lang='lat' dir='ltr'><strong>in</strong></span> <span class='ocrx_word' id='word_1_287' title='bbox 562 2707 624 2748; x_wconf 87' lang='lat' dir='ltr'><strong>erce</strong></span> <span class='ocrx_word' id='word_1_288' title='bbox 648 2693 794 2755; x_wconf 85' lang='lat' dir='ltr'><strong>Caesares,</strong></span> <span class='ocrx_word' id='word_1_289' title='bbox 819 2687 1010 2756; x_wconf 88' lang='lat' dir='ltr'><strong>praesentibus</strong></span> <span class='ocrx_word' id='word_1_290' title='bbox 1034 2686 1138 2756; x_wconf 87' lang='lat' dir='ltr'><strong>aliquot</strong></span> <span class='ocrx_word' id='word_1_291' title='bbox 1163 2689 1321 2757; x_wconf 83' lang='lat' dir='ltr'><strong>proceribus</strong></span> <span class='ocrx_word' id='word_1_292' title='bbox 1342 2697 1371 2746; x_wconf 90' lang='lat' dir='ltr'><strong>et</strong></span> <span class='ocrx_word' id='word_1_293' title='bbox 1395 2690 1639 2760; x_wconf 74' lang='lat' dir='ltr'><strong>vice-Capitonem</strong></span> 
     </span>
     <span class='ocr_line' id='line_1_27' title="bbox 289 2775 1640 2852; baseline -0.006 -14"><span class='ocrx_word' id='word_1_294' title='bbox 289 2781 375 2838; x_wconf 89' lang='lat' dir='ltr'><strong>Panlo</strong></span> <span class='ocrx_word' id='word_1_295' title='bbox 392 2789 455 2852; x_wconf 87' lang='lat' dir='ltr'><strong>post</strong></span> <span class='ocrx_word' id='word_1_296' title='bbox 474 2779 541 2836; x_wconf 84' lang='lat' dir='ltr'><strong>adiit</strong></span> <span class='ocrx_word' id='word_1_297' title='bbox 558 2779 691 2835; x_wconf 87' lang='lat' dir='ltr'><strong>Thomem</strong></span> <span class='ocrx_word' id='word_1_298' title='bbox 710 2775 892 2846; x_wconf 80' lang='lat' dir='ltr'><strong>Mingonium,</strong></span> <span class='ocrx_word' id='word_1_299' title='bbox 915 2775 1047 2830; x_wconf 85' lang='lat' dir='ltr'><strong>medicum</strong></span> <span class='ocrx_word' id='word_1_300' title='bbox 1072 2775 1254 2846; x_wconf 87' lang='lat' dir='ltr'><strong>imperatoris,</strong></span> <span class='ocrx_word' id='word_1_301' title='bbox 1280 2777 1412 2832; x_wconf 84' lang='lat' dir='ltr'><strong>auxilium</strong></span> <span class='ocrx_word' id='word_1_302' title='bbox 1433 2777 1574 2847; x_wconf 80' lang='lat' dir='ltr'><strong>potensin</strong></span> <span class='ocrx_word' id='word_1_303' title='bbox 1593 2791 1640 2831; x_wconf 88' lang='lat' dir='ltr'><strong>an·</strong></span> 
     </span>
     <span class='ocr_line' id='line_1_28' title="bbox 291 2861 1641 2940; baseline -0.007 -12"><span class='ocrx_word' id='word_1_304' title='bbox 291 2870 387 2938; x_wconf 82' lang='lat' dir='ltr'><strong>gustiis</strong></span> <span class='ocrx_word' id='word_1_305' title='bbox 404 2867 576 2940; x_wconf 85' lang='lat' dir='ltr'><strong>pecuniariis,</strong></span> <span class='ocrx_word' id='word_1_306' title='bbox 595 2867 643 2936; x_wconf 93' lang='lat' dir='ltr'><strong>qni</strong></span> <span class='ocrx_word' id='word_1_307' title='bbox 655 2861 920 2935; x_wconf 68' lang='lat' dir='ltr'><strong>(Septlrespondit,</strong></span> <span class='ocrx_word' id='word_1_308' title='bbox 937 2870 1074 2917; x_wconf 87' lang='lat' dir='ltr'><strong>moturum</strong></span> <span class='ocrx_word' id='word_1_309' title='bbox 1092 2879 1121 2918; x_wconf 89' lang='lat' dir='ltr'><strong>se</strong></span> <span class='ocrx_word' id='word_1_310' title='bbox 1140 2879 1244 2918; x_wconf 88' lang='lat' dir='ltr'><strong>omnem</strong></span> <span class='ocrx_word' id='word_1_311' title='bbox 1262 2863 1380 2933; x_wconf 86' lang='lat' dir='ltr'><strong>lapidem</strong></span> <span class='ocrx_word' id='word_1_312' title='bbox 1399 2865 1471 2934; x_wconf 91' lang='lat' dir='ltr'><strong>apud</strong></span> <span class='ocrx_word' id='word_1_313' title='bbox 1490 2879 1591 2928; x_wconf 90' lang='lat' dir='ltr'><strong>omnes,</strong></span> <span class='ocrx_word' id='word_1_314' title='bbox 1609 2871 1641 2918; x_wconf 90' lang='lat' dir='ltr'><strong>ut</strong></span> 
     </span>
     <span class='ocr_line' id='line_1_29' title="bbox 291 2949 1645 3026; baseline -0.004 -14"><span class='ocrx_word' id='word_1_315' title='bbox 291 2955 403 3026; x_wconf 84' lang='lat' dir='ltr'><strong>Keplori</strong></span> <span class='ocrx_word' id='word_1_316' title='bbox 423 2955 605 3024; x_wconf 73' lang='lat' dir='ltr'><strong>,jusserimus</strong></span> <span class='ocrx_word' id='word_1_317' title='bbox 623 2961 651 3008; x_wconf 90' lang='lat' dir='ltr'><strong>et</strong></span> <span class='ocrx_word' id='word_1_318' title='bbox 668 2950 877 3008; x_wconf 82' lang='lat' dir='ltr'><strong>honestissimae</strong></span> <span class='ocrx_word' id='word_1_319' title='bbox 899 2949 1040 3021; x_wconf 70' lang='lat' dir='ltr'><strong>petitionil</strong></span> <span class='ocrx_word' id='word_1_320' title='bbox 1067 2950 1195 3020; x_wconf 87' lang='lat' dir='ltr'><strong>satisfiat,</strong></span> <span class='ocrx_word' id='word_1_321' title='bbox 1219 2951 1283 3005; x_wconf 90' lang='lat' dir='ltr'><strong>dum</strong></span> <span class='ocrx_word' id='word_1_322' title='bbox 1307 2951 1371 3006; x_wconf 87' lang='lat' dir='ltr'><strong>aulo</strong></span> <span class='ocrx_word' id='word_1_323' title='bbox 1389 2951 1503 3020; x_wconf 83' lang='lat' dir='ltr'><strong>Pragam</strong></span> <span class='ocrx_word' id='word_1_324' title='bbox 1529 2951 1645 3007; x_wconf 88' lang='lat' dir='ltr'><strong>redierit·</strong></span> 
     </span>
     <span class='ocr_line' id='line_1_30' title="bbox 293 3037 1641 3112; baseline -0.006 -10"><span class='ocrx_word' id='word_1_325' title='bbox 293 3047 419 3110; x_wconf 81' lang='lat' dir='ltr'><strong>(,Ceesar</strong></span> <span class='ocrx_word' id='word_1_326' title='bbox 436 3059 493 3100; x_wconf 90' lang='lat' dir='ltr'><strong>non</strong></span> <span class='ocrx_word' id='word_1_327' title='bbox 509 3049 553 3100; x_wconf 84' lang='lat' dir='ltr'><strong>est</strong></span> <span class='ocrx_word' id='word_1_328' title='bbox 570 3043 684 3112; x_wconf 88' lang='lat' dir='ltr'><strong>Pragae,</strong></span> <span class='ocrx_word' id='word_1_329' title='bbox 704 3039 753 3096; x_wconf 90' lang='lat' dir='ltr'><strong>sed</strong></span> <span class='ocrx_word' id='word_1_330' title='bbox 771 3038 911 3094; x_wconf 85' lang='lat' dir='ltr'><strong>Brandais·</strong></span> <span class='ocrx_word' id='word_1_331' title='bbox 922 3037 1099 3094; x_wconf 83' lang='lat' dir='ltr'><strong>recreationis</strong></span> <span class='ocrx_word' id='word_1_332' title='bbox 1118 3053 1201 3094; x_wconf 85' lang='lat' dir='ltr'><strong>cause</strong></span> <span class='ocrx_word' id='word_1_333' title='bbox 1218 3041 1356 3108; x_wconf 74' lang='lat' dir='ltr'><strong>meuet⁸);</strong></span> <span class='ocrx_word' id='word_1_334' title='bbox 1377 3038 1441 3094; x_wconf 85' lang='lat' dir='ltr'><strong>data</strong></span> <span class='ocrx_word' id='word_1_335' title='bbox 1458 3039 1546 3110; x_wconf 88' lang='lat' dir='ltr'><strong>prime</strong></span> <span class='ocrx_word' id='word_1_336' title='bbox 1564 3055 1641 3094; x_wconf 86' lang='lat' dir='ltr'><strong>ocea-</strong></span> 
     </span>
     <span class='ocr_line' id='line_1_31' title="bbox 293 3125 1641 3194; baseline -0.004 -6"><span class='ocrx_word' id='word_1_337' title='bbox 293 3131 370 3188; x_wconf 86' lang='lat' dir='ltr'><strong>sione</strong></span> <span class='ocrx_word' id='word_1_338' title='bbox 392 3135 515 3186; x_wconf 83' lang='lat' dir='ltr'><strong>acturum</strong></span> <span class='ocrx_word' id='word_1_339' title='bbox 538 3143 567 3184; x_wconf 87' lang='lat' dir='ltr'><strong>se</strong></span> <span class='ocrx_word' id='word_1_340' title='bbox 590 3143 651 3184; x_wconf 84' lang='lat' dir='ltr'><strong>oum</strong></span> <span class='ocrx_word' id='word_1_341' title='bbox 676 3125 813 3183; x_wconf 84' lang='lat' dir='ltr'><strong>Cardinsli</strong></span> <span class='ocrx_word' id='word_1_342' title='bbox 835 3125 999 3194; x_wconf 85' lang='lat' dir='ltr'><strong>(libleselio,</strong></span> <span class='ocrx_word' id='word_1_343' title='bbox 1023 3125 1070 3181; x_wconf 86' lang='lat' dir='ltr'><strong>cir.</strong></span> <span class='ocrx_word' id='word_1_344' title='bbox 1094 3125 1146 3181; x_wconf 79' lang='lat' dir='ltr'><strong>roi</strong></span> <span class='ocrx_word' id='word_1_345' title='bbox 1165 3125 1187 3182; x_wconf 88' lang='grc' dir='ltr'><strong>Ι.</strong></span> <span class='ocrx_word' id='word_1_346' title='bbox 1205 3126 1275 3193; x_wconf 82' lang='grc'><strong>660).</strong></span> <span class='ocrx_word' id='word_1_347' title='bbox 1320 3125 1466 3184; x_wconf 80' lang='lat' dir='ltr'><strong>Novembri</strong></span> <span class='ocrx_word' id='word_1_348' title='bbox 1487 3128 1555 3183; x_wconf 88' lang='lat' dir='ltr'><strong>baec</strong></span> <span class='ocrx_word' id='word_1_349' title='bbox 1578 3129 1641 3183; x_wconf 85' lang='lat' dir='ltr'><strong>snb·</strong></span> 
     </span>
     <span class='ocr_line' id='line_1_32' title="bbox 295 3209 1643 3285; baseline -0.004 -10"><span class='ocrx_word' id='word_1_350' title='bbox 295 3225 389 3275; x_wconf 85' lang='lat' dir='ltr'><strong>secuta</strong></span> <span class='ocrx_word' id='word_1_351' title='bbox 406 3223 485 3274; x_wconf 84' lang='lat' dir='ltr'><strong>sunt:</strong></span> <span class='ocrx_word' id='word_1_352' title='bbox 506 3215 652 3284; x_wconf 75' lang='lat' dir='ltr'><strong>Negotium</strong></span> <span class='ocrx_word' id='word_1_353' title='bbox 670 3209 750 3271; x_wconf 81' lang='lat' dir='ltr'><strong>Dum.</strong></span> <span class='ocrx_word' id='word_1_354' title='bbox 769 3214 845 3268; x_wconf 87' lang='lat' dir='ltr'><strong>Tuae</strong></span> <span class='ocrx_word' id='word_1_355' title='bbox 862 3212 1004 3268; x_wconf 87' lang='lat' dir='ltr'><strong>remissum</strong></span> <span class='ocrx_word' id='word_1_356' title='bbox 1022 3213 1076 3270; x_wconf 86' lang='lat' dir='ltr'><strong>init</strong></span> <span class='ocrx_word' id='word_1_357' title='bbox 1092 3212 1127 3266; x_wconf 90' lang='lat' dir='ltr'><strong>ad</strong></span> <span class='ocrx_word' id='word_1_358' title='bbox 1146 3229 1279 3269; x_wconf 87' lang='lat' dir='ltr'><strong>cumeram</strong></span> <span class='ocrx_word' id='word_1_359' title='bbox 1297 3217 1411 3270; x_wconf 85' lang='lat' dir='ltr'><strong>aulicam</strong></span> <span class='ocrx_word' id='word_1_360' title='bbox 1431 3221 1458 3268; x_wconf 90' lang='lat' dir='ltr'><strong>et</strong></span> <span class='ocrx_word' id='word_1_361' title='bbox 1471 3230 1521 3284; x_wconf 88' lang='lat' dir='ltr'><strong>ego</strong></span> <span class='ocrx_word' id='word_1_362' title='bbox 1539 3213 1643 3285; x_wconf 90' lang='lat' dir='ltr'><strong>pluries</strong></span> 
     </span>
     <span class='ocr_line' id='line_1_33' title="bbox 294 3299 1642 3374; baseline -0.005 -12"><span class='ocrx_word' id='word_1_363' title='bbox 294 3307 334 3362; x_wconf 86' lang='lat' dir='ltr'><strong>lui</strong></span> <span class='ocrx_word' id='word_1_364' title='bbox 351 3303 425 3374; x_wconf 88' lang='lat' dir='ltr'><strong>apud</strong></span> <span class='ocrx_word' id='word_1_365' title='bbox 443 3305 477 3360; x_wconf 91' lang='lat' dir='ltr'><strong>D.</strong></span> <span class='ocrx_word' id='word_1_366' title='bbox 495 3318 512 3358; x_wconf 91' lang='lat' dir='ltr'><strong>a</strong></span> <span class='ocrx_word' id='word_1_367' title='bbox 528 3301 666 3372; x_wconf 84' lang='lat' dir='ltr'><strong>Pollraiur,</strong></span> <span class='ocrx_word' id='word_1_368' title='bbox 690 3309 721 3356; x_wconf 88' lang='lat' dir='ltr'><strong>ut</strong></span> <span class='ocrx_word' id='word_1_369' title='bbox 739 3300 924 3371; x_wconf 83' lang='lat' dir='ltr'><strong>praecipiatur</strong></span> <span class='ocrx_word' id='word_1_370' title='bbox 942 3301 1084 3356; x_wconf 77' lang='lat' dir='ltr'><strong>teloniario</strong></span> <span class='ocrx_word' id='word_1_371' title='bbox 1102 3300 1237 3356; x_wconf 78' lang='lat' dir='ltr'><strong>bincienai</strong></span> <span class='ocrx_word' id='word_1_372' title='bbox 1259 3301 1358 3356; x_wconf 90' lang='lat' dir='ltr'><strong>solutio</strong></span> <span class='ocrx_word' id='word_1_373' title='bbox 1377 3303 1428 3358; x_wconf 85' lang='lat'><strong>300</strong></span> <span class='ocrx_word' id='word_1_374' title='bbox 1445 3299 1472 3354; x_wconf 82' lang='lat' dir='ltr'><strong>fl.</strong></span> <span class='ocrx_word' id='word_1_375' title='bbox 1509 3301 1609 3355; x_wconf 76' lang='lat' dir='ltr'><strong>Dictus</strong></span> <span class='ocrx_word' id='word_1_376' title='bbox 1626 3315 1642 3354; x_wconf 89' lang='lat' dir='ltr'><strong>a</strong></span> 
     </span>
     <span class='ocr_line' id='line_1_34' title="bbox 294 3387 1641 3450; baseline -0.007 0"><span class='ocrx_word' id='word_1_377' title='bbox 294 3393 419 3450; x_wconf 87' lang='lat' dir='ltr'><strong>Polhaim</strong></span> <span class='ocrx_word' id='word_1_378' title='bbox 437 3397 480 3448; x_wconf 88' lang='lat' dir='ltr'><strong>est</strong></span> <span class='ocrx_word' id='word_1_379' title='bbox 497 3390 566 3446; x_wconf 89' lang='lat' dir='ltr'><strong>bens</strong></span> <span class='ocrx_word' id='word_1_380' title='bbox 583 3389 754 3446; x_wconf 76' lang='lat' dir='ltr'><strong>informatus.</strong></span> <span class='ocrx_word' id='word_1_381' title='bbox 786 3389 892 3445; x_wconf 85' lang='lat' dir='ltr'><strong>Curabo</strong></span> <span class='ocrx_word' id='word_1_382' title='bbox 912 3395 942 3444; x_wconf 86' lang='lat' dir='ltr'><strong>ut</strong></span> <span class='ocrx_word' id='word_1_383' title='bbox 959 3391 1139 3445; x_wconf 73' lang='lat' dir='ltr'><strong>uansmittam</strong></span> <span class='ocrx_word' id='word_1_384' title='bbox 1157 3390 1190 3446; x_wconf 79' lang='lat' dir='ltr'><strong>l).</strong></span> <span class='ocrx_word' id='word_1_385' title='bbox 1209 3389 1241 3443; x_wconf 89' lang='lat' dir='ltr'><strong>V.</strong></span> <span class='ocrx_word' id='word_1_386' title='bbox 1261 3388 1354 3443; x_wconf 89' lang='lat' dir='ltr'><strong>literas</strong></span> <span class='ocrx_word' id='word_1_387' title='bbox 1368 3387 1500 3442; x_wconf 87' lang='lat' dir='ltr'><strong>Caesaris.</strong></span> <span class='ocrx_word' id='word_1_388' title='bbox 1530 3387 1641 3442; x_wconf 88' lang='lat' dir='ltr'><strong>Interim</strong></span> 
     </span>
     <span class='ocr_line' id='line_1_35' title="bbox 213 3475 1643 3550; baseline -0.003 -14"><span class='ocrx_word' id='word_1_389' title='bbox 213 3509 216 3520; x_wconf 55' lang='grc' dir='ltr'><strong>ι</strong></span> <span class='ocrx_word' id='word_1_390' title='bbox 293 3497 343 3550; x_wconf 90' lang='lat' dir='ltr'><strong>ege</strong></span> <span class='ocrx_word' id='word_1_391' title='bbox 362 3479 457 3548; x_wconf 90' lang='lat' dir='ltr'><strong>accepi</strong></span> <span class='ocrx_word' id='word_1_392' title='bbox 475 3493 635 3547; x_wconf 85' lang='lat' dir='ltr'><strong>responsum</strong></span> <span class='ocrx_word' id='word_1_393' title='bbox 653 3493 669 3531; x_wconf 90' lang='lat' dir='ltr'><strong>a</strong></span> <span class='ocrx_word' id='word_1_394' title='bbox 687 3478 805 3546; x_wconf 87' lang='lat' dir='ltr'><strong>quodum</strong></span> <span class='ocrx_word' id='word_1_395' title='bbox 823 3476 922 3545; x_wconf 89' lang='lat' dir='ltr'><strong>amieo,</strong></span> <span class='ocrx_word' id='word_1_396' title='bbox 942 3475 988 3544; x_wconf 90' lang='lat' dir='ltr'><strong>qui</strong></span> <span class='ocrx_word' id='word_1_397' title='bbox 1005 3475 1134 3530; x_wconf 86' lang='lat' dir='ltr'><strong>Patariae</strong></span> <span class='ocrx_word' id='word_1_398' title='bbox 1153 3475 1234 3544; x_wconf 87' lang='lat' dir='ltr'><strong>degit,</strong></span> <span class='ocrx_word' id='word_1_399' title='bbox 1251 3476 1311 3545; x_wconf 87' lang='lat' dir='ltr'><strong>ipse</strong></span> <span class='ocrx_word' id='word_1_400' title='bbox 1329 3484 1400 3530; x_wconf 88' lang='lat' dir='ltr'><strong>emet</strong></span> <span class='ocrx_word' id='word_1_401' title='bbox 1417 3477 1483 3532; x_wconf 64' lang='lat' dir='ltr'><strong>a‘D.</strong></span> <span class='ocrx_word' id='word_1_402' title='bbox 1503 3476 1536 3531; x_wconf 79' lang='lat' dir='ltr'><strong>V.</strong></span> <span class='ocrx_word' id='word_1_403' title='bbox 1556 3475 1643 3532; x_wconf 86' lang='lat' dir='ltr'><strong>mults</strong></span> 
     </span>
     <span class='ocr_line' id='line_1_36' title="bbox 295 3561 1642 3636; baseline -0.006 -12"><span class='ocrx_word' id='word_1_404' title='bbox 295 3565 461 3636; x_wconf 82' lang='lat' dir='ltr'><strong>exemplaria</strong></span> <span class='ocrx_word' id='word_1_405' title='bbox 479 3563 698 3633; x_wconf 78' lang='lat' dir='ltr'><strong>premeridurn,</strong></span> <span class='ocrx_word' id='word_1_406' title='bbox 718 3561 862 3620; x_wconf 80' lang='lat' dir='ltr'><strong>dnmmodo</strong></span> <span class='ocrx_word' id='word_1_407' title='bbox 881 3563 1059 3622; x_wconf 78' lang='lat' dir='ltr'><strong>conveniatur</strong></span> <span class='ocrx_word' id='word_1_408' title='bbox 1075 3565 1152 3635; x_wconf 87' lang='lat' dir='ltr'><strong>prins</strong></span> <span class='ocrx_word' id='word_1_409' title='bbox 1171 3565 1206 3620; x_wconf 90' lang='lat' dir='ltr'><strong>do</strong></span> <span class='ocrx_word' id='word_1_410' title='bbox 1222 3565 1391 3620; x_wconf 81' lang='lat' dir='ltr'><strong>convenienti</strong></span> <span class='ocrx_word' id='word_1_411' title='bbox 1409 3564 1496 3634; x_wconf 88' lang='lat' dir='ltr'><strong>pretio</strong></span> <span class='ocrx_word' id='word_1_412' title='bbox 1515 3563 1565 3618; x_wconf 92' lang='lat' dir='ltr'><strong>snb</strong></span> <span class='ocrx_word' id='word_1_413' title='bbox 1585 3563 1642 3634; x_wconf 91' lang='lat' dir='ltr'><strong>qui-</strong></span> 
     </span>
    </p>
   </div>
   <div class='ocr_carea' id='block_1_6' title="bbox 295 3649 1735 3722">
    <p class='ocr_par' dir='ltr' id='par_1_6' title="bbox 295 3649 1735 3722">
     <span class='ocr_line' id='line_1_37' title="bbox 295 3649 1735 3722; baseline -0.006 -10"><span class='ocrx_word' id='word_1_414' title='bbox 295 3653 410 3712; x_wconf 87' lang='lat' dir='ltr'><strong>busdam</strong></span> <span class='ocrx_word' id='word_1_415' title='bbox 429 3649 638 3706; x_wconf 88' lang='lat' dir='ltr'><strong>conditionibus.</strong></span> <span class='ocrx_word' id='word_1_416' title='bbox 674 3649 835 3706; x_wconf 86' lang='lat' dir='ltr'><strong>Necessaria</strong></span> <span class='ocrx_word' id='word_1_417' title='bbox 859 3650 934 3719; x_wconf 91' lang='lat' dir='ltr'><strong>prins</strong></span> <span class='ocrx_word' id='word_1_418' title='bbox 959 3651 1011 3706; x_wconf 89' lang='lat' dir='ltr'><strong>erit</strong></span> <span class='ocrx_word' id='word_1_419' title='bbox 1031 3649 1156 3707; x_wconf 72' lang='lat' dir='ltr'><strong>indende</strong></span> <span class='ocrx_word' id='word_1_420' title='bbox 1173 3652 1291 3708; x_wconf 89' lang='lat' dir='ltr'><strong>conditio</strong></span> <span class='ocrx_word' id='word_1_421' title='bbox 1310 3652 1415 3722; x_wconf 88' lang='lat' dir='ltr'><strong>aliqua,</strong></span> <span class='ocrx_word' id='word_1_422' title='bbox 1439 3667 1493 3720; x_wconf 86' lang='lat' dir='ltr'><strong>qna</strong></span> <span class='ocrx_word' id='word_1_423' title='bbox 1511 3651 1545 3706; x_wconf 86' lang='lat' dir='ltr'><strong>D.</strong></span> <span class='ocrx_word' id='word_1_424' title='bbox 1564 3651 1595 3705; x_wconf 78' lang='lat' dir='ltr'><strong>V.</strong></span> <span class='ocrx_word' id='word_1_425' title='bbox 1615 3659 1643 3705; x_wconf 90' lang='lat' dir='ltr'><strong>et</strong></span> <span class='ocrx_word' id='word_1_426' title='bbox 1732 3673 1735 3678; x_wconf 95' lang='lat'>·</span> 
     </span>
    </p>
   </div>
   <div class='ocr_carea' id='block_1_7' title="bbox 294 3737 1643 4248">
    <p class='ocr_par' dir='ltr' id='par_1_7' title="bbox 294 3737 1643 4248">
     <span class='ocr_line' id='line_1_38' title="bbox 295 3737 1643 3810; baseline -0.005 -12"><span class='ocrx_word' id='word_1_427' title='bbox 295 3742 404 3809; x_wconf 88' lang='lat' dir='ltr'><strong>emtori,</strong></span> <span class='ocrx_word' id='word_1_428' title='bbox 425 3740 473 3810; x_wconf 90' lang='lat' dir='ltr'><strong>qni</strong></span> <span class='ocrx_word' id='word_1_429' title='bbox 489 3737 575 3796; x_wconf 84' lang='lat' dir='ltr'><strong>multe</strong></span> <span class='ocrx_word' id='word_1_430' title='bbox 593 3739 677 3794; x_wconf 90' lang='lat' dir='ltr'><strong>millia</strong></span> <span class='ocrx_word' id='word_1_431' title='bbox 693 3737 858 3794; x_wconf 88' lang='lat' dir='ltr'><strong>florenorum</strong></span> <span class='ocrx_word' id='word_1_432' title='bbox 877 3753 1015 3807; x_wconf 85' lang='lat' dir='ltr'><strong>exponere</strong></span> <span class='ocrx_word' id='word_1_433' title='bbox 1034 3739 1110 3808; x_wconf 77' lang='lat' dir='ltr'><strong>velit,</strong></span> <span class='ocrx_word' id='word_1_434' title='bbox 1132 3739 1290 3796; x_wconf 84' lang='lat' dir='ltr'><strong>consulatur</strong></span> <span class='ocrx_word' id='word_1_435' title='bbox 1307 3747 1468 3810; x_wconf 87' lang='lat' dir='ltr'><strong>opportune.</strong></span> <span class='ocrx_word' id='word_1_436' title='bbox 1498 3739 1643 3793; x_wconf 86' lang='lat' dir='ltr'><strong>Praeterea</strong></span> 
     </span>
     <span class='ocr_line' id='line_1_39' title="bbox 295 3824 1643 3896; baseline -0.004 -10"><span class='ocrx_word' id='word_1_437' title='bbox 295 3829 376 3886; x_wconf 81' lang='lat' dir='ltr'><strong>uellet</strong></span> <span class='ocrx_word' id='word_1_438' title='bbox 394 3829 510 3884; x_wconf 86' lang='lat' dir='ltr'><strong>libenter</strong></span> <span class='ocrx_word' id='word_1_439' title='bbox 529 3841 589 3882; x_wconf 86' lang='lat' dir='ltr'><strong>earu</strong></span> <span class='ocrx_word' id='word_1_440' title='bbox 606 3835 712 3895; x_wconf 85' lang='lat' dir='ltr'><strong>partem</strong></span> <span class='ocrx_word' id='word_1_441' title='bbox 731 3824 942 3894; x_wconf 84' lang='lat' dir='ltr'><strong>premeridunr</strong></span> <span class='ocrx_word' id='word_1_442' title='bbox 960 3826 1064 3896; x_wconf 85' lang='lat' dir='ltr'><strong>ridere,</strong></span> <span class='ocrx_word' id='word_1_443' title='bbox 1085 3841 1155 3896; x_wconf 88' lang='lat' dir='ltr'><strong>quoe</strong></span> <span class='ocrx_word' id='word_1_444' title='bbox 1173 3827 1311 3882; x_wconf 88' lang='lat' dir='ltr'><strong>discursus</strong></span> <span class='ocrx_word' id='word_1_445' title='bbox 1329 3835 1357 3883; x_wconf 94' lang='lat' dir='ltr'><strong>et</strong></span> <span class='ocrx_word' id='word_1_446' title='bbox 1374 3843 1418 3882; x_wconf 89' lang='lat' dir='ltr'><strong>res</strong></span> <span class='ocrx_word' id='word_1_447' title='bbox 1436 3827 1643 3896; x_wconf 87' lang='lat' dir='ltr'><strong>philosophicas</strong></span> 
     </span>
     <span class='ocr_line' id='line_1_40' title="bbox 294 3911 1642 3982; baseline -0.004 -8"><span class='ocrx_word' id='word_1_448' title='bbox 294 3917 423 3982; x_wconf 86' lang='lat' dir='ltr'><strong>continet,</strong></span> <span class='ocrx_word' id='word_1_449' title='bbox 442 3913 613 3970; x_wconf 72' lang='lat' dir='ltr'><strong>desudasse</strong></span> <span class='ocrx_word' id='word_1_450' title='bbox 632 3931 648 3968; x_wconf 87' lang='lat' dir='ltr'><strong>a</strong></span> <span class='ocrx_word' id='word_1_451' title='bbox 665 3912 801 3982; x_wconf 80' lang='lat' dir='ltr'><strong>theologis</strong></span> <span class='ocrx_word' id='word_1_452' title='bbox 820 3911 931 3981; x_wconf 86' lang='lat' dir='ltr'><strong>aliquod</strong></span> <span class='ocrx_word' id='word_1_453' title='bbox 949 3911 1171 3982; x_wconf 86' lang='lat' dir='ltr'><strong>impedimentum</strong></span> <span class='ocrx_word' id='word_1_454' title='bbox 1189 3921 1217 3970; x_wconf 85' lang='lat' dir='ltr'><strong>et</strong></span> <span class='ocrx_word' id='word_1_455' title='bbox 1236 3915 1362 3970; x_wconf 85' lang='lat' dir='ltr'><strong>damnum</strong></span> <span class='ocrx_word' id='word_1_456' title='bbox 1386 3917 1481 3972; x_wconf 86' lang='lat' dir='ltr'><strong>emtori</strong></span> <span class='ocrx_word' id='word_1_457' title='bbox 1499 3915 1642 3970; x_wconf 84' lang='lat' dir='ltr'><strong>inferatur.</strong></span> 
     </span>
     <span class='ocr_line' id='line_1_41' title="bbox 294 3993 1643 4073; baseline -0.006 -9"><span class='ocrx_word' id='word_1_458' title='bbox 294 4007 364 4064; x_wconf 83' lang='lat' dir='ltr'><strong>Nam</strong></span> <span class='ocrx_word' id='word_1_459' title='bbox 386 4001 513 4058; x_wconf 85' lang='lat' dir='ltr'><strong>initalia</strong></span> <span class='ocrx_word' id='word_1_460' title='bbox 537 4009 602 4058; x_wconf 89' lang='lat' dir='ltr'><strong>eunt</strong></span> <span class='ocrx_word' id='word_1_461' title='bbox 624 4001 734 4070; x_wconf 85' lang='lat' dir='ltr'><strong>quidam</strong></span> <span class='ocrx_word' id='word_1_462' title='bbox 750 4000 855 4068; x_wconf 90' lang='lat' dir='ltr'><strong>limites</strong></span> <span class='ocrx_word' id='word_1_463' title='bbox 873 3999 1044 4069; x_wconf 84' lang='lat' dir='ltr'><strong>philosophis</strong></span> <span class='ocrx_word' id='word_1_464' title='bbox 1062 4001 1195 4072; x_wconf 88' lang='lat' dir='ltr'><strong>conclusi,</strong></span> <span class='ocrx_word' id='word_1_465' title='bbox 1221 3993 1298 4058; x_wconf 76' lang='lat' dir='ltr'><strong>estre</strong></span> <span class='ocrx_word' id='word_1_466' title='bbox 1322 4019 1390 4073; x_wconf 89' lang='lat' dir='ltr'><strong>ques</strong></span> <span class='ocrx_word' id='word_1_467' title='bbox 1414 4003 1564 4059; x_wconf 85' lang='lat' dir='ltr'><strong>catholicus</strong></span> <span class='ocrx_word' id='word_1_468' title='bbox 1589 4017 1643 4057; x_wconf 89' lang='lat' dir='ltr'><strong>non</strong></span> 
     </span>
     <span class='ocr_line' id='line_1_42' title="bbox 294 4075 1643 4164; baseline -0.001 -16"><span class='ocrx_word' id='word_1_469' title='bbox 294 4075 386 4164; x_wconf 82' lang='lat' dir='ltr'><strong>potest</strong></span> <span class='ocrx_word' id='word_1_470' title='bbox 400 4090 461 4160; x_wconf 88' lang='lat' dir='ltr'><strong>jure</strong></span> <span class='ocrx_word' id='word_1_471' title='bbox 479 4088 638 4160; x_wconf 84' lang='lat' dir='ltr'><strong>exspatiari,</strong></span> <span class='ocrx_word' id='word_1_472' title='bbox 662 4086 871 4156; x_wconf 83' lang='lat' dir='ltr'><strong>etjnstissimss</strong></span> <span class='ocrx_word' id='word_1_473' title='bbox 895 4087 930 4140; x_wconf 90' lang='lat' dir='ltr'><strong>ob</strong></span> <span class='ocrx_word' id='word_1_474' title='bbox 953 4099 1058 4144; x_wconf 88' lang='lat' dir='ltr'><strong>canses.</strong></span> <span class='ocrx_word' id='word_1_475' title='bbox 1095 4089 1315 4146; x_wconf 86' lang='lat' dir='ltr'><strong>Transmittenda</strong></span> <span class='ocrx_word' id='word_1_476' title='bbox 1339 4092 1431 4160; x_wconf 83' lang='lat' dir='ltr'><strong>itaque</strong></span> <span class='ocrx_word' id='word_1_477' title='bbox 1455 4097 1497 4146; x_wconf 89' lang='lat' dir='ltr'><strong>est</strong></span> <span class='ocrx_word' id='word_1_478' title='bbox 1513 4089 1561 4144; x_wconf 84' lang='lat' dir='ltr'><strong>illa</strong></span> <span class='ocrx_word' id='word_1_479' title='bbox 1578 4107 1643 4160; x_wconf 89' lang='lat' dir='ltr'><strong>pars</strong></span> 
     </span>
     <span class='ocr_line' id='line_1_43' title="bbox 296 4175 1643 4248; baseline -0.003 -12"><span class='ocrx_word' id='word_1_480' title='bbox 296 4178 338 4236; x_wconf 83' lang='lat' dir='ltr'><strong>sel</strong></span> <span class='ocrx_word' id='word_1_481' title='bbox 357 4178 461 4236; x_wconf 87' lang='lat' dir='ltr'><strong>saltem</strong></span> <span class='ocrx_word' id='word_1_482' title='bbox 475 4183 663 4244; x_wconf 73' lang='lat' dir='ltr'><strong>argumentum</strong></span> <span class='ocrx_word' id='word_1_483' title='bbox 682 4175 779 4245; x_wconf 86' lang='lat' dir='ltr'><strong>capitis</strong></span> <span class='ocrx_word' id='word_1_484' title='bbox 803 4189 859 4230; x_wconf 88' lang='lat' dir='ltr'><strong>une</strong></span> <span class='ocrx_word' id='word_1_485' title='bbox 876 4191 938 4232; x_wconf 88' lang='lat' dir='ltr'><strong>cum</strong></span> <span class='ocrx_word' id='word_1_486' title='bbox 957 4175 1140 4242; x_wconf 85' lang='lat' dir='ltr'><strong>conclusione,</strong></span> <span class='ocrx_word' id='word_1_487' title='bbox 1165 4184 1196 4230; x_wconf 93' lang='lat' dir='ltr'><strong>nt</strong></span> <span class='ocrx_word' id='word_1_488' title='bbox 1217 4176 1325 4233; x_wconf 86' lang='lat' dir='ltr'><strong>lucilius</strong></span> <span class='ocrx_word' id='word_1_489' title='bbox 1350 4179 1438 4248; x_wconf 90' lang='lat' dir='ltr'><strong>possit</strong></span> <span class='ocrx_word' id='word_1_490' title='bbox 1462 4193 1511 4247; x_wconf 93' lang='lat' dir='ltr'><strong>per</strong></span> <span class='ocrx_word' id='word_1_491' title='bbox 1536 4185 1643 4248; x_wconf 85' lang='lat' dir='ltr'><strong>postam</strong></span> 
     </span>
    </p>
   </div>
   <div class='ocr_carea' id='block_1_8' title="bbox 99 4261 1645 4332">
    <p class='ocr_par' dir='ltr' id='par_1_8' title="bbox 99 4261 1645 4332">
     <span class='ocr_line' id='line_1_44' title="bbox 99 4261 1645 4332; baseline -0.003 -10"><span class='ocrx_word' id='word_1_492' title='bbox 99 4322 101 4330; x_wconf 84' lang='grc'>,</span> <span class='ocrx_word' id='word_1_493' title='bbox 187 4266 190 4279; x_wconf 78' lang='lat'>¹</span> <span class='ocrx_word' id='word_1_494' title='bbox 296 4265 452 4324; x_wconf 83' lang='lat' dir='ltr'><strong>transmitti.</strong></span> <span class='ocrx_word' id='word_1_495' title='bbox 488 4263 585 4319; x_wconf 84' lang='lat' dir='ltr'><strong>Emtor</strong></span> <span class='ocrx_word' id='word_1_496' title='bbox 610 4263 690 4318; x_wconf 84' lang='lat' dir='ltr'><strong>etism</strong></span> <span class='ocrx_word' id='word_1_497' title='bbox 715 4261 797 4324; x_wconf 84' lang='lat' dir='ltr'><strong>vellet</strong></span> <span class='ocrx_word' id='word_1_498' title='bbox 820 4261 936 4316; x_wconf 87' lang='lat' dir='ltr'><strong>libenter</strong></span> <span class='ocrx_word' id='word_1_499' title='bbox 963 4261 1045 4331; x_wconf 87' lang='lat' dir='ltr'><strong>scire,</strong></span> <span class='ocrx_word' id='word_1_500' title='bbox 1072 4263 1106 4318; x_wconf 94' lang='lat' dir='ltr'><strong>ad</strong></span> <span class='ocrx_word' id='word_1_501' title='bbox 1130 4273 1196 4332; x_wconf 88' lang='lat' dir='ltr'><strong>quot</strong></span> <span class='ocrx_word' id='word_1_502' title='bbox 1223 4280 1308 4320; x_wconf 84' lang='lat' dir='ltr'><strong>annos</strong></span> <span class='ocrx_word' id='word_1_503' title='bbox 1332 4265 1438 4321; x_wconf 81' lang='lat' dir='ltr'><strong>futuros</strong></span> <span class='ocrx_word' id='word_1_504' title='bbox 1463 4265 1645 4320; x_wconf 84' lang='lat' dir='ltr'><strong>extendentur</strong></span> 
     </span>
    </p>
   </div>
   <div class='ocr_carea' id='block_1_9' title="bbox 296 4347 1645 4852">
    <p class='ocr_par' dir='ltr' id='par_1_9' title="bbox 296 4347 1645 4772">
     <span class='ocr_line' id='line_1_45' title="bbox 296 4347 1644 4423; baseline -0.004 -14"><span class='ocrx_word' id='word_1_505' title='bbox 296 4350 492 4423; x_wconf 81' lang='lat' dir='ltr'><strong>premerides</strong></span> <span class='ocrx_word' id='word_1_506' title='bbox 518 4357 545 4403; x_wconf 93' lang='lat' dir='ltr'><strong>et</strong></span> <span class='ocrx_word' id='word_1_507' title='bbox 568 4356 635 4418; x_wconf 88' lang='lat' dir='ltr'><strong>quot</strong></span> <span class='ocrx_word' id='word_1_508' title='bbox 658 4347 724 4404; x_wconf 85' lang='lat' dir='ltr'><strong>folia</strong></span> <span class='ocrx_word' id='word_1_509' title='bbox 746 4348 922 4404; x_wconf 86' lang='lat' dir='ltr'><strong>continebunt</strong></span> <span class='ocrx_word' id='word_1_510' title='bbox 944 4357 972 4404; x_wconf 87' lang='lat' dir='ltr'><strong>et</strong></span> <span class='ocrx_word' id='word_1_511' title='bbox 989 4351 1083 4417; x_wconf 89' lang='lat' dir='ltr'><strong>quanti</strong></span> <span class='ocrx_word' id='word_1_512' title='bbox 1108 4352 1268 4408; x_wconf 85' lang='lat' dir='ltr'><strong>direndetnr</strong></span> <span class='ocrx_word' id='word_1_513' title='bbox 1291 4369 1373 4408; x_wconf 90' lang='lat' dir='ltr'><strong>unum</strong></span> <span class='ocrx_word' id='word_1_514' title='bbox 1399 4353 1506 4422; x_wconf 85' lang='lat' dir='ltr'><strong>lolium,</strong></span> <span class='ocrx_word' id='word_1_515' title='bbox 1532 4352 1575 4407; x_wconf 87' lang='lat' dir='ltr'><strong>rel</strong></span> <span class='ocrx_word' id='word_1_516' title='bbox 1594 4367 1644 4422; x_wconf 90' lang='lat' dir='ltr'><strong>pro</strong></span> 
     </span>
     <span class='ocr_line' id='line_1_46' title="bbox 297 4434 1644 4508; baseline -0.002 -13"><span class='ocrx_word' id='word_1_517' title='bbox 297 4437 403 4508; x_wconf 90' lang='lat' dir='ltr'><strong>singulo</strong></span> <span class='ocrx_word' id='word_1_518' title='bbox 423 4436 487 4506; x_wconf 90' lang='lat' dir='ltr'><strong>qnid</strong></span> <span class='ocrx_word' id='word_1_519' title='bbox 506 4443 582 4506; x_wconf 85' lang='lat' dir='ltr'><strong>petat</strong></span> <span class='ocrx_word' id='word_1_520' title='bbox 599 4434 752 4492; x_wconf 87' lang='lat' dir='ltr'><strong>Dominatio</strong></span> <span class='ocrx_word' id='word_1_521' title='bbox 771 4437 878 4492; x_wconf 86' lang='lat' dir='ltr'><strong>Vestro.</strong></span> <span class='ocrx_word' id='word_1_522' title='bbox 914 4435 1023 4490; x_wconf 87' lang='lat' dir='ltr'><strong>Mature</strong></span> <span class='ocrx_word' id='word_1_523' title='bbox 1041 4437 1141 4506; x_wconf 66' lang='lat' dir='ltr'><strong>cogite</strong></span> <span class='ocrx_word' id='word_1_524' title='bbox 1158 4439 1192 4495; x_wconf 87' lang='lat' dir='ltr'><strong>D.</strong></span> <span class='ocrx_word' id='word_1_525' title='bbox 1212 4440 1308 4496; x_wconf 89' lang='lat' dir='ltr'><strong>Vestra</strong></span> <span class='ocrx_word' id='word_1_526' title='bbox 1327 4447 1356 4496; x_wconf 88' lang='lat' dir='ltr'><strong>et</strong></span> <span class='ocrx_word' id='word_1_527' title='bbox 1372 4442 1503 4495; x_wconf 88' lang='lat' dir='ltr'><strong>rescribat</strong></span> <span class='ocrx_word' id='word_1_528' title='bbox 1519 4435 1644 4493; x_wconf 85' lang='lat' dir='ltr'><strong>nltiinnm</strong></span> 
     </span>
     <span class='ocr_line' id='line_1_47' title="bbox 296 4520 1645 4598; baseline -0.001 -18"><span class='ocrx_word' id='word_1_529' title='bbox 296 4525 413 4596; x_wconf 89' lang='lat' dir='ltr'><strong>pretium</strong></span> <span class='ocrx_word' id='word_1_530' title='bbox 431 4530 460 4579; x_wconf 89' lang='lat' dir='ltr'><strong>et</strong></span> <span class='ocrx_word' id='word_1_531' title='bbox 477 4524 646 4588; x_wconf 77' lang='lat' dir='ltr'><strong>conveniens,</strong></span> <span class='ocrx_word' id='word_1_532' title='bbox 666 4533 720 4590; x_wconf 90' lang='lat' dir='ltr'><strong>quo</strong></span> <span class='ocrx_word' id='word_1_533' title='bbox 738 4520 882 4576; x_wconf 86' lang='lat' dir='ltr'><strong>divendere</strong></span> <span class='ocrx_word' id='word_1_534' title='bbox 894 4531 989 4591; x_wconf 87' lang='lat' dir='ltr'><strong>posset</strong></span> <span class='ocrx_word' id='word_1_535' title='bbox 1002 4522 1074 4591; x_wconf 74' lang='lat' dir='ltr'><strong>dicta</strong></span> <span class='ocrx_word' id='word_1_536' title='bbox 1086 4526 1259 4595; x_wconf 83' lang='lat' dir='ltr'><strong>exemplaria,</strong></span> <span class='ocrx_word' id='word_1_537' title='bbox 1279 4527 1362 4582; x_wconf 87' lang='lat' dir='ltr'><strong>idest</strong></span> <span class='ocrx_word' id='word_1_538' title='bbox 1380 4527 1494 4598; x_wconf 79' lang='lat' dir='ltr'><strong>singule,</strong></span> <span class='ocrx_word' id='word_1_539' title='bbox 1513 4536 1544 4580; x_wconf 93' lang='lat' dir='ltr'><strong>nt</strong></span> <span class='ocrx_word' id='word_1_540' title='bbox 1556 4525 1645 4594; x_wconf 83' lang='lat' dir='ltr'><strong>possit</strong></span> 
     </span>
     <span class='ocr_line' id='line_1_48' title="bbox 297 4607 1643 4684; baseline -0.001 -16"><span class='ocrx_word' id='word_1_541' title='bbox 297 4611 431 4669; x_wconf 88' lang='lat' dir='ltr'><strong>nnmersri</strong></span> <span class='ocrx_word' id='word_1_542' title='bbox 450 4611 542 4668; x_wconf 88' lang='lat' dir='ltr'><strong>statim</strong></span> <span class='ocrx_word' id='word_1_543' title='bbox 560 4609 691 4680; x_wconf 88' lang='lat' dir='ltr'><strong>pecuniae</strong></span> <span class='ocrx_word' id='word_1_544' title='bbox 713 4623 777 4678; x_wconf 90' lang='lat' dir='ltr'><strong>pars</strong></span> <span class='ocrx_word' id='word_1_545' title='bbox 801 4616 940 4664; x_wconf 84' lang='lat' dir='ltr'><strong>conventa.</strong></span> <span class='ocrx_word' id='word_1_546' title='bbox 977 4610 1087 4666; x_wconf 88' lang='lat' dir='ltr'><strong>Interim</strong></span> <span class='ocrx_word' id='word_1_547' title='bbox 1103 4607 1161 4682; x_wconf 59' lang='lat' dir='ltr'><strong>‘ego</strong></span> <span class='ocrx_word' id='word_1_548' title='bbox 1181 4613 1323 4670; x_wconf 83' lang='lat' dir='ltr'><strong>Dominum</strong></span> <span class='ocrx_word' id='word_1_549' title='bbox 1348 4631 1470 4671; x_wconf 88' lang='lat' dir='ltr'><strong>camerae</strong></span> <span class='ocrx_word' id='word_1_550' title='bbox 1491 4613 1643 4684; x_wconf 85' lang='lat' dir='ltr'><strong>praesidem</strong></span> 
     </span>
     <span class='ocr_line' id='line_1_49' title="bbox 298 4687 1517 4772; baseline 0.002 -15"><span class='ocrx_word' id='word_1_551' title='bbox 298 4698 459 4772; x_wconf 85' lang='lat' dir='ltr'><strong>sollicitabo,</strong></span> <span class='ocrx_word' id='word_1_552' title='bbox 478 4705 509 4752; x_wconf 92' lang='lat' dir='ltr'><strong>nt</strong></span> <span class='ocrx_word' id='word_1_553' title='bbox 527 4695 707 4767; x_wconf 87' lang='lat' dir='ltr'><strong>expediantur</strong></span> <span class='ocrx_word' id='word_1_554' title='bbox 723 4693 818 4749; x_wconf 89' lang='lat' dir='ltr'><strong>literae</strong></span> <span class='ocrx_word' id='word_1_555' title='bbox 838 4695 987 4751; x_wconf 81' lang='lat' dir='ltr'><strong>Caesareae</strong></span> <span class='ocrx_word' id='word_1_556' title='bbox 1006 4697 1040 4751; x_wconf 92' lang='lat' dir='ltr'><strong>ad</strong></span> <span class='ocrx_word' id='word_1_557' title='bbox 1059 4699 1220 4757; x_wconf 86' lang='lat' dir='ltr'><strong>telonarium</strong></span> <span class='ocrx_word' id='word_1_558' title='bbox 1237 4701 1319 4756; x_wconf 84' lang='lat' dir='ltr'><strong>istum</strong></span> <span class='ocrx_word' id='word_1_559' title='bbox 1338 4687 1517 4760; x_wconf 78' lang='lat' dir='ltr'><strong>binciensem.</strong></span> 
     </span>
    </p>

    <p class='ocr_par' dir='ltr' id='par_1_10' title="bbox 402 4779 1225 4852">
     <span class='ocr_line' id='line_1_50' title="bbox 402 4779 1225 4852; baseline -0.004 -10"><span class='ocrx_word' id='word_1_560' title='bbox 402 4785 447 4842; x_wconf 82' lang='lat' dir='ltr'><strong>Ad</strong></span> <span class='ocrx_word' id='word_1_561' title='bbox 463 4784 533 4840; x_wconf 86' lang='lat' dir='ltr'><strong>baec</strong></span> <span class='ocrx_word' id='word_1_562' title='bbox 549 4781 691 4852; x_wconf 85' lang='lat' dir='ltr'><strong>respondit</strong></span> <span class='ocrx_word' id='word_1_563' title='bbox 708 4779 843 4850; x_wconf 87' lang='lat' dir='ltr'><strong>Keplerns</strong></span> <span class='ocrx_word' id='word_1_564' title='bbox 861 4782 915 4836; x_wconf 87' lang='lat' dir='ltr'><strong>tine</strong></span> <span class='ocrx_word' id='word_1_565' title='bbox 933 4784 1012 4839; x_wconf 88' lang='lat' dir='ltr'><strong>anni:</strong></span> <span class='ocrx_word' id='word_1_566' title='bbox 1221 4816 1225 4848; x_wconf 81' lang='grc'><em>.</em></span> 
     </span>
    </p>
   </div>
   <div class='ocr_carea' id='block_1_10' title="bbox 403 4865 1646 4963">
    <p class='ocr_par' dir='ltr' id='par_1_11' title="bbox 403 4865 1646 4963">
     <span class='ocr_line' id='line_1_51' title="bbox 403 4865 1646 4963; baseline 0.007 -33"><span class='ocrx_word' id='word_1_567' title='bbox 403 4868 435 4940; x_wconf 75' lang='grc' dir='ltr'><strong>β.</strong></span> <span class='ocrx_word' id='word_1_568' title='bbox 458 4867 492 4930; x_wconf 89' lang='grc' dir='ltr'><strong>Ρ.</strong></span> <span class='ocrx_word' id='word_1_569' title='bbox 516 4867 553 4936; x_wconf 85' lang='grc' dir='ltr'><strong>Ι).</strong></span> <span class='ocrx_word' id='word_1_570' title='bbox 598 4868 643 4930; x_wconf 89' lang='lat' dir='ltr'><strong>De</strong></span> <span class='ocrx_word' id='word_1_571' title='bbox 672 4865 914 4952; x_wconf 77' lang='lat' dir='ltr'><strong>premeridibns</strong></span> <span class='ocrx_word' id='word_1_572' title='bbox 944 4885 1021 4950; x_wconf 86' lang='lat' dir='ltr'><strong>qnae</strong></span> <span class='ocrx_word' id='word_1_573' title='bbox 1049 4879 1117 4933; x_wconf 87' lang='lat' dir='ltr'><strong>sunt</strong></span> <span class='ocrx_word' id='word_1_574' title='bbox 1144 4877 1311 4938; x_wconf 88' lang='lat' dir='ltr'><strong>necessaria</strong></span> <span class='ocrx_word' id='word_1_575' title='bbox 1337 4877 1478 4963; x_wconf 80' lang='lat' dir='ltr'><strong>scribam,</strong></span> <span class='ocrx_word' id='word_1_576' title='bbox 1510 4889 1581 4936; x_wconf 90' lang='lat' dir='ltr'><strong>usus</strong></span> <span class='ocrx_word' id='word_1_577' title='bbox 1610 4891 1646 4939; x_wconf 87' lang='lat' dir='ltr'><strong>ea</strong></span> 
     </span>
    </p>
   </div>
   <div class='ocr_carea' id='block_1_11' title="bbox 0 0 1850 5544">
    <p class='ocr_par' dir='ltr' id='par_1_12' title="bbox 0 0 1850 5544">
     <span class='ocr_line' id='line_1_52' title="bbox 0 0 1850 5544; baseline 0 0"><span class='ocrx_word' id='word_1_578' title='bbox 0 0 1850 5544; x_wconf 95' lang='lat' dir='ltr'><strong> </strong></span> 
     </span>
    </p>
   </div>
  </div>
 </body>
</html>
