3516 5540
275 391 342 466 6oe
585 393 764 457 smum
781 398 920 459 Historiae
936 399 1128 458 mucleniae
1145 399 1240 458 manle
1256 399 1328 458 m.

275 585 344 645 quaa
363 573 391 628 J.
402 573 540 632 veneres
558 575 593 630 oh
611 571 726 632 eundem
744 591 854 634 eausam
871 577 960 636 inxit.
996 579 1104 658 hunam
1120 594 1175 634 non
1193 577 1251 634 sine
1268 575 1374 632 ratione
1391 575 1506 632 collocet
1522 576 1551 632 iu
1571 573 1626 645 epl-

275 658 351 730 oycio
370 659 496 734 splenii,
522 669 643 733 centrum
661 662 772 719 minoris
796 665 824 721 in
842 665 1065 724 circumferentia
1088 667 1206 735 majoris.
1244 665 1369 720 Ceterum
1392 663 1511 734 adverto,
1537 669 1626 720 totum

275 748 407 804 minorem
423 748 495 804 intre
513 748 643 820 maiorem
661 749 763 808 includi
781 761 916 825 oportere,
934 771 969 814 ne
987 755 1093 812 eoelum
1110 760 1270 825 rumpetur,
1289 754 1314 810 si
1330 753 1359 810 id
1377 753 1548 810 commodum
1566 768 1628 808 ease

276 841 364 906 putet.
400 837 439 892 Et
457 839 584 907 quonum
602 839 770 896 ementsiocs
788 843 868 898 orbes
885 844 972 913 penit,
991 841 1060 898 elios
1078 857 1181 911 ponere
1190 856 1304 896 necem
1315 840 1374 905 erit,
1392 841 1439 910 qui
1456 839 1628 910 planetarum

275 924 408 997 sphaeras
431 925 618 982 eoueentricss
641 928 802 998 compleant
844 929 935 999 Quare
956 929 1061 1000 judicio
1085 944 1146 984 meo
1170 929 1198 984 id
1222 928 1309 984 solum
1335 929 1500 985 contendere
1524 927 1628 993 debuit,

276 1029 394 1086 quonam
413 1011 540 1072 videlicet
556 1016 637 1071 mode
656 1032 691 1073 ex
710 1016 768 1072 suis
786 1024 814 1072 et
832 1015 946 1074 eliorum
964 1017 1198 1076 observetionibus
1215 1017 1323 1074 tabulas
1336 1015 1493 1072 coelestium
1506 1021 1630 1072 motuum

276 1099 682 1174 exactioresrcddereposset‚
702 1103 902 1175 quodquidam
926 1107 1036 1178 assequi
1059 1111 1169 1176 poterat
1191 1111 1286 1160 octava
1311 1103 1427 1175 sphaere
1449 1109 1540 1170 mota,
1567 1101 1630 1156 Sole

275 1189 358 1244 etiem
376 1194 467 1260 moto,
494 1189 580 1245 Terra
597 1197 688 1246 temen
711 1191 738 1247 iu
756 1193 845 1248 medio
863 1195 957 1250 mnudi
974 1194 1105 1250 immobili
1122 1194 1270 1263 existente,
1293 1199 1326 1246 ut
1342 1192 1370 1246 in
1388 1189 1523 1247 mmmuni
1541 1197 1630 1248 astro

275 1277 375 1332 nomia.
395 1307 429 1318 —
448 1277 537 1348 Quum
556 1277 627 1334 iuter
644 1279 792 1338 Lusitanos
817 1287 845 1336 et
863 1281 1001 1350 Hispanos
1024 1280 1082 1337 iere
1105 1297 1175 1336 unus
1200 1274 1329 1335 laudetur
1346 1278 1465 1346 Nonius,
1490 1277 1538 1348 qui
1557 1277 1630 1346 elge-

274 1365 384 1423 hreicee
402 1367 501 1424 rationi
521 1383 631 1438 operam
649 1367 760 1438 dederit,
779 1370 909 1440 insignire
927 1369 1003 1426 lubet
1026 1369 1124 1426 librum
1143 1369 1203 1438 ejus
1226 1366 1400 1438 inscriptum:
1424 1365 1512 1422 Debro
1530 1365 1565 1420 de
1583 1365 1631 1420 At

274 1457 360 1528 pebro
376 1473 397 1528 y
414 1455 590 1514 αιιιιιιιιιιιια
600 1475 621 1529 y
631 1459 791 1530 geometria.
806 1463 875 1514 leot.
896 1461 1028 1529 (Pluribus
1046 1462 1076 1509 de
1089 1460 1170 1510 Nonio
1188 1461 1241 1522 agit
1252 1458 1402 1508 Delambrua
1420 1457 1448 1504 ln
1459 1455 1520 1508 hlat.
1533 1459 1630 1508 aemon.

276 1549 375 1597 mediee
394 1550 483 1598 estatis
501 1563 527 1612 p.
547 1547 704 1615 698-466.)

381 1631 458 1687 Circa
475 1633 593 1688 medium
612 1632 696 1690 seculi
713 1633 788 1690 XVI.
812 1633 904 1690 floruit
928 1638 1010 1705 poeta
1033 1631 1231 1688 esmonomicus
1250 1637 1278 1686 et
1295 1627 1419 1688 Medicus
1438 1628 1633 1688 celeberrimus

275 1719 396 1786 Parisiis,
415 1719 590 1777 Antonius
609 1721 787 1779 Mizaldus
806 1725 837 1792 (ι
852 1723 932 1790 1578)
952 1722 1029 1791 cujus
1047 1725 1157 1776 exstent
1174 1720 1306 1789 quaedem
1319 1718 1439 1776 carmine
1451 1716 1634 1774 astronomica

276 1812 305 1861 et
317 1807 550 1879 cosmographiae.
571 1809 787 1883 [hdetecrologie¹
802 1812 882 1881 1547,
902 1807 1057 1878 Aesculapii
1070 1814 1097 1868 et
1108 1807 1226 1863 Uraniae
1243 1805 1407 1875 conjugium,
1426 1805 1510 1874 1⁵50;
1535 1803 1634 1860 Plana·

276 1896 386 1967 torona,
409 1897 490 1970 ιιιι,
509 1897 551 1953 oe
569 1899 662 1956 muner
680 1877 802 1970 miseri
809 1914 859 1956 seu
872 1896 1099 1970 cosmographis,
1120 1896 1197 1952 mar.
1208 1891 1311 1966 [scarp
1329 1893 1474 1962 accuens,
1491 1891 1635 1958 ereneus,

276 1984 420 2041 Arterismi
439 1986 529 2056 1553).
566 1987 735 2058 conscripsit
756 1987 837 2044 etiam
861 1986 992 2057 opuscula
1014 1982 1147 2055 quaedem
1172 1983 1294 2040 oratioue
1312 1983 1404 2040 soluta
1421 1979 1636 2052 OEphemerides

278 2073 353 2130 lael.
373 2073 695 2146 Cometogruphie1549.
714 2077 791 2142 ete).

380 2159 549 2230 0pnaoulum
567 2162 601 2216 ab
619 2169 730 2219 auctore
749 2159 977 2234 ,Εριιοιιιιιιιιοιιι
1002 2159 1163 2228 inscriptum
1189 2155 1228 2214 nil
1246 2157 1367 2214 continet
1385 2161 1495 2228 praetor
1512 2162 1636 2226 tempes-

234 2283 238 2290 -
274 2252 361 2304 tetum
380 2247 589 2319 descriptionem
607 2264 754 2318 serumque
773 2248 974 2306 divinationem.
1011 2247 1163 2316 Praecepta
1187 2245 1416 2316 significationum
1434 2245 1528 2300 eadem
1548 2241 1636 2300 ferme

276 2340 349 2402 suot,
367 2351 437 2406 quae
455 2335 558 2406 passim
575 2337 603 2390 in
618 2337 784 2394 calendariis
803 2335 1042 2406 deprehendimus,
1063 2334 1188 2390 desumto
1206 2330 1306 2389 obolis
1324 2332 1519 2402 stellarumque
1538 2347 1639 2402 espec-

276 2422 350 2478 tibus
367 2429 397 2478 et
415 2423 520 2490 colore,
546 2439 596 2480 uec
621 2441 676 2482 nco
694 2441 729 2480 ex
747 2425 902 2480 animalium
926 2423 1095 2492 quorundam
1121 2420 1232 2493 habitu,
1256 2421 1385 2476 immixtis
1407 2419 1576 2488 quibusdam
1603 2420 1638 2475 de

276 2525 366 2565 rerum
390 2517 488 2566 natura
512 2512 648 2582 perversis
670 2512 780 2581 judiciis
804 2514 843 2581 (a.
862 2531 885 2570 c.
904 2509 1070 2578 immeruit,
1092 2501 1200 2580 quando
1225 2508 1327 2564 halitus
1354 2508 1443 2564 siooua
1462 2514 1490 2564 st
1509 2507 1639 2564 nonnihil

276 2597 398 2654 mscoauo
417 2598 502 2655 multo
521 2605 598 2655 motu
615 2601 759 2658 conciliato
777 2608 856 2657 aestu
874 2601 902 2654 iu
920 2601 992 2656 nube
1010 2599 1188 2672 percoquitur
1205 2607 1233 2655 et
1250 2598 1279 2655 in
1296 2598 1413 2654 ferream
1431 2603 1480 2652 eut
1497 2595 1640 2666 lapideam

277 2684 412 2756 quendem
430 2701 549 2742 massam
568 2687 632 2742 coit.
668 2689 767 2746 Aliter:
796 2687 899 2744 fulmen
918 2695 961 2742 est
985 2688 1122 2744 exhalatio
1141 2687 1254 2756 ardeus,
1280 2689 1385 2746 enube
1402 2701 1540 2758 vaporeas
1558 2686 1640 2742 deor·

276 2791 336 2832 sum
354 2773 489 2830 violenter
503 2773 601 2845 jecto).
637 2775 669 2830 ln
688 2775 918 2844 Cometogrephia
936 2775 1066 2844 originem
1079 2781 1243 2830 cometarum
1262 2773 1333 2831 hane
1350 2789 1412 2829 esse
1431 2772 1511 2828 dicit:
1534 2771 1641 2838 „Teme

275 2879 330 2918 una
347 2878 408 2920 oum
425 2873 497 2934 eque
510 2861 581 2918 Solis
595 2879 627 2920 oc
640 2863 781 2918 stellarum
793 2863 876 2918 radiis
889 2861 999 2933 pulsata
1011 2862 1185 2918 tenuissimos
1198 2860 1300 2916 halitus
1319 2861 1348 2916 in
1366 2859 1533 2918 ambientem
1547 2864 1642 2914 adrem

276 2950 388 3017 emittit,
411 2967 526 3020 quorum
549 2967 614 3021 pers
640 2950 726 3006 alters
744 2949 842 3008 ardens
867 2949 895 3004 in
914 2955 976 3005 altre
994 2949 1122 3028 inferiore
1141 2955 1263 3006 remanet
1287 2955 1316 3003 et
1333 2947 1468 3005 dracones
1487 2947 1643 3004 vehemens

276 3044 327 3094 ete.
347 3035 516 3106 nominetur,
535 3038 622 3094 altera
639 3054 704 3108 pars
721 3037 749 3092 in
768 3036 893 3098 altiorem
911 3043 1001 3093 adrem
1021 3038 1158 3106 evehitur,
1181 3037 1338 3094 nominetur
1355 3037 1446 3105 iaces,
1470 3033 1569 3090 trebes
1589 3043 1643 3092 etc.

276 3125 393 3196 Spiritus
412 3140 426 3179 e
445 3127 531 3181 Terra
548 3141 690 3194 emergens
708 3129 736 3182 in
755 3141 884 3196 supreme
902 3127 971 3182 aeria
990 3127 1101 3198 regione
1119 3127 1170 3182 sub
1189 3124 1307 3194 sphaera
1324 3121 1420 3180 Lunae
1439 3121 1604 3180 incenditur
1616 3130 1645 3178 et

275 3213 404 3286 pabulum
423 3213 571 3270 cometario
590 3213 714 3294 incendio
733 3210 860 3269 idoneum
879 3218 1001 3285 praehet.
1031 3215 1108 3284 Quae
1125 3214 1240 3270 materia
1258 3219 1504 3284 temperamentum
1523 3228 1543 3268 e
1563 3213 1645 3270 coelo

279 3301 380 3374 accipit
399 3308 427 3357 et
445 3300 578 3372 peculiari
597 3305 673 3356 motu
691 3301 726 3358 ab
745 3301 838 3370 alique
856 3307 931 3358 certe
949 3301 1031 3358 steila
1048 3303 1152 3371 regitur
1169 3308 1197 3357 et
1214 3301 1341 3358 trahitur.
1378 3300 1474 3356 Gaude
1490 3317 1510 3356 e
1528 3301 1644 3370 reliquo

275 3406 390 3459 corpore
408 3389 476 3445 nihil
495 3389 593 3458 differt,
612 3387 664 3444 nisi
684 3387 758 3457 quod
771 3387 994 3448 lortasaominor
1006 3396 1088 3460 etque
1105 3389 1192 3444 levior
1211 3388 1329 3446 existit!⁴
1356 3387 1503 3458 Ejusmodi
1515 3389 1646 3460 ineptiae

275 3475 378 3533 multae
397 3477 654 3548 deprehenduntur;
674 3475 811 3531 adduntur
829 3475 994 3546 astrologica
1011 3485 1039 3532 ot
1056 3476 1198 3548 catalogus
1216 3483 1385 3532 cometarum
1402 3475 1465 3531 iude
1484 3492 1502 3531 e
1521 3484 1646 3548 cometa,

250 3547 324 3634 ''qui
341 3565 442 3620 Xerxis
461 3571 584 3635 tempore
602 3571 766 3635 conspectus
786 3571 837 3630 est,
856 3579 944 3633 nsque
962 3564 997 3620 ad
1016 3571 1148 3623 cometam
1166 3565 1231 3622 enni
1250 3565 1326 3633 1539,
1344 3564 1418 3620 oiroe
1436 3571 1523 3634 caput
1534 3567 1647 3624 Leonis

275 3650 458 3721 effulgentem
479 3682 512 3692 —-
529 3651 717 3708 Amicissimus
736 3657 796 3706 eret
812 3649 948 3708 Miceldus
967 3650 1072 3707 Orontii
1088 3653 1184 3708 Finaei
1201 3651 1341 3726 ediditque
1352 3668 1423 3709 anno
1441 3653 1510 3710 1556
1530 3661 1649 3710 mortuo

275 3746 386 3796 auctore
404 3739 500 3796 Fiuaei
519 3757 603 3808 opas:
622 3739 667 3797 De
684 3742 766 3796 reboo
783 3740 983 3796 mothertots'cia
999 3739 1131 3798 hedenus
1149 3741 1312 3798 mittentia
1329 3743 1395 3798 libri
1413 3741 1486 3808 IV„
1506 3743 1649 3798 refertum

276 3825 414 3884 erroribus
431 3827 608 3897 geometricis,
627 3827 691 3882 item
710 3828 781 3884 sicut
800 3825 855 3882 alia
866 3827 961 3882 Finaei
978 3842 1062 3896 opere
1078 3826 1166 3882 virum
1178 3827 1257 3882 nimia
1274 3827 1318 3882 sui
1336 3827 1476 3884 conscium
1489 3829 1649 3898 exhibens3

274 3931 326 3972 nec
338 3921 429 3971 tamen
442 3930 496 3969 non
509 3913 563 3970 alie
579 3914 678 3971 rationi
697 3915 782 3982 magis
795 3922 980 3970 cousenrenee
993 3913 1237 3985 deprehendimus,
1256 3929 1422 3986 quamquam
1439 3915 1520 3972 irrito
1541 3924 1651 3974 conclu

273 4023 298 4061 r.
312 4020 334 4058 c.
349 4001 444 4059 circuli
457 4017 603 4073 eggressus
616 4001 818 4072 quadraturam,
837 4002 970 4058 rationem
982 4009 1072 4056 mmeo
1084 4001 1156 4056 inter
1169 4001 1330 4058 mamercum
1343 4007 1371 4057 et
1390 4000 1651 4062 circumferentiam

275 4093 347 4148 hauc
360 4089 458 4146 relert:
478 4091 492 4143 1
506 4088 542 4145 ad
554 4089 621 4160 5η,
640 4103 690 4144 neo
702 4105 756 4143 nou
769 4088 907 4144 laudande
919 4096 962 4144 est
973 4088 1001 4144 in
1013 4089 1086 4162 typis
1101 4089 1283 4158 exprimendis
1297 4087 1438 4156 diligentie
1450 4094 1479 4142 et
1493 4089 1653 4160 elegantia,

274 4183 314 4237 ite
325 4187 356 4236 ut
367 4180 421 4236 hoo
433 4179 530 4234 Finaei
542 4192 620 4248 opus,
632 4176 705 4246 quod
717 4181 880 4246 apparatum
892 4175 999 4240 attinet,
1012 4174 1221 4243 praeferendum
1233 4175 1270 4233 sit
1286 4174 1348 4232 aliis
1361 4177 1552 4232 monumentis
1567 4185 1654 4248 typo·

276 4268 413 4340 graphicis
436 4267 509 4323 circa
535 4265 589 4320 hoc
611 4271 718 4334 tempus
741 4263 831 4320 editis.
866 4263 909 4318 Ad
926 4260 1076 4318 ldiaeldum
1093 4260 1251 4332 redeuntes,
1274 4261 1329 4318 hoc
1351 4267 1459 4321 tantum
1477 4264 1655 4336 priusquam

276 4357 390 4414 ulterius
403 4353 591 4427 progredimur
603 4350 751 4408 notandum
763 4365 914 4416 censemus,
931 4356 1057 4421 poemate
1074 4350 1124 4406 riri
1135 4365 1232 4421 parum
1243 4348 1439 4420 praeponenda
1450 4365 1516 4406 esse
1529 4353 1656 4424 reliquis

276 4443 349 4502 illius
367 4443 484 4516 scriptis,
503 4447 534 4497 ot
552 4455 622 4510 quae
640 4439 719 4494 nimis
737 4440 855 4508 abrupte
871 4453 929 4493 rem
946 4445 1064 4496 tractent
1087 4454 1138 4494 uec
1156 4451 1227 4492 nora
1244 4443 1293 4492 aot
1311 4435 1462 4508 singularis
1480 4437 1656 4497 exhibeant.

381 4531 457 4586 Bene
480 4527 579 4584 meruit
603 4523 656 4582 iliis
679 4523 847 4596 temporibus
871 4523 904 4581 de
930 4525 1097 4582 astronomia
1122 4524 1288 4580 Erasmus
1312 4523 1492 4581 Osaraldus
1519 4525 1656 4586 Schrc·

278 4615 546 4680 clrenluchsius‚
571 4610 746 4679 Austrieeus,
772 4610 918 4681 praecipue
941 4609 1053 4667 edendis
1075 4613 1197 4682 priorum
1221 4617 1438 4668 esmonomorum
1462 4615 1607 4684 operibus
1627 4623 1658 4673 et

279 4703 347 4758 acite
363 4701 541 4760 illustrandis.
572 4697 736 4771 (Ptolemaei
754 4713 838 4766 opera
855 4696 940 4752 edidit
959 4697 1039 4768 1551,
1058 4697 1206 4754 Purbachii
1223 4699 1306 4767 1556,
1324 4697 1416 4754 Procli
1434 4699 1521 4766 1561,
1548 4701 1658 4776 Regio-

276 4790 398 4848 montani
423 4793 502 4858 1567,
529 4791 557 4847 S.
581 4787 664 4846 Boaci
685 4786 777 4856 1566.)
817 4786 906 4843 Nimis
929 4791 1021 4867 autem
1046 4792 1196 4856 occupatus
1218 4787 1248 4842 in
1270 4783 1314 4842 his
1336 4787 1461 4856 priorum
1485 4793 1658 4861 temporum

240 4867 245 4877 “
278 4877 386 4950 endu,
402 4895 499 4956 caeam
515 4879 650 4944 radonem
668 4875 768 4942 habuit
784 4873 975 4940 terendorum.
1007 4873 1187 4956 deneratam
1204 4873 1315 4950 quiden
1332 4873 1430 4940 laudnt
1454 4879 1560 4958 ,quur
1572 4881 1661 4946 mm.
