3662 5544
836 403 914 466 idib
1476 403 1542 476 819

199 575 288 654 igitur
308 575 448 640 haberem
470 577 599 638 animum
622 577 758 656 volentis,
780 597 851 642 usus
873 597 939 642 sum
961 581 1058 642 verhia
1081 579 1207 644 uolentis
1221 600 1291 661 erga
1313 585 1543 660 intercessorem,

199 664 310 726 scilicet
331 667 438 728 misere
461 667 638 740 metuebam,
661 684 698 727 ne
719 685 778 729 non
801 676 995 746 essetaeque
1017 669 1138 746 frugalis
1160 678 1189 732 ct
1204 671 1322 740 humilis
1338 679 1431 746 sexta,
1454 677 1544 748 atque

200 749 235 810 de
258 753 361 829 quinta
391 755 555 831 sperabam.
598 754 656 814 Hic
687 753 830 818 divisione
861 758 919 818 mei
949 758 1042 836 ipsius
1069 760 1145 816 inter
1165 758 1312 820 volentem
1339 767 1369 821 et
1396 758 1545 819 uolentem

198 835 271 898 illud
293 839 412 917 quidem
436 842 504 902 boui
527 849 715 904 consecutum
738 851 791 920 ast,
814 849 847 904 ut
869 861 963 904 essem
986 845 1157 905 suasoribus
1180 848 1252 906 meis
1276 853 1447 921 accusatus,
1470 845 1555 908 illud'

198 942 267 986 aero
290 929 377 1003 mali,
408 936 442 988 ut
463 928 593 1002 dolerem
623 929 715 990 veluti
743 931 779 992 ds
807 931 934 1008 repulsa.
979 930 1105 992 Rursum
1128 932 1176 992 hic
1197 935 1286 994 animi
1308 936 1383 994 vitio
1404 950 1544 1012 peccasse

199 1013 314 1075 videor:
338 1024 371 1075 ut
390 1017 419 1090 si
442 1019 585 1078 exercitus
607 1017 715 1094 aliquis
736 1021 766 1077 iu
789 1018 903 1080 hostem
925 1019 1071 1093 mittatur,
1101 1018 1178 1082 male
1201 1021 1449 1082 consentientibus
1472 1023 1546 1082 inter

198 1119 230 1162 se
252 1103 369 1163 consilii
391 1107 494 1166 secreti
516 1105 694 1166 auctoribus.
714 1123 721 1140 ·
739 1105 855 1166 Bonum
878 1109 1012 1168 evenisse
1036 1107 1136 1167 divina
1158 1111 1262 1186 gratia,
1285 1111 1396 1186 tuipse
1412 1110 1546 1171 conscius

199 1207 234 1250 ex
256 1189 350 1252 relatu
372 1194 530 1252 necessarii
552 1194 611 1252 tui:
641 1209 708 1254 nam
737 1193 873 1254 feminam
903 1194 975 1254 mibi
1002 1193 1155 1274 descripsit
1181 1199 1299 1257 minime
1321 1197 1394 1258 meis
1416 1197 1546 1257 moribus

198 1277 329 1354 meisque
353 1279 454 1338 usibus
477 1282 506 1338 in
529 1297 559 1339 re
584 1279 744 1341 domestica
766 1279 911 1341 idoneam.

301 1364 375 1425 Cum
394 1366 456 1442 jam
479 1369 583 1443 quinta
604 1385 671 1428 mea
693 1385 758 1428 cum
780 1368 978 1446 gratulatione
1007 1368 1071 1429 sola
1094 1386 1185 1446 penes
1208 1371 1337 1431 animum
1359 1369 1494 1447 adeoque
1516 1379 1546 1432 ct

197 1467 287 1528 penes
310 1454 400 1513 verba
422 1472 488 1514 mea
511 1454 715 1530 dominaretur,
738 1457 836 1516 subito
859 1467 961 1516 coorta
983 1465 1028 1516 est
1049 1456 1090 1514 illi
1107 1474 1186 1516 uova
1200 1457 1325 1532 aemula,
1350 1475 1438 1537 quam
1453 1460 1545 1536 septi-

146 1561 148 1568 ’
198 1555 275 1599 mam
297 1557 433 1615 numero,
463 1559 552 1602 suasu
576 1541 691 1602 illorum
714 1561 788 1620 quos
817 1545 907 1616 uosti,
940 1545 990 1621 qui
1019 1543 1215 1604 humilitatem
1242 1544 1547 1622 quintaereddebant

198 1625 381 1704 despectam,
404 1631 433 1687 iu
455 1631 582 1707 septima
603 1630 848 1691 commendabant
869 1630 1067 1704 nobilitatem,
1096 1633 1292 1710 frugalitatem
1316 1635 1450 1710 utrinque
1473 1651 1546 1693 cau-

198 1713 264 1774 dam
282 1715 449 1794 jactabant:
479 1717 565 1778 credo
596 1719 749 1794 septimam
772 1728 937 1795 promotam
960 1719 1126 1795 cupiebant
1172 1720 1211 1778 Et
1232 1728 1294 1780 erat
1321 1719 1547 1798 physiognomia

198 1801 282 1876 talis,
315 1820 391 1880 quae
418 1806 510 1864 amari
540 1811 706 1865 mereretur.
752 1805 878 1864 Rursum
901 1822 956 1884 ego
979 1814 1008 1866 ct
1030 1809 1161 1882 quintam
1185 1809 1317 1868 omittere
1340 1815 1370 1866 et
1392 1809 1547 1885 septimam

198 1888 307 1966 eligere
330 1901 450 1969 paratus
474 1909 566 1965 eram,
596 1891 742 1969 siquidem
764 1911 836 1952 uera
858 1893 1021 1954 dicerentur
1044 1893 1080 1956 de
1101 1897 1243 1971 septima:
1276 1893 1305 1954 id
1335 1886 1368 1954 ut
1391 1894 1545 1972 diligenter

197 1985 358 2052 coneretur,
381 1981 515 2056 petitioni
537 1997 620 2038 meac
642 1989 702 2039 tam
726 1996 795 2056 erga
817 1983 956 2056 patronos
979 1998 1067 2056 quam
1090 1999 1159 2058 erga
1181 1979 1310 2059 puellam
1325 1984 1429 2042 miscui
1451 1983 1548 2043 moui·

196 2067 292 2126 tioucs
315 2065 485 2144 explorandi
509 2084 598 2126 causa
620 2069 713 2144 ipsius
736 2069 874 2141 animum,
897 2067 950 2128 sed
973 2067 1162 2129 dissuadendi
1186 2071 1244 2129 vim
1268 2071 1458 2143 continentes,
1481 2086 1547 2128 rur-

193 2169 259 2212 sum
282 2155 311 2212 in
336 2155 483 2215 volentem
507 2161 536 2214 ct
558 2153 706 2216 nolentem
731 2154 852 2214 divisus.
882 2151 961 2230 Quid
983 2155 1065 2215 aliud
1087 2157 1171 2234 sequi
1185 2158 1289 2234 potuit,
1314 2174 1402 2236 quam
1419 2156 1546 2236 repulsa,

193 2240 278 2318 cujus
301 2243 364 2318 ipse
388 2241 481 2302 veluti
503 2259 606 2301 suasor
628 2241 733 2303 mam?
776 2241 904 2302 Rursum
926 2243 994 2303 hinc
1016 2251 1100 2320 parta
1123 2243 1161 2304 ad
1190 2259 1328 2304 suasores
1351 2261 1433 2304 meos
1456 2261 1547 2305 excu-

192 2331 279 2404 satio,
303 2329 374 2388 mihi
397 2328 489 2403 dolor,
511 2331 668 2408 gynaeceis
692 2332 823 2390 materie.
854 2329 994 2408 Agnosco
1011 2347 1162 2392 excessum
1183 2330 1242 2391 boc
1264 2339 1395 2408 tempore
1417 2348 1547 2392 meorum

193 2415 360 2490 affectuum,
384 2427 413 2478 et
435 2419 464 2476 in
488 2435 523 2477 eo
540 2420 599 2476 rim
621 2417 696 2478 coeli
711 2417 897 2477 stimulantis.
930 2417 998 2478 Alio
1022 2426 1152 2495 tempore
1172 2420 1306 2495 quietiori
1322 2419 1420 2478 animo
1436 2421 1547 2496 suscipi

193 2502 296 2564 debuit
322 2505 397 2565 haec
425 2503 609 2566 deliberatio.
657 2505 738 2565 Benc
767 2523 804 2564 au
834 2504 909 2565 male
942 2507 1078 2567 cessisset
1108 2503 1277 2582 conjugium
1312 2507 1423 2566 nescio.
1479 2505 1547 2566 Hoc

192 2608 252 2650 uno
281 2608 332 2651 ore
362 2609 463 2653 omnes
493 2593 602 2652 conscii
633 2591 778 2670 clamant,
809 2593 928 2651 minime
957 2592 1030 2652 mihi
1060 2594 1226 2653 consultum
1248 2610 1314 2654 cum
1337 2593 1392 2652 bac
1418 2609 1547 2669 persona

192 2679 323 2740 futurum
345 2679 448 2756 fuisse,
471 2680 623 2756 multoque
646 2680 742 2741 miuus
763 2687 882 2757 propter
904 2696 1089 2740 numerosam
1113 2691 1142 2741 et
1164 2682 1281 2758 inopem
1302 2679 1453 2740 familiam.

297 2767 420 2827 Famam
451 2768 550 2843 itaque
579 2775 792 2844 praeventurus
827 2774 878 2826 aut
911 2783 1120 2844 oppressurus,
1154 2769 1253 2826 animo
1279 2770 1355 2832 irato
1387 2767 1545 2844 gynaeceis

192 2871 289 2932 eoque
312 2870 370 2913 non
394 2855 469 2916 hene
492 2854 653 2926 defaecato,
677 2852 895 2930 adpopulares
917 2871 982 2914 snm
1005 2871 1172 2929 conversus,
1196 2857 1226 2914 in
1248 2853 1432 2914 nobilitatem
1448 2862 1545 2914 tamen

190 2944 316 3005 transire
338 2941 523 3016 meditantes,
543 2959 562 3002 a
579 2943 686 3018 quibus
709 2959 798 3001 suasu
822 2941 908 3000 aurici
931 2940 1085 3018 cujusdam
1107 2951 1243 3003 octavam
1266 2940 1350 3016 elegi.
1392 2939 1461 3000 Jam
1485 2949 1546 3000 tum

192 3033 272 3092 enim
298 3032 407 3106 patuit,
438 3027 602 3090 exuendam
625 3047 662 3090 ex
683 3030 782 3087 auimo
810 3027 866 3088 hac
895 3031 960 3088 vice
988 3019 1230 3104 misericordiam,
1262 3028 1372 3106 proprii
1402 3028 1546 3088 commodi

191 3119 336 3178 rationem
358 3118 389 3176 in
412 3117 554 3178 electione
578 3117 712 3192 conjugis
734 3114 900 3176 habendam
924 3133 997 3177 essa.
1027 3115 1136 3178 Hicin
1159 3117 1363 3176 aestimatione
1385 3122 1447 3175 erut
1462 3113 1545 3175 locus

190 3220 276 3264 meus
300 3213 330 3264 et
351 3203 500 3278 conditi03
523 3205 615 3263 lorma
632 3206 659 3262 in
677 3203 728 3263 illa
743 3220 800 3262 uon
817 3203 904 3265 valde
920 3203 1187 3279 commendabatur,
1211 3211 1304 3263 mater
1323 3211 1420 3262 umen
1436 3202 1546 3262 hones-

192 3293 322 3366 tissima,
353 3287 409 3368 ope
437 3289 556 3368 frugalis
584 3291 782 3364 educationis,
814 3289 939 3350 modesti
968 3309 1063 3352 mores
1094 3294 1169 3352 inter
1196 3297 1355 3368 augmenta
1384 3289 1544 3350 enitebant.

191 3377 263 3440 Ulta
286 3387 333 3440 est
354 3379 471 3440 iortuna
493 3396 589 3438 meum
612 3380 741 3438 animum
764 3385 807 3436 tot
830 3377 1045 3438 dubitationum
1068 3377 1205 3439 flrrctibus
1233 3379 1412 3456 inquietum,
1444 3377 1545 3454 objec-

191 3475 253 3528 tum
275 3483 421 3544 personae
444 3483 539 3543 aeque
561 3467 764 3530 inconstantis.
800 3464 889 3524 Initio
912 3469 1029 3526 omnino
1055 3466 1173 3551 solebat
1195 3468 1261 3543 ipsa
1284 3473 1313 3526 at
1329 3465 1447 3541 cognati
1470 3465 1543 3542 ejus,

190 3573 259 3615 mox
282 3554 375 3616 vellet
396 3571 434 3615 au
458 3553 565 3629 nollet,
596 3569 655 3613 non
679 3569 733 3630 ego
756 3558 884 3626 tautum,
913 3552 965 3612 sed
994 3556 1058 3630 ipsa
1082 3555 1175 3637 ctiam
1202 3553 1366 3628 ignorabat.
1412 3551 1545 3612 Accessit

189 3643 343 3722 religionis
367 3643 501 3715 iufamia,
534 3657 609 3719 quae
639 3641 767 3700 animum
796 3641 886 3716 ipsius
916 3639 1062 3700 labentem
1092 3639 1217 3717 impulit
1261 3640 1335 3701 Post
1357 3640 1544 3718 interpositos

190 3730 308 3808 aliquot
331 3728 394 3790 dies
416 3732 578 3805 composito
602 3726 735 3786 nonnihil
758 3725 908 3803 religionis
938 3729 1058 3804 negotio
1084 3731 1209 3805 repetita
1230 3729 1384 3805 promissio
1408 3735 1438 3787 et
1460 3724 1545 3788 duui-

162 3889 171 3898 ·
190 3835 248 3894 que
272 3816 444 3878 confirmata
459 3819 553 3892 tertio,
577 3817 661 3892 eujus
676 3813 793 3890 quidem
810 3813 1036 3874 confirmationis
1050 3817 1127 3874 intra
1143 3815 1330 3893 quatriduum
1344 3813 1424 3875 illam
1439 3816 1543 3889 poeui-

190 3907 248 3966 tuit
272 3921 368 3982 eoque
392 3905 549 3981 deprecata
570 3912 615 3965 est
638 3904 880 3978 exequutionem:
903 3909 990 3980 atque
1006 3919 1061 3980 ego
1078 3901 1168 3976 illam,
1191 3903 1327 3964 omnibus
1343 3901 1544 3974 suadentibus,

189 3994 316 4056 deserui.
361 3991 497 4054 Morbido
521 3990 638 4068 quidem
662 3991 758 4050 animo
782 3988 819 4049 ad
841 3988 917 4049 hanc
938 3991 1109 4066 petitionem
1140 3991 1267 4066 accessi,
1291 3988 1363 4048 nihil
1386 3996 1483 4047 umen
1506 4004 1542 4046 eu

189 4081 295 4142 morbo
318 4087 471 4158 peccatum
494 4081 522 4137 in
546 4079 697 4155 principio,
721 4079 883 4154 pertinacia
904 4095 936 4138 se
959 4094 1096 4138 successu
1120 4080 1260 4154 temporis
1282 4077 1399 4138 miscuit
1413 4091 1448 4134 er
1464 4081 1543 4133 metu

187 4186 349 4244 rumorum,
372 4169 397 4227 si
420 4165 583 4226 desererem
604 4166 771 4242 negotium3
794 4164 862 4224 hinc
877 4164 1000 4225 multum
1022 4167 1160 4242 temporis
1176 4165 1329 4243 perditum,
1352 4170 1410 4222 tres
1431 4159 1544 4221 seilicet

188 4273 317 4316 menses.
364 4255 446 4314 Finis
477 4270 548 4314 vcro
578 4256 648 4328 quin
677 4252 770 4312 bonus
798 4253 838 4311 eit
867 4260 999 4327 secutus,
1029 4252 1077 4312 vel
1109 4255 1174 4331 ipsa
1201 4251 1318 4329 puellas
1348 4249 1544 4309 inconstantia
1631 4325 1634 4332 Ι

189 4351 326 4405 testatur.
373 4341 519 4401 Dubitant
549 4349 661 4414 tamen,
691 4341 744 4416 qui
770 4337 850 4398 illam
877 4347 998 4415 norunt,
1031 4339 1107 4402 bene
1139 4357 1177 4400 un
1205 4339 1283 4400 mule
1314 4353 1428 4398 cessum
1456 4335 1544 4396 luerit
1584 4343 1589 4356 '
1630 4361 1633 4368 ⁴

188 4429 420 4493 matrimohium.
822 4464 823 4467 =

296 4517 356 4580 Hic
379 4516 498 4580 tandem
521 4532 576 4593 ego
600 4515 727 4587 cautior,
754 4512 868 4590 reliqua
891 4511 1058 4592 (supersunt
1081 4515 1158 4575 enirn
1188 4519 1245 4574 tres
1275 4509 1367 4586 aliae)
1396 4509 1452 4570 sub
1475 4507 1543 4571 rclo

188 4609 330 4680 tractavi,
362 4603 442 4682 qnod
470 4621 547 4666 nuuc
577 4601 693 4662 demum
722 4601 834 4660 llluetri
862 4599 1059 4662 Generosiuti
1091 4599 1174 4662 Tuae
1206 4598 1321 4676 detego.
1366 4594 1440 4658 Num
1471 4614 1542 4656 usus

187 4704 346 4776 praetextu
370 4701 511 4766 octavae,
543 4692 627 4769 quasi
657 4687 737 4748 illam
760 4704 947 4765 nequaquam
971 4690 1129 4765 cogitarem
1152 4688 1276 4748 missam
1298 4685 1402 4759 facere,
1425 4693 1543 4745 secutus

189 4785 342 4857 ordinem,
371 4797 431 4860 quo
455 4785 536 4840 erant
557 4777 629 4838 mibi
651 4783 718 4853 post
740 4784 853 4836 sextam
876 4774 1110 4848 commendatae,
1142 4791 1206 4833 cum
1230 4790 1301 4846 uua,
1325 4788 1414 4849 quam
1436 4789 1543 4832 nonam

189 4889 326 4950 curnem,
350 4868 437 4930 tectis
459 4867 558 4928 uerbis
580 4865 714 4939 locutus,
736 4866 923 4942 exspectari,
945 4867 972 4925 si
994 4864 1122 4937 incaute,
1144 4865 1259 4938 promta
1280 4862 1395 4936 potius,
1426 4863 1543 4939 signum

1277 4957 1337 5016 53·
