3612 5538
318 372 384 442 996
745 315 753 326 ”
831 371 1028 430 erasme
1045 371 1165 444 uepres

316 553 423 614 llartis
444 551 513 629 est).
558 551 610 612 Est
632 557 732 612 antem
753 567 836 626 amor
859 554 931 626 veri,
953 550 1078 630 pulchri,
1099 550 1225 625 honesti
1246 549 1353 626 laudis,
1375 550 1486 627 gloria
1507 553 1670 613 nutrimen-

315 649 379 700 tum
401 648 433 700 et
454 639 520 698 finis
542 637 631 714 bujns
654 639 834 716 cupidineis.
864 640 957 700 Porro
980 659 1017 700 ex
1037 639 1091 699 illa
1112 639 1272 716 cupiditate
1293 639 1351 698 boc
1371 641 1519 714 sequitur,
1542 648 1576 698 ut
1590 642 1670 716 priua

316 727 431 804 aliquid
452 726 563 788 incedat
585 726 750 801 dicendum,
777 745 867 804 qnam
888 727 1030 805 perpendi
1052 730 1146 804 possit
1167 745 1256 804 quam
1278 727 1390 786 bouum
1410 729 1458 810 ait.
1502 726 1582 787 Hinc
1604 727 1669 786 bal-

314 815 463 877 lncinatnr
484 822 625 892 perpetuo
648 817 679 874 in
700 831 843 890 sermone,
866 815 935 876 binc
956 833 994 875 ne
1017 814 1135 891 quidem
1149 816 1305 892 epistolem
1321 815 1396 874 bene
1410 815 1513 874 scibit
1534 833 1572 876 cx
1593 824 1669 875 tene

314 921 396 980 pore.
442 902 563 962 Modica
593 919 663 962 vcro
686 905 867 964 correctione
889 903 1038 978 adhibita,
1066 905 1166 962 omnia
1186 901 1261 962 liunt
1282 904 1404 979 optimc.
1449 901 1530 962 Bene
1552 903 1669 978 quidem

315 990 446 1068 loquitur
468 999 498 1051 et
520 991 595 1050 benc
617 991 732 1065 scribit,
763 989 905 1067 quamdiu
933 991 1008 1050 nibil
1038 991 1144 1067 premit
1165 991 1223 1050 nisi
1246 989 1326 1066 qnod
1348 989 1579 1068 praemeditatus
1600 990 1670 1050 olim

313 1077 419 1140 luerat.
464 1077 523 1136 Sed
553 1078 699 1154 loquenti,
730 1079 869 1139 scribenti
905 1086 1047 1155 perpetus
1075 1079 1240 1138 intercurrit
1268 1079 1409 1154 cogitatio
1438 1077 1475 1136 de
1504 1079 1592 1137 noeis
1621 1076 1669 1136 rel

315 1168 415 1226 verbis
437 1165 486 1226 vel
508 1167 596 1224 rebec
617 1165 667 1225 vel
688 1165 785 1224 modis
807 1165 949 1243 loquendi
976 1173 1030 1225 aut
1051 1166 1285 1242 argumentandi,
1307 1164 1355 1226 rel
1378 1163 1414 1224 dc
1436 1182 1515 1226 noso
1538 1165 1671 1244 comilis,

315 1254 364 1316 sel
386 1253 422 1314 de
445 1253 594 1314 reticendo
617 1253 668 1312 illo
690 1255 775 1329 ipso,
804 1253 884 1331 quod
906 1252 1044 1328 loquitur.
1088 1252 1264 1329 Imaginatio
1288 1259 1318 1312 ct
1339 1253 1556 1314 reminiscentia
1585 1254 1670 1312 unius

315 1359 352 1400 ex
375 1340 436 1401 elio
459 1357 525 1402 esse
549 1339 665 1400 videtur
687 1336 762 1421 a&
778 1349 809 1399 et
831 1340 1009 1402 ascendente
1030 1357 1098 1400 cum
1119 1341 1213 1402 stellis
1235 1341 1378 1419 plurimis,
1402 1357 1468 1401 cum
1491 1347 1591 1401 tanum
1607 1358 1671 1400 mc-

316 1431 419 1502 moria‚
443 1428 540 1504 qualis
563 1429 592 1486 in
615 1428 690 1502 aliis,
714 1445 865 1506 uunquam
887 1429 943 1488 init
964 1429 1052 1502 bona,
1076 1429 1105 1488 Ιι.
1121 1445 1148 1492 e.
1163 1446 1241 1506 qnae
1255 1431 1369 1506 specior
1390 1447 1427 1489 cx
1441 1428 1507 1489 sola
1520 1427 1671 1489 seditione

314 1524 368 1576 aut
390 1516 517 1576 lectione
539 1519 685 1576 retineret.
719 1515 847 1575 Tantum
871 1518 948 1576 enim
969 1516 1087 1576 illorum
1110 1524 1140 1576 et
1162 1520 1304 1594 tantisper
1326 1518 1466 1590 meminit,
1489 1515 1558 1576 ιιιιιι
1581 1533 1670 1576 uuum

315 1607 398 1681 prins
419 1612 522 1663 notum
544 1604 665 1668 alteriue
687 1603 860 1664 recordandi
882 1621 974 1663 cansa
996 1612 1093 1663 estet
1114 1621 1180 1663 cum
1208 1603 1259 1664 illo
1283 1604 1428 1664 cobaerct.
1472 1602 1559 1664 llaec
1581 1621 1671 1664 causa

314 1699 361 1752 est
383 1690 574 1770 plurimarum
597 1690 815 1766 pareptbeeium
839 1695 868 1748 in
891 1707 1034 1764 sermone,
1058 1691 1127 1750 dum
1150 1694 1263 1765 omnia,
1294 1709 1371 1768 quac
1399 1694 1456 1768 ipsi
1486 1693 1574 1752 simul
1598 1693 1670 1752 inci·

314 1779 404 1853 dunt,
437 1787 555 1856 propter
581 1778 769 1838 fortissimam
803 1781 1030 1840 commotionem
1063 1781 1191 1838 omniurn
1224 1783 1418 1854 cogitatarum
1447 1782 1612 1856 specierum
1643 1782 1671 1838 in

313 1869 463 1939 memoris,
486 1869 528 1926 sic
550 1869 639 1926 etiarn
662 1865 761 1926 efferre
785 1865 933 1942 loquendo
956 1868 1046 1942 cupit.
1077 1867 1121 1925 Ex
1145 1883 1180 1928 eo
1203 1866 1339 1928 taediose
1359 1875 1411 1926 aut
1433 1875 1511 1927 certe
1532 1867 1671 1945 perplexe

314 1960 343 2014 ct
365 1956 462 2013 minus
484 1953 678 2030 intelligibilis
701 1953 825 2013 eideitur
847 1955 912 2030 ejus
934 1957 1038 2014 oratio.
1081 1953 1250 2014 Notandum
1272 1965 1386 2026 auwur,
1409 1971 1500 2030 supra
1521 1957 1577 2014 etei
1601 1955 1670 2027 diri,

313 2058 378 2102 esse
401 2040 591 2117 cupiditatem
613 2041 689 2100 banc
713 2045 812 2100 rivam
833 2042 863 2098 in
886 2043 984 2102 otiosa
1006 2043 1082 2114 vita,
1112 2058 1171 2100 non
1194 2051 1291 2102 tamen
1316 2043 1473 2102 verisimile
1496 2045 1671 2102 caminetum

312 2131 348 2188 iri
370 2129 400 2187 in
422 2129 586 2205 negotiosa.
633 2129 708 2187 Nam
732 2145 769 2188 ne
783 2131 826 2188 sic
848 2128 977 2204 quidem,
1000 2131 1137 2205 quumvis
1159 2139 1301 2206 perpetuo
1325 2132 1577 2207 occupatissimus,
1601 2131 1671 2190 aba·

314 2219 388 2276 tinet
410 2235 429 2274 a
451 2216 663 2292 cupiditatibus
685 2217 764 2288 suis,
787 2218 858 2292 quin
882 2219 980 2292 potius
1002 2219 1113 2276 omissa
1139 2216 1366 2278 honestissimae
1388 2219 1545 2277 functionis
1567 2235 1671 2279 neces·

269 2307 274 2326 ¹
311 2305 391 2365 saris
413 2320 484 2362 cura
506 2321 542 2364 eo
565 2306 637 2375 ubit,
659 2319 718 2379 quo
741 2304 831 2362 lemur
854 2305 946 2379 ipsius
968 2307 1092 2378 animus,
1116 2313 1149 2363 ul
1170 2305 1423 2384 reprehensionem
1447 2323 1505 2364 non
1521 2306 1670 2384 effugeret,

311 2393 368 2450 nisi
401 2399 517 2469 promta
548 2390 713 2452 eruditione
747 2399 975 2468 extemporanea
1008 2391 1191 2452 satisiscsret
1230 2400 1379 2470 utcunque
1412 2389 1556 2453 functioni
1590 2411 1669 2454 suae

313 2477 450 2540 Summa:
479 2479 534 2540 etsi
556 2479 699 2538 functioni
724 2477 875 2553 invigilat,
906 2478 939 2537 lit
960 2478 1018 2539 lroc
1040 2487 1136 2538 temen
1160 2498 1226 2538 cum
1250 2480 1308 2540 illis
1331 2480 1563 2558 impedimentis,
1595 2499 1670 2558 quae

313 2565 384 2626 dixi.
428 2565 586 2641 Nunquam
615 2569 692 2626 enim
721 2567 778 2643 ipsi
802 2565 885 2626 deest
906 2569 1030 2626 materie
1058 2566 1226 2645 cupiditati,
1257 2567 1370 2642 ardori,
1399 2569 1551 2629 sectandi
1573 2569 1670 2628 studio

313 2652 454 2714 diflicilia.
500 2653 538 2712 Et
560 2653 653 2713 millia
675 2654 761 2712 simul
785 2652 935 2724 incidunt,
966 2653 1075 2730 quibus
1104 2653 1304 2731 explicandis,
1336 2673 1402 2715 cum
1431 2664 1562 2734 tempore
1589 2656 1670 2716 nullo

313 2741 511 2802 circumscribi
533 2743 637 2818 possit,
662 2743 757 2817 magis
780 2739 937 2818 impeditur
960 2758 1030 2800 cura
1052 2745 1080 2799 in
1104 2741 1201 2800 oldcio
1224 2761 1313 2818 quam
1337 2746 1460 2806 incuria.
1497 2744 1535 2803 Et
1557 2746 1671 2804 sancai

312 2829 373 2888 lore
396 2831 491 2906 ipsum
514 2831 544 2887 in
567 2829 700 2889 militiam
723 2827 885 2900 intulisset,
915 2829 1000 2888 lortis
1028 2833 1146 2888 omnino
1173 2830 1294 2889 inisset:
1322 2831 1408 2892 adest
1436 2834 1492 2905 ira,
1526 2831 1671 2891 industria

314 2915 387 2990 doli,
412 2916 579 2990 vigilantis,
603 2915 732 2976 assultus
754 2917 913 2994 repentini,
937 2932 991 2975 nec
1012 2915 1137 2976 sonasse
1160 2916 1276 2976 deesset
1297 2917 1424 2979 felicitas
1426 2960 1536 2981 .....
1584 2917 1671 2998 Opti-

313 3020 393 3062 mum
416 3011 470 3077 est,
494 3004 544 3063 ubi
565 3004 698 3080 Jungitur
729 3002 872 3063 industris
895 3004 1024 3079 ingenio.
1069 3004 1106 3062 Et
1128 3003 1176 3062 bic
1198 3007 1308 3082 optime
1337 3005 1448 3065 babent
1470 3009 1584 3080 omnia,
1616 3007 1671 3064 nisi

312 3089 418 3150 blattis
440 3089 540 3150 rsdius
563 3090 724 3167 quadratus
747 3089 827 3149 illam
850 3091 970 3149 nimiam
986 3097 1077 3167 auget
1089 3094 1341 3170 praecipitantium
1358 3101 1388 3153 et
1402 3093 1559 3154 multarum
1575 3111 1670 3155 rerum

312 3179 540 3256 inceptionem.“
567 3210 607 3224 -
1281 3177 1291 3190 '

420 3263 489 3324 Jam
512 3267 662 3326 recensitis
686 3263 914 3348 „adversariis“,
938 3281 1014 3340 qnos
1038 3263 1142 3326 babuit
1165 3265 1364 3343 Adelbergae,
1392 3267 1584 3348 Mnlpronae,
1607 3269 1670 3330 'l'u-

315 3351 423 3428 bingae
446 3362 476 3412 et
500 3351 595 3412 Grntii
618 3355 729 3430 pergit:
755 3352 875 3428 ,Habet
897 3352 985 3411 bonno
1008 3353 1063 3412 iste
1086 3361 1221 3413 nslnram
1244 3355 1433 3432 undiqueque
1449 3359 1602 3432 caniusm3
1626 3367 1671 3417 cst

315 3441 408 3498 instar
431 3440 528 3500 catelli
552 3439 705 3501 domestici
729 3438 857 3500 delicati.
903 3439 1017 3518 Corpus
1040 3447 1085 3500 est
1106 3440 1194 3518 agile,
1217 3441 1341 3515 aridum,
1365 3444 1439 3503 bene
1461 3449 1669 3522 proportiona-

315 3534 387 3586 tum.
424 3527 528 3586 Victus
552 3529 654 3604 ntique
676 3527 762 3602 idem,
788 3526 948 3588 delectatur
969 3526 1106 3587 rodendis
1128 3529 1254 3601 ossibus,
1278 3529 1357 3590 duris
1381 3532 1466 3609 punis
1488 3534 1603 3607 crustis,
1627 3543 1673 3594 cst

313 3631 406 3674 vorax
421 3616 485 3674 sine
501 3614 611 3688 ordine,
636 3623 668 3676 ut
683 3614 879 3691 quodcunque
894 3615 1068 3675 obversatur
1086 3615 1180 3676 oculis
1194 3616 1333 3695 arripiat;
1358 3636 1460 3696 parum
1476 3629 1575 3697 potat,
1598 3637 1673 3681 con·

314 3709 414 3762 tentus
437 3710 481 3762 est
503 3702 662 3764 vilissimis.
685 3702 792 3762 -Moses
814 3701 965 3761 simillimi.
996 3702 1203 3781 Superioribus
1224 3699 1273 3786 (ut
1294 3708 1375 3764 mnis
1397 3707 1578 3785 domesticis)
1600 3725 1670 3786 per-

313 3797 404 3868 petuo
426 3805 492 3850 sese
514 3790 680 3864 insimulat,
705 3808 741 3850 ex
764 3789 831 3848 aliis
853 3789 961 3868 pendet
983 3807 1035 3868 per
1058 3793 1163 3862 omnia,
1187 3790 1246 3851 illis
1261 3794 1420 3868 ministret,
1444 3794 1503 3854 illis
1525 3811 1585 3855 non
1607 3798 1670 3854 ira-

312 3880 412 3950 scitur,
436 3880 462 3936 si
485 3878 729 3955 reprehendetur,
754 3880 832 3936 omui
855 3877 942 3938 modo
965 3877 1066 3937 studet
1086 3877 1180 3938 redire
1203 3881 1232 3937 in
1255 3883 1390 3956 gretiam
1434 3881 1545 3944 Perse
1569 3886 1671 3942 omnia

313 3968 435 4026 rimatur
457 3967 486 4024 in
510 3964 687 4043 disciplinis,
719 3967 747 4022 in
771 3964 892 4042 politia,
916 3967 945 4022 in
967 3983 1001 4025 re
1022 3965 1197 4040 domestica,
1221 3977 1251 4026 et
1274 3968 1433 4027 vilissimas
1455 3985 1570 4048 operas.
1618 3972 1671 4030 list

310 4054 341 4112 in
365 4060 506 4130 perpetuo
529 4070 616 4114 cursu
639 4061 669 4114 et
691 4051 840 4128 quoslibet
867 4051 1012 4129 quidlibet
1042 4055 1163 4130 egentes
1187 4063 1371 4116 consectatur
1399 4057 1476 4116 idem
1499 4055 1616 4133 agendo
1640 4065 1670 4117 et

313 4139 515 4217 excogitando.
559 4141 613 4200 Est
635 4142 789 4218 impatiens
812 4142 1044 4202 conversationis
1067 4149 1097 4200 ιι
1119 4143 1220 4203 crebro
1249 4144 1278 4200 in
1301 4143 1390 4204 aedes
1413 4147 1592 4206 ventitantes
1610 4163 1671 4205 non

312 4245 398 4289 secus
421 4228 531 4288 salutat
553 4246 588 4289 sc
610 4230 701 4288 cenis.
732 4225 789 4287 Ubi
812 4230 879 4304 quis
902 4231 929 4288 ei
952 4229 1102 4288 minimum
1126 4231 1210 4307 eripit
1232 4239 1400 4304 murmurat,
1424 4230 1508 4292 ardet
1529 4239 1563 4291 ιιι
1578 4236 1669 4294 canis

312 4315 366 4374 Est
388 4323 484 4388 tener,
508 4317 666 4376 insectator
689 4315 887 4390 quorumlibet
909 4333 1000 4394 prave
1023 4318 1181 4393 egentium,
1205 4317 1293 4378 latrat
1315 4318 1436 4380 scilicet.
1476 4319 1574 4382 liutet
1588 4339 1670 4381 mer-

312 4401 385 4462 dur:
410 4401 531 4463 dicteria
554 4405 715 4481 pungentia
736 4402 827 4462 babet
850 4403 879 4461 in
903 4411 1026 4480 promtu.
1045 4403 1195 4484 ‚Plurimie
1218 4407 1306 4482 igitur
1328 4423 1435 4467 cresus
1458 4415 1549 4468 estet
1571 4410 1610 4470 ab
1632 4411 1669 4468 iis

312 4492 439 4564 vitatur,
462 4489 515 4550 sed
537 4494 701 4568 superiores
724 4505 822 4548 carum
846 4489 968 4566 habent,
997 4507 1056 4550 non
1079 4509 1163 4552 secus
1187 4509 1222 4553 ec
1245 4493 1398 4554 domestici
1420 4495 1530 4555 bonum
1554 4513 1667 4558 moeni.

311 4575 421 4638 Horret
442 4576 557 4651 balnea,
581 4581 745 4652 tinctiones,
769 4577 895 4638 lotiones
918 4586 951 4639 ut
973 4581 1065 4639 canis.
1110 4579 1245 4640 Summae
1269 4583 1296 4642 ei
1320 4583 1439 4644 inircnis
1454 4584 1604 4644 temeritas
1620 4586 1669 4644 in-

313 4671 359 4724 est
381 4683 399 4725 a
422 4663 566 4740 quadrato
590 4665 726 4726 Mercurii
750 4671 780 4724 et
801 4663 916 4740 Martis,
938 4665 1024 4726 Luna
1046 4669 1076 4724 in
1098 4668 1245 4744 triangulo
1268 4668 1381 4733 Martis.

425 4749 576 4812 Hactenus
598 4753 658 4815 lere
682 4752 718 4813 de
741 4753 914 4824 temeritate,
937 4753 1073 4828 audacie,
1096 4756 1148 4830 irs,
1172 4755 1332 4834 cupiditate
1355 4757 1450 4834 decue
1473 4759 1526 4832 iis,
1550 4767 1670 4838 propter

190 4911 193 4917 ,
314 4855 390 4917 qnae
412 4847 445 4901 ut
468 4840 624 4921 plurimum
653 4842 730 4904 solet
757 4839 939 4920 reprebendi.
984 4840 1149 4903 Dicendum
1174 4842 1237 4922 jam
1265 4851 1311 4907 est
1340 4843 1375 4906 de
1397 4847 1433 4907 iis
1460 4847 1614 4910 affectibus
1637 4853 1668 4910 el
