<?xml version="1.0" encoding="UTF-8"?>
<!DOCTYPE html PUBLIC "-//W3C//DTD XHTML 1.0 Transitional//EN"
    "http://www.w3.org/TR/xhtml1/DTD/xhtml1-transitional.dtd">
<html xmlns="http://www.w3.org/1999/xhtml" xml:lang="en" lang="en">
 <head>
  <title>
</title>
<meta http-equiv="Content-Type" content="text/html;charset=utf-8" />
  <meta name='ocr-system' content='tesseract 3.04.00' />
  <meta name='ocr-capabilities' content='ocr_page ocr_carea ocr_par ocr_line ocrx_word'/>
</head>
<body>
  <div class='ocr_page' id='page_1' title='image "./joanniskepleria25frisgoog_0462.png"; bbox 0 0 3612 5538; ppageno 0'>
   <div class='ocr_carea' id='block_1_1' title="bbox 574 399 1527 474">
    <p class='ocr_par' dir='ltr' id='par_1_1' title="bbox 574 399 1527 474">
     <span class='ocr_line' id='line_1_1' title="bbox 574 399 1527 474; baseline 0.014 -16"><span class='ocrx_word' id='word_1_1' title='bbox 574 399 688 474; x_wconf 83' lang='lat' dir='ltr'><strong>Kspleri</strong></span> <span class='ocrx_word' id='word_1_2' title='bbox 704 399 845 460; x_wconf 81' lang='lat' dir='ltr'><strong>literarum</strong></span> <span class='ocrx_word' id='word_1_3' title='bbox 861 400 953 460; x_wconf 69' lang='lat' dir='ltr'><strong>stada</strong></span> <span class='ocrx_word' id='word_1_4' title='bbox 970 407 999 458; x_wconf 83' lang='lat' dir='ltr'><strong>ei</strong></span> <span class='ocrx_word' id='word_1_5' title='bbox 1015 399 1149 462; x_wconf 74' lang='lat' dir='ltr'><strong>doctrina.</strong></span> <span class='ocrx_word' id='word_1_6' title='bbox 1444 399 1527 471; x_wconf 85' lang='grc'>1001</span> 
     </span>
    </p>
   </div>
   <div class='ocr_carea' id='block_1_2' title="bbox 179 577 1529 2064">
    <p class='ocr_par' dir='ltr' id='par_1_2' title="bbox 179 577 1528 1629">
     <span class='ocr_line' id='line_1_2' title="bbox 181 577 1527 662; baseline 0 -17"><span class='ocrx_word' id='word_1_7' title='bbox 181 577 422 646; x_wconf 77' lang='lat' dir='ltr'><strong>aeeommod&#39;audi</strong></span> <span class='ocrx_word' id='word_1_8' title='bbox 450 587 519 644; x_wconf 81' lang='lat' dir='ltr'><strong>suut</strong></span> <span class='ocrx_word' id='word_1_9' title='bbox 546 581 585 643; x_wconf 91' lang='lat' dir='ltr'><strong>ad</strong></span> <span class='ocrx_word' id='word_1_10' title='bbox 614 601 753 662; x_wconf 75' lang='lat' dir='ltr'><strong>praesens</strong></span> <span class='ocrx_word' id='word_1_11' title='bbox 781 584 941 659; x_wconf 74' lang='lat' dir='ltr'><strong>negotium.</strong></span> <span class='ocrx_word' id='word_1_12' title='bbox 986 581 1049 642; x_wconf 87' lang='lat' dir='ltr'><strong>Etsi</strong></span> <span class='ocrx_word' id='word_1_13' title='bbox 1076 585 1139 643; x_wconf 85' lang='lat' dir='ltr'><strong>aine</strong></span> <span class='ocrx_word' id='word_1_14' title='bbox 1162 581 1252 643; x_wconf 90' lang='lat' dir='ltr'><strong>dubio</strong></span> <span class='ocrx_word' id='word_1_15' title='bbox 1284 591 1414 646; x_wconf 87' lang='lat' dir='ltr'><strong>centrum</strong></span> <span class='ocrx_word' id='word_1_16' title='bbox 1437 585 1527 645; x_wconf 89' lang='lat' dir='ltr'><strong>totius</strong></span> 
     </span>
     <span class='ocr_line' id='line_1_3' title="bbox 181 667 1526 750; baseline 0.001 -18"><span class='ocrx_word' id='word_1_17' title='bbox 181 673 311 734; x_wconf 83' lang='lat' dir='ltr'><strong>uuirerei</strong></span> <span class='ocrx_word' id='word_1_18' title='bbox 334 673 364 730; x_wconf 92' lang='lat' dir='ltr'><strong>in</strong></span> <span class='ocrx_word' id='word_1_19' title='bbox 388 667 507 750; x_wconf 89' lang='lat' dir='ltr'><strong>eorp&#39;ore</strong></span> <span class='ocrx_word' id='word_1_20' title='bbox 531 670 608 731; x_wconf 87' lang='lat' dir='ltr'><strong>Solis</strong></span> <span class='ocrx_word' id='word_1_21' title='bbox 631 672 790 742; x_wconf 80' lang='lat' dir='ltr'><strong>constituit,</strong></span> <span class='ocrx_word' id='word_1_22' title='bbox 809 679 921 743; x_wconf 85' lang='lat' dir='ltr'><strong>tamen,</strong></span> <span class='ocrx_word' id='word_1_23' title='bbox 945 677 977 730; x_wconf 91' lang='lat' dir='ltr'><strong>ut</strong></span> <span class='ocrx_word' id='word_1_24' title='bbox 992 669 1135 730; x_wconf 83' lang='lat' dir='ltr'><strong>caleulum</strong></span> <span class='ocrx_word' id='word_1_25' title='bbox 1155 671 1241 747; x_wconf 87' lang='lat' dir='ltr'><strong>juvet</strong></span> <span class='ocrx_word' id='word_1_26' title='bbox 1256 673 1431 750; x_wconf 86' lang='lat' dir='ltr'><strong>compendio</strong></span> <span class='ocrx_word' id='word_1_27' title='bbox 1447 678 1476 733; x_wconf 90' lang='lat' dir='ltr'><strong>et</strong></span> <span class='ocrx_word' id='word_1_28' title='bbox 1489 689 1526 734; x_wconf 89' lang='lat' dir='ltr'><strong>ue</strong></span> 
     </span>
     <span class='ocr_line' id='line_1_4' title="bbox 181 757 1525 836; baseline 0.002 -18"><span class='ocrx_word' id='word_1_29' title='bbox 181 761 302 819; x_wconf 84' lang='lat' dir='ltr'><strong>nimium</strong></span> <span class='ocrx_word' id='word_1_30' title='bbox 325 777 343 819; x_wconf 92' lang='lat' dir='ltr'><strong>a</strong></span> <span class='ocrx_word' id='word_1_31' title='bbox 364 759 536 820; x_wconf 86' lang='lat' dir='ltr'><strong>Ptolemaeo</strong></span> <span class='ocrx_word' id='word_1_32' title='bbox 569 759 733 822; x_wconf 77' lang='lat' dir='ltr'><strong>recedendo</strong></span> <span class='ocrx_word' id='word_1_33' title='bbox 762 757 931 836; x_wconf 80' lang='lat' dir='ltr'>diligentem</span> <span class='ocrx_word' id='word_1_34' title='bbox 962 758 1026 834; x_wconf 90' lang='lat' dir='ltr'><strong>ejus</strong></span> <span class='ocrx_word' id='word_1_35' title='bbox 1054 757 1190 820; x_wconf 85' lang='lat' dir='ltr'><strong>leuiorem</strong></span> <span class='ocrx_word' id='word_1_36' title='bbox 1224 761 1337 834; x_wconf 85' lang='lat' dir='ltr'><strong>turbet,</strong></span> <span class='ocrx_word' id='word_1_37' title='bbox 1371 761 1525 821; x_wconf 85' lang='lat' dir='ltr'><strong>distantias</strong></span> 
     </span>
     <span class='ocr_line' id='line_1_5' title="bbox 182 845 1527 926; baseline 0.001 -20"><span class='ocrx_word' id='word_1_38' title='bbox 182 847 365 926; x_wconf 86' lang='lat' dir='ltr'><strong>planetarum</strong></span> <span class='ocrx_word' id='word_1_39' title='bbox 388 849 570 926; x_wconf 84' lang='lat' dir='ltr'><strong>computavit</strong></span> <span class='ocrx_word' id='word_1_40' title='bbox 592 863 650 906; x_wconf 93' lang='lat' dir='ltr'><strong>uon</strong></span> <span class='ocrx_word' id='word_1_41' title='bbox 673 864 692 907; x_wconf 90' lang='lat' dir='ltr'><strong>a</strong></span> <span class='ocrx_word' id='word_1_42' title='bbox 714 853 813 908; x_wconf 88' lang='lat' dir='ltr'><strong>eentro</strong></span> <span class='ocrx_word' id='word_1_43' title='bbox 836 845 930 918; x_wconf 88' lang='lat' dir='ltr'><strong>Solis,</strong></span> <span class='ocrx_word' id='word_1_44' title='bbox 954 845 1005 906; x_wconf 91' lang='lat' dir='ltr'><strong>sed</strong></span> <span class='ocrx_word' id='word_1_45' title='bbox 1029 862 1046 905; x_wconf 92' lang='lat' dir='ltr'><strong>a</strong></span> <span class='ocrx_word' id='word_1_46' title='bbox 1070 853 1168 906; x_wconf 88' lang='lat' dir='ltr'><strong>uentre</strong></span> <span class='ocrx_word' id='word_1_47' title='bbox 1191 847 1313 922; x_wconf 80' lang='lat' dir='ltr'>Terrae,</span> <span class='ocrx_word' id='word_1_48' title='bbox 1345 851 1430 924; x_wconf 86' lang='lat' dir='ltr'><strong>quasi</strong></span> <span class='ocrx_word' id='word_1_49' title='bbox 1455 847 1527 907; x_wconf 92' lang='lat' dir='ltr'><strong>illud</strong></span> 
     </span>
     <span class='ocr_line' id='line_1_6' title="bbox 182 932 1527 1013; baseline -0.001 -16"><span class='ocrx_word' id='word_1_50' title='bbox 182 941 259 998; x_wconf 84' lang='lat' dir='ltr'><strong>esset</strong></span> <span class='ocrx_word' id='word_1_51' title='bbox 280 937 480 996; x_wconf 81' lang='lat' dir='ltr'><strong>universitatis</strong></span> <span class='ocrx_word' id='word_1_52' title='bbox 503 942 648 1008; x_wconf 90' lang='lat' dir='ltr'><strong>eenirum,</strong></span> <span class='ocrx_word' id='word_1_53' title='bbox 680 953 745 995; x_wconf 89' lang='lat' dir='ltr'><strong>euru</strong></span> <span class='ocrx_word' id='word_1_54' title='bbox 777 943 873 994; x_wconf 70' lang='lat' dir='ltr'><strong>nmen</strong></span> <span class='ocrx_word' id='word_1_55' title='bbox 898 932 971 992; x_wconf 90' lang='lat' dir='ltr'><strong>illud</strong></span> <span class='ocrx_word' id='word_1_56' title='bbox 994 951 1011 992; x_wconf 90' lang='lat' dir='ltr'><strong>a</strong></span> <span class='ocrx_word' id='word_1_57' title='bbox 1034 932 1103 993; x_wconf 87' lang='lat' dir='ltr'><strong>Sele</strong></span> <span class='ocrx_word' id='word_1_58' title='bbox 1131 941 1212 994; x_wconf 88' lang='lat' dir='ltr'><strong>tanto</strong></span> <span class='ocrx_word' id='word_1_59' title='bbox 1235 953 1349 1013; x_wconf 89' lang='lat' dir='ltr'><strong>semper</strong></span> <span class='ocrx_word' id='word_1_60' title='bbox 1371 935 1527 996; x_wconf 83' lang='lat' dir='ltr'><strong>intervallo</strong></span> 
     </span>
     <span class='ocr_line' id='line_1_7' title="bbox 182 1019 1527 1101; baseline -0.001 -16"><span class='ocrx_word' id='word_1_61' title='bbox 182 1024 281 1097; x_wconf 89' lang='lat' dir='ltr'><strong>distet,</strong></span> <span class='ocrx_word' id='word_1_62' title='bbox 305 1031 416 1098; x_wconf 79' lang='lat' dir='ltr'><strong>quanta</strong></span> <span class='ocrx_word' id='word_1_63' title='bbox 439 1030 484 1083; x_wconf 88' lang='lat' dir='ltr'><strong>eat</strong></span> <span class='ocrx_word' id='word_1_64' title='bbox 506 1027 612 1099; x_wconf 83' lang='lat' dir='ltr'><strong>queris</strong></span> <span class='ocrx_word' id='word_1_65' title='bbox 635 1030 764 1101; x_wconf 87' lang='lat' dir='ltr'><strong>tempore</strong></span> <span class='ocrx_word' id='word_1_66' title='bbox 780 1021 906 1082; x_wconf 78' lang='lat' dir='ltr'><strong>Telluris</strong></span> <span class='ocrx_word' id='word_1_67' title='bbox 929 1023 1057 1090; x_wconf 83' lang='lat' dir='ltr'><strong>maxima</strong></span> <span class='ocrx_word' id='word_1_68' title='bbox 1080 1019 1309 1082; x_wconf 81' lang='lat' dir='ltr'><strong>eeeentrieitas“</strong></span> <span class='ocrx_word' id='word_1_69' title='bbox 1350 1021 1433 1083; x_wconf 83' lang='lat' dir='ltr'><strong>Haeo</strong></span> <span class='ocrx_word' id='word_1_70' title='bbox 1455 1039 1527 1083; x_wconf 89' lang='lat' dir='ltr'><strong>eeu·</strong></span> 
     </span>
     <span class='ocr_line' id='line_1_8' title="bbox 180 1108 1528 1188; baseline -0.001 -16"><span class='ocrx_word' id='word_1_71' title='bbox 180 1111 298 1172; x_wconf 87' lang='lat' dir='ltr'><strong>iirmaus</strong></span> <span class='ocrx_word' id='word_1_72' title='bbox 319 1113 349 1170; x_wconf 88' lang='lat' dir='ltr'><strong>in</strong></span> <span class='ocrx_word' id='word_1_73' title='bbox 372 1113 560 1172; x_wconf 77' lang='lat' dir='ltr'><strong>annotatione</strong></span> <span class='ocrx_word' id='word_1_74' title='bbox 583 1119 705 1171; x_wconf 88' lang='lat' dir='ltr'><strong>revoeat</strong></span> <span class='ocrx_word' id='word_1_75' title='bbox 727 1108 873 1188; x_wconf 85' lang='lat' dir='ltr'><strong>Keplerus</strong></span> <span class='ocrx_word' id='word_1_76' title='bbox 895 1109 1018 1169; x_wconf 82' lang='lat' dir='ltr'><strong>leuiores</strong></span> <span class='ocrx_word' id='word_1_77' title='bbox 1041 1109 1078 1167; x_wconf 94' lang='lat' dir='ltr'><strong>ad</strong></span> <span class='ocrx_word' id='word_1_78' title='bbox 1105 1108 1321 1170; x_wconf 75' lang='lat' dir='ltr'><strong>commentaria</strong></span> <span class='ocrx_word' id='word_1_79' title='bbox 1345 1109 1449 1171; x_wconf 86' lang='lat' dir='ltr'><strong>Martis</strong></span> <span class='ocrx_word' id='word_1_80' title='bbox 1472 1111 1528 1171; x_wconf 87' lang='lat' dir='ltr'><strong>ad-</strong></span> 
     </span>
     <span class='ocr_line' id='line_1_9' title="bbox 182 1196 1527 1280; baseline 0 -22"><span class='ocrx_word' id='word_1_81' title='bbox 182 1199 297 1276; x_wconf 83' lang='lat' dir='ltr'><strong>ditque:</strong></span> <span class='ocrx_word' id='word_1_82' title='bbox 325 1199 413 1280; x_wconf 82' lang='lat' dir='ltr'><strong>„quia</strong></span> <span class='ocrx_word' id='word_1_83' title='bbox 436 1197 474 1259; x_wconf 87' lang='lat' dir='ltr'><strong>ad</strong></span> <span class='ocrx_word' id='word_1_84' title='bbox 497 1197 686 1258; x_wconf 91' lang='lat' dir='ltr'><strong>deelinandes</strong></span> <span class='ocrx_word' id='word_1_85' title='bbox 709 1215 820 1258; x_wconf 88' lang='lat' dir='ltr'><strong>errores</strong></span> <span class='ocrx_word' id='word_1_86' title='bbox 843 1214 961 1258; x_wconf 83' lang='lat' dir='ltr'><strong>neeesse</strong></span> <span class='ocrx_word' id='word_1_87' title='bbox 984 1197 1046 1270; x_wconf 86' lang='lat' dir='ltr'><strong>luit,</strong></span> <span class='ocrx_word' id='word_1_88' title='bbox 1071 1196 1290 1260; x_wconf 85' lang='lat' dir='ltr'><strong>lundementum</strong></span> <span class='ocrx_word' id='word_1_89' title='bbox 1314 1199 1404 1258; x_wconf 87' lang='lat' dir='ltr'><strong>relati</strong></span> <span class='ocrx_word' id='word_1_90' title='bbox 1427 1199 1527 1258; x_wconf 91' lang='lat' dir='ltr'><strong>mundi</strong></span> 
     </span>
     <span class='ocr_line' id='line_1_10' title="bbox 182 1284 1526 1364; baseline -0.001 -18"><span class='ocrx_word' id='word_1_91' title='bbox 182 1289 210 1346; x_wconf 94' lang='lat' dir='ltr'><strong>in</strong></span> <span class='ocrx_word' id='word_1_92' title='bbox 233 1289 328 1364; x_wconf 87' lang='lat' dir='ltr'><strong>ipsum</strong></span> <span class='ocrx_word' id='word_1_93' title='bbox 352 1285 430 1345; x_wconf 89' lang='lat' dir='ltr'><strong>Solis</strong></span> <span class='ocrx_word' id='word_1_94' title='bbox 453 1293 583 1346; x_wconf 89' lang='lat' dir='ltr'><strong>eeutrum</strong></span> <span class='ocrx_word' id='word_1_95' title='bbox 606 1303 759 1364; x_wconf 80' lang='lat' dir='ltr'><strong>reponere,</strong></span> <span class='ocrx_word' id='word_1_96' title='bbox 783 1287 852 1345; x_wconf 89' lang='lat' dir='ltr'><strong>bino</strong></span> <span class='ocrx_word' id='word_1_97' title='bbox 873 1285 948 1346; x_wconf 91' lang='lat' dir='ltr'><strong>adeo</strong></span> <span class='ocrx_word' id='word_1_98' title='bbox 972 1286 1095 1356; x_wconf 89' lang='lat' dir='ltr'><strong>laetum,</strong></span> <span class='ocrx_word' id='word_1_99' title='bbox 1120 1293 1151 1344; x_wconf 91' lang='lat' dir='ltr'><strong>ut</strong></span> <span class='ocrx_word' id='word_1_100' title='bbox 1173 1285 1238 1346; x_wconf 90' lang='lat' dir='ltr'><strong>loca</strong></span> <span class='ocrx_word' id='word_1_101' title='bbox 1260 1284 1388 1360; x_wconf 72' lang='lat' dir='ltr'><strong>zodiaci,</strong></span> <span class='ocrx_word' id='word_1_102' title='bbox 1420 1289 1526 1362; x_wconf 86' lang='lat' dir='ltr'><strong>quibus</strong></span> 
     </span>
     <span class='ocr_line' id='line_1_11' title="bbox 179 1373 1525 1454; baseline 0.001 -21"><span class='ocrx_word' id='word_1_103' title='bbox 179 1375 316 1454; x_wconf 90' lang='lat' dir='ltr'><strong>planetae</strong></span> <span class='ocrx_word' id='word_1_104' title='bbox 338 1373 410 1433; x_wconf 87' lang='lat' dir='ltr'><strong>liunt</strong></span> <span class='ocrx_word' id='word_1_105' title='bbox 425 1373 560 1436; x_wconf 72' lang='lat' dir='ltr'><strong>altissimi</strong></span> <span class='ocrx_word' id='word_1_106' title='bbox 577 1380 605 1433; x_wconf 89' lang='lat' dir='ltr'><strong>et</strong></span> <span class='ocrx_word' id='word_1_107' title='bbox 619 1373 783 1448; x_wconf 88' lang='lat' dir='ltr'><strong>humillimi,</strong></span> <span class='ocrx_word' id='word_1_108' title='bbox 807 1390 865 1435; x_wconf 90' lang='lat' dir='ltr'><strong>non</strong></span> <span class='ocrx_word' id='word_1_109' title='bbox 885 1373 948 1448; x_wconf 90' lang='lat' dir='ltr'><strong>jam</strong></span> <span class='ocrx_word' id='word_1_110' title='bbox 965 1373 1090 1449; x_wconf 85' lang='lat' dir='ltr'><strong>amplius</strong></span> <span class='ocrx_word' id='word_1_111' title='bbox 1106 1389 1303 1450; x_wconf 79' lang='lat' dir='ltr'><strong>apogaeorum</strong></span> <span class='ocrx_word' id='word_1_112' title='bbox 1322 1379 1350 1432; x_wconf 90' lang='lat' dir='ltr'><strong>et</strong></span> <span class='ocrx_word' id='word_1_113' title='bbox 1370 1377 1525 1451; x_wconf 81' lang='lat' dir='ltr'><strong>perigaeo·</strong></span> 
     </span>
     <span class='ocr_line' id='line_1_12' title="bbox 181 1461 1527 1541; baseline -0.001 -19"><span class='ocrx_word' id='word_1_114' title='bbox 181 1480 243 1522; x_wconf 90' lang='lat' dir='ltr'><strong>rum</strong></span> <span class='ocrx_word' id='word_1_115' title='bbox 265 1479 371 1522; x_wconf 88' lang='lat' dir='ltr'><strong>nomen</strong></span> <span class='ocrx_word' id='word_1_116' title='bbox 393 1465 517 1523; x_wconf 91' lang='lat' dir='ltr'><strong>retinere</strong></span> <span class='ocrx_word' id='word_1_117' title='bbox 540 1469 673 1539; x_wconf 75' lang='lat' dir='ltr'><strong>possent,</strong></span> <span class='ocrx_word' id='word_1_118' title='bbox 704 1461 756 1522; x_wconf 86' lang='lat' dir='ltr'><strong>sed</strong></span> <span class='ocrx_word' id='word_1_119' title='bbox 778 1463 894 1541; x_wconf 88' lang='lat' dir='ltr'><strong>propria</strong></span> <span class='ocrx_word' id='word_1_120' title='bbox 916 1467 945 1521; x_wconf 89' lang='lat' dir='ltr'><strong>et</strong></span> <span class='ocrx_word' id='word_1_121' title='bbox 967 1461 1166 1538; x_wconf 75' lang='lat' dir='ltr'><strong>significanter</strong></span> <span class='ocrx_word' id='word_1_122' title='bbox 1188 1461 1417 1538; x_wconf 85' lang='lat' dir='ltr'><strong>indigetarentur</strong></span> <span class='ocrx_word' id='word_1_123' title='bbox 1438 1479 1458 1520; x_wconf 85' lang='lat' dir='ltr'><strong>a</strong></span> <span class='ocrx_word' id='word_1_124' title='bbox 1478 1478 1527 1522; x_wconf 91' lang='lat' dir='ltr'><strong>me</strong></span> 
     </span>
     <span class='ocr_line' id='line_1_13' title="bbox 182 1548 636 1629; baseline -0.002 -18"><span class='ocrx_word' id='word_1_125' title='bbox 182 1550 342 1629; x_wconf 87' lang='lat' dir='ltr'><strong>apbelia</strong></span> <span class='ocrx_word' id='word_1_126' title='bbox 365 1556 393 1609; x_wconf 88' lang='lat' dir='ltr'><strong>et</strong></span> <span class='ocrx_word' id='word_1_127' title='bbox 415 1548 636 1628; x_wconf 77' lang='lat' dir='ltr'><strong>peribella“</strong></span> 
     </span>
    </p>

    <p class='ocr_par' dir='ltr' id='par_1_3' title="bbox 180 1635 1529 2064">
     <span class='ocr_line' id='line_1_14' title="bbox 285 1635 1527 1715; baseline 0.002 -19"><span class='ocrx_word' id='word_1_128' title='bbox 285 1637 318 1696; x_wconf 90' lang='lat' dir='ltr'><strong>lu</strong></span> <span class='ocrx_word' id='word_1_129' title='bbox 341 1635 520 1713; x_wconf 76' lang='lat' dir='ltr'><strong>corrigendis</strong></span> <span class='ocrx_word' id='word_1_130' title='bbox 541 1635 695 1715; x_wconf 84' lang='lat' dir='ltr'><strong>Copemiei</strong></span> <span class='ocrx_word' id='word_1_131' title='bbox 718 1637 846 1696; x_wconf 87' lang='lat' dir='ltr'><strong>numeris</strong></span> <span class='ocrx_word' id='word_1_132' title='bbox 867 1635 1022 1715; x_wconf 88' lang='lat' dir='ltr'><strong>Keplerus,</strong></span> <span class='ocrx_word' id='word_1_133' title='bbox 1046 1644 1079 1696; x_wconf 93' lang='lat' dir='ltr'><strong>ut</strong></span> <span class='ocrx_word' id='word_1_134' title='bbox 1100 1650 1221 1713; x_wconf 86' lang='lat' dir='ltr'><strong>seopum</strong></span> <span class='ocrx_word' id='word_1_135' title='bbox 1245 1641 1426 1712; x_wconf 86' lang='lat' dir='ltr'><strong>assequatur,</strong></span> <span class='ocrx_word' id='word_1_136' title='bbox 1450 1637 1527 1698; x_wconf 89' lang='lat' dir='ltr'><strong>libe-</strong></span> 
     </span>
     <span class='ocr_line' id='line_1_15' title="bbox 181 1723 1528 1804; baseline 0 -20"><span class='ocrx_word' id='word_1_137' title='bbox 181 1723 249 1784; x_wconf 83' lang='lat' dir='ltr'><strong>raiia</strong></span> <span class='ocrx_word' id='word_1_138' title='bbox 272 1732 318 1786; x_wconf 90' lang='lat' dir='ltr'><strong>eet</strong></span> <span class='ocrx_word' id='word_1_139' title='bbox 338 1727 494 1804; x_wconf 89' lang='lat' dir='ltr'><strong>praeeipue</strong></span> <span class='ocrx_word' id='word_1_140' title='bbox 518 1727 546 1784; x_wconf 93' lang='lat' dir='ltr'><strong>in</strong></span> <span class='ocrx_word' id='word_1_141' title='bbox 569 1724 670 1797; x_wconf 86' lang='lat' dir='ltr'><strong>Luna,</strong></span> <span class='ocrx_word' id='word_1_142' title='bbox 700 1723 784 1800; x_wconf 88' lang='lat' dir='ltr'><strong>eujus</strong></span> <span class='ocrx_word' id='word_1_143' title='bbox 806 1740 941 1783; x_wconf 88' lang='lat' dir='ltr'><strong>numerus</strong></span> <span class='ocrx_word' id='word_1_144' title='bbox 972 1723 1020 1784; x_wconf 88' lang='lat' dir='ltr'><strong>rel</strong></span> <span class='ocrx_word' id='word_1_145' title='bbox 1044 1723 1079 1780; x_wconf 91' lang='lat' dir='ltr'><strong>ad</strong></span> <span class='ocrx_word' id='word_1_146' title='bbox 1103 1723 1211 1782; x_wconf 79' lang='lat' dir='ltr'><strong>Terrae</strong></span> <span class='ocrx_word' id='word_1_147' title='bbox 1240 1724 1339 1782; x_wconf 88' lang='lat' dir='ltr'><strong>orbem</strong></span> <span class='ocrx_word' id='word_1_148' title='bbox 1368 1724 1449 1784; x_wconf 91' lang='lat' dir='ltr'><strong>addit</strong></span> <span class='ocrx_word' id='word_1_149' title='bbox 1480 1725 1528 1785; x_wconf 82' lang='lat' dir='ltr'><strong>rel</strong></span> 
     </span>
     <span class='ocr_line' id='line_1_16' title="bbox 180 1810 1529 1892; baseline 0.001 -21"><span class='ocrx_word' id='word_1_150' title='bbox 180 1813 284 1889; x_wconf 80' lang='lat' dir='ltr'><strong>rejicit,</strong></span> <span class='ocrx_word' id='word_1_151' title='bbox 307 1817 349 1873; x_wconf 91' lang='lat' dir='ltr'><strong>uti</strong></span> <span class='ocrx_word' id='word_1_152' title='bbox 372 1815 524 1892; x_wconf 85' lang='lat' dir='ltr'><strong>preposito</strong></span> <span class='ocrx_word' id='word_1_153' title='bbox 546 1829 601 1872; x_wconf 87' lang='lat' dir='ltr'><strong>auo</strong></span> <span class='ocrx_word' id='word_1_154' title='bbox 625 1811 808 1872; x_wconf 88' lang='lat' dir='ltr'><strong>eommodam</strong></span> <span class='ocrx_word' id='word_1_155' title='bbox 831 1810 955 1872; x_wconf 87' lang='lat' dir='ltr'><strong>ridetur.</strong></span> <span class='ocrx_word' id='word_1_156' title='bbox 997 1810 1077 1887; x_wconf 84' lang='lat' dir='ltr'><strong>„Nee</strong></span> <span class='ocrx_word' id='word_1_157' title='bbox 1098 1810 1193 1870; x_wconf 90' lang='lat' dir='ltr'><strong>berele</strong></span> <span class='ocrx_word' id='word_1_158' title='bbox 1216 1811 1287 1883; x_wconf 89' lang='lat' dir='ltr'><strong>seio,</strong></span> <span class='ocrx_word' id='word_1_159' title='bbox 1311 1813 1413 1888; x_wconf 86' lang='lat' dir='ltr'><strong>inquit,</strong></span> <span class='ocrx_word' id='word_1_160' title='bbox 1438 1828 1529 1889; x_wconf 89' lang='lat' dir='ltr'><strong>quor·</strong></span> 
     </span>
     <span class='ocr_line' id='line_1_17' title="bbox 183 1897 1527 1978; baseline -0.001 -19"><span class='ocrx_word' id='word_1_161' title='bbox 183 1916 247 1960; x_wconf 89' lang='lat' dir='ltr'><strong>sum</strong></span> <span class='ocrx_word' id='word_1_162' title='bbox 270 1902 365 1978; x_wconf 81' lang='lat' dir='ltr'><strong>magia</strong></span> <span class='ocrx_word' id='word_1_163' title='bbox 387 1901 527 1960; x_wconf 90' lang='lat' dir='ltr'><strong>inolinent</strong></span> <span class='ocrx_word' id='word_1_164' title='bbox 555 1899 813 1977; x_wconf 75' lang='lat' dir='ltr'><strong>eosmograpbioae</strong></span> <span class='ocrx_word' id='word_1_165' title='bbox 843 1899 890 1958; x_wconf 89' lang='lat' dir='ltr'><strong>rei</strong></span> <span class='ocrx_word' id='word_1_166' title='bbox 922 1901 1009 1958; x_wconf 88' lang='lat' dir='ltr'><strong>etiam</strong></span> <span class='ocrx_word' id='word_1_167' title='bbox 1041 1897 1260 1977; x_wconf 82' lang='lat' dir='ltr'><strong>metaphyaieae</strong></span> <span class='ocrx_word' id='word_1_168' title='bbox 1289 1897 1445 1959; x_wconf 82' lang='lat' dir='ltr'><strong>rationes.“</strong></span> <span class='ocrx_word' id='word_1_169' title='bbox 1492 1899 1527 1960; x_wconf 91' lang='lat' dir='ltr'><strong>Iu</strong></span> 
     </span>
     <span class='ocr_line' id='line_1_18' title="bbox 182 1979 1528 2064; baseline -0.001 -16"><span class='ocrx_word' id='word_1_170' title='bbox 182 1987 228 2048; x_wconf 90' lang='lat' dir='ltr'><strong>ed.</strong></span> <span class='ocrx_word' id='word_1_171' title='bbox 250 1989 293 2048; x_wconf 87' lang='lat' dir='ltr'><strong>ii·</strong></span> <span class='ocrx_word' id='word_1_172' title='bbox 324 1988 409 2050; x_wconf 86' lang='lat' dir='ltr'><strong>dieit:</strong></span> <span class='ocrx_word' id='word_1_173' title='bbox 445 1989 506 2064; x_wconf 82' lang='lat' dir='ltr'><strong>,Ar</strong></span> <span class='ocrx_word' id='word_1_174' title='bbox 524 1987 586 2064; x_wconf 85' lang='lat' dir='ltr'><strong>jam</strong></span> <span class='ocrx_word' id='word_1_175' title='bbox 608 1989 638 2046; x_wconf 90' lang='lat' dir='ltr'><strong>in</strong></span> <span class='ocrx_word' id='word_1_176' title='bbox 667 1987 763 2048; x_wconf 89' lang='lat' dir='ltr'><strong>iueem</strong></span> <span class='ocrx_word' id='word_1_177' title='bbox 790 1979 1237 2064; x_wconf 79' lang='lat' dir='ltr'><strong>prolatis&#39;contemplationibus</strong></span> <span class='ocrx_word' id='word_1_178' title='bbox 1268 1984 1443 2048; x_wconf 87' lang='lat' dir='ltr'><strong>barmeuioie</strong></span> <span class='ocrx_word' id='word_1_179' title='bbox 1474 1987 1528 2048; x_wconf 90' lang='lat' dir='ltr'><strong>de-</strong></span> 
     </span>
    </p>
   </div>
   <div class='ocr_carea' id='block_1_3' title="bbox 181 2073 1633 2154">
    <p class='ocr_par' dir='ltr' id='par_1_4' title="bbox 181 2073 1633 2154">
     <span class='ocr_line' id='line_1_19' title="bbox 181 2073 1633 2154; baseline 0 -18"><span class='ocrx_word' id='word_1_180' title='bbox 181 2077 241 2136; x_wconf 88' lang='lat' dir='ltr'><strong>eisa</strong></span> <span class='ocrx_word' id='word_1_181' title='bbox 264 2083 310 2136; x_wconf 85' lang='lat' dir='ltr'><strong>est</strong></span> <span class='ocrx_word' id='word_1_182' title='bbox 332 2077 532 2136; x_wconf 84' lang='lat' dir='ltr'><strong>eontrurarsie</strong></span> <span class='ocrx_word' id='word_1_183' title='bbox 555 2076 630 2136; x_wconf 91' lang='lat' dir='ltr'><strong>libro</strong></span> <span class='ocrx_word' id='word_1_184' title='bbox 654 2075 690 2134; x_wconf 89' lang='lat' dir='ltr'><strong>V.</strong></span> <span class='ocrx_word' id='word_1_185' title='bbox 714 2073 967 2134; x_wconf 87' lang='lat' dir='ltr'><strong>Harmouieorum.</strong></span> <span class='ocrx_word' id='word_1_186' title='bbox 1012 2074 1142 2133; x_wconf 84' lang='lat' dir='ltr'><strong>Primum</strong></span> <span class='ocrx_word' id='word_1_187' title='bbox 1165 2076 1241 2134; x_wconf 92' lang='lat' dir='ltr'><strong>enim</strong></span> <span class='ocrx_word' id='word_1_188' title='bbox 1266 2075 1435 2152; x_wconf 85' lang='lat' dir='ltr'><strong>corporibus</strong></span> <span class='ocrx_word' id='word_1_189' title='bbox 1457 2077 1530 2154; x_wconf 86' lang='lat' dir='ltr'><strong>ipsis</strong></span> <span class='ocrx_word' id='word_1_190' title='bbox 1627 2085 1633 2102; x_wconf 90' lang='grc'><strong><em>·</em></strong></span> 
     </span>
    </p>
   </div>
   <div class='ocr_carea' id='block_1_4' title="bbox 154 2161 1593 4870">
    <p class='ocr_par' dir='ltr' id='par_1_5' title="bbox 178 2161 1593 2926">
     <span class='ocr_line' id='line_1_20' title="bbox 181 2161 1593 2242; baseline 0 -20"><span class='ocrx_word' id='word_1_191' title='bbox 181 2165 312 2241; x_wconf 86' lang='lat' dir='ltr'><strong>quinque</strong></span> <span class='ocrx_word' id='word_1_192' title='bbox 335 2162 469 2225; x_wconf 87' lang='lat' dir='ltr'><strong>ademtae</strong></span> <span class='ocrx_word' id='word_1_193' title='bbox 493 2175 561 2225; x_wconf 89' lang='lat' dir='ltr'><strong>saut</strong></span> <span class='ocrx_word' id='word_1_194' title='bbox 583 2163 786 2242; x_wconf 79' lang='lat' dir='ltr'><strong>proportiones</strong></span> <span class='ocrx_word' id='word_1_195' title='bbox 809 2163 923 2222; x_wconf 89' lang='lat' dir='ltr'><strong>orbium</strong></span> <span class='ocrx_word' id='word_1_196' title='bbox 948 2179 982 2221; x_wconf 86' lang='lat' dir='ltr'><strong>er</strong></span> <span class='ocrx_word' id='word_1_197' title='bbox 1005 2169 1104 2240; x_wconf 85' lang='lat' dir='ltr'><strong>purte:</strong></span> <span class='ocrx_word' id='word_1_198' title='bbox 1128 2161 1232 2221; x_wconf 87' lang='lat' dir='ltr'><strong>ultima</strong></span> <span class='ocrx_word' id='word_1_199' title='bbox 1252 2179 1293 2221; x_wconf 90' lang='lat' dir='ltr'><strong>se.</strong></span> <span class='ocrx_word' id='word_1_200' title='bbox 1317 2171 1346 2222; x_wconf 91' lang='lat' dir='ltr'><strong>et</strong></span> <span class='ocrx_word' id='word_1_201' title='bbox 1368 2162 1530 2223; x_wconf 85' lang='lat' dir='ltr'><strong>absolutis·</strong></span> <span class='ocrx_word' id='word_1_202' title='bbox 1591 2227 1593 2234; x_wconf 64' lang='grc'>,</span> 
     </span>
     <span class='ocr_line' id='line_1_21' title="bbox 181 2249 1529 2330; baseline 0 -19"><span class='ocrx_word' id='word_1_203' title='bbox 181 2253 254 2312; x_wconf 87' lang='lat' dir='ltr'><strong>sime</strong></span> <span class='ocrx_word' id='word_1_204' title='bbox 270 2251 383 2311; x_wconf 90' lang='lat' dir='ltr'><strong>urbium</strong></span> <span class='ocrx_word' id='word_1_205' title='bbox 398 2252 549 2330; x_wconf 89' lang='lat' dir='ltr'><strong>propertio</strong></span> <span class='ocrx_word' id='word_1_206' title='bbox 565 2253 726 2311; x_wconf 86' lang='lat' dir='ltr'><strong>eommunis</strong></span> <span class='ocrx_word' id='word_1_207' title='bbox 748 2257 793 2310; x_wconf 89' lang='lat' dir='ltr'><strong>est</strong></span> <span class='ocrx_word' id='word_1_208' title='bbox 815 2250 893 2310; x_wconf 82' lang='lat' dir='ltr'><strong>iaetu</strong></span> <span class='ocrx_word' id='word_1_209' title='bbox 915 2256 945 2308; x_wconf 92' lang='lat' dir='ltr'><strong>et</strong></span> <span class='ocrx_word' id='word_1_210' title='bbox 960 2251 1129 2328; x_wconf 89' lang='lat' dir='ltr'><strong>eorporibus</strong></span> <span class='ocrx_word' id='word_1_211' title='bbox 1152 2255 1182 2308; x_wconf 86' lang='lat' dir='ltr'><strong>ei</strong></span> <span class='ocrx_word' id='word_1_212' title='bbox 1196 2249 1355 2309; x_wconf 79' lang='lat' dir='ltr'><strong>harmoniis</strong></span> <span class='ocrx_word' id='word_1_213' title='bbox 1370 2255 1480 2324; x_wconf 78' lang='lat' dir='ltr'><strong>(Herm</strong></span> <span class='ocrx_word' id='word_1_214' title='bbox 1496 2256 1529 2312; x_wconf 87' lang='lat' dir='ltr'><strong>V.</strong></span> 
     </span>
     <span class='ocr_line' id='line_1_22' title="bbox 180 2335 1530 2416; baseline 0.001 -19"><span class='ocrx_word' id='word_1_215' title='bbox 180 2357 240 2412; x_wconf 89' lang='lat' dir='ltr'><strong>oap.</strong></span> <span class='ocrx_word' id='word_1_216' title='bbox 259 2343 286 2398; x_wconf 86' lang='lat'><strong>9.</strong></span> <span class='ocrx_word' id='word_1_217' title='bbox 302 2355 380 2412; x_wconf 84' lang='lat' dir='ltr'><strong>prop.</strong></span> <span class='ocrx_word' id='word_1_218' title='bbox 399 2343 460 2412; x_wconf 84' lang='lat'><strong>48),</strong></span> <span class='ocrx_word' id='word_1_219' title='bbox 488 2355 547 2416; x_wconf 83' lang='lat' dir='ltr'><strong>quo</strong></span> <span class='ocrx_word' id='word_1_220' title='bbox 562 2341 679 2400; x_wconf 90' lang='lat' dir='ltr'><strong>nomine</strong></span> <span class='ocrx_word' id='word_1_221' title='bbox 695 2337 766 2400; x_wconf 91' lang='lat' dir='ltr'><strong>nibil</strong></span> <span class='ocrx_word' id='word_1_222' title='bbox 782 2355 818 2398; x_wconf 85' lang='lat' dir='ltr'><strong>ex</strong></span> <span class='ocrx_word' id='word_1_223' title='bbox 833 2337 905 2396; x_wconf 88' lang='lat' dir='ltr'><strong>solis</strong></span> <span class='ocrx_word' id='word_1_224' title='bbox 921 2338 1089 2416; x_wconf 79' lang='lat' dir='ltr'><strong>corporibus</strong></span> <span class='ocrx_word' id='word_1_225' title='bbox 1107 2339 1135 2394; x_wconf 92' lang='lat' dir='ltr'><strong>in</strong></span> <span class='ocrx_word' id='word_1_226' title='bbox 1151 2335 1227 2396; x_wconf 91' lang='lat' dir='ltr'><strong>bane</strong></span> <span class='ocrx_word' id='word_1_227' title='bbox 1252 2337 1298 2396; x_wconf 86' lang='lat' dir='ltr'><strong>rei</strong></span> <span class='ocrx_word' id='word_1_228' title='bbox 1321 2338 1401 2400; x_wconf 89' lang='lat' dir='ltr'><strong>illam</strong></span> <span class='ocrx_word' id='word_1_229' title='bbox 1417 2347 1530 2416; x_wconf 86' lang='lat' dir='ltr'><strong>partem</strong></span> 
     </span>
     <span class='ocr_line' id='line_1_23' title="bbox 182 2423 1531 2505; baseline 0 -20"><span class='ocrx_word' id='word_1_230' title='bbox 182 2424 218 2485; x_wconf 89' lang='lat' dir='ltr'><strong>ds</strong></span> <span class='ocrx_word' id='word_1_231' title='bbox 241 2425 327 2486; x_wconf 83' lang='lat' dir='ltr'><strong>Luna</strong></span> <span class='ocrx_word' id='word_1_232' title='bbox 350 2425 491 2504; x_wconf 87' lang='lat' dir='ltr'><strong>disputari</strong></span> <span class='ocrx_word' id='word_1_233' title='bbox 515 2434 623 2504; x_wconf 89' lang='lat' dir='ltr'><strong>potest.</strong></span> <span class='ocrx_word' id='word_1_234' title='bbox 652 2426 774 2487; x_wconf 81' lang='lat' dir='ltr'><strong>Constat</strong></span> <span class='ocrx_word' id='word_1_235' title='bbox 797 2441 831 2486; x_wconf 89' lang='lat' dir='ltr'><strong>ex</strong></span> <span class='ocrx_word' id='word_1_236' title='bbox 848 2425 983 2484; x_wconf 88' lang='lat' dir='ltr'><strong>omnibus</strong></span> <span class='ocrx_word' id='word_1_237' title='bbox 1006 2423 1085 2484; x_wconf 87' lang='lat' dir='ltr'><strong>illius</strong></span> <span class='ocrx_word' id='word_1_238' title='bbox 1106 2424 1174 2484; x_wconf 90' lang='lat' dir='ltr'><strong>libri</strong></span> <span class='ocrx_word' id='word_1_239' title='bbox 1196 2426 1393 2484; x_wconf 80' lang='lat' dir='ltr'><strong>axiomatibus</strong></span> <span class='ocrx_word' id='word_1_240' title='bbox 1416 2434 1445 2486; x_wconf 91' lang='lat' dir='ltr'><strong>et</strong></span> <span class='ocrx_word' id='word_1_241' title='bbox 1459 2444 1531 2505; x_wconf 91' lang='lat' dir='ltr'><strong>pro-</strong></span> 
     </span>
     <span class='ocr_line' id='line_1_24' title="bbox 181 2512 1530 2591; baseline 0.001 -19"><span class='ocrx_word' id='word_1_242' title='bbox 181 2513 394 2591; x_wconf 86' lang='lat' dir='ltr'><strong>positionibus,</strong></span> <span class='ocrx_word' id='word_1_243' title='bbox 419 2512 551 2574; x_wconf 89' lang='lat' dir='ltr'><strong>ultimum</strong></span> <span class='ocrx_word' id='word_1_244' title='bbox 574 2514 778 2574; x_wconf 84' lang='lat' dir='ltr'><strong>limitationem</strong></span> <span class='ocrx_word' id='word_1_245' title='bbox 800 2515 997 2591; x_wconf 84' lang='lat' dir='ltr'><strong>proportionis</strong></span> <span class='ocrx_word' id='word_1_246' title='bbox 1019 2512 1225 2572; x_wconf 86' lang='lat' dir='ltr'><strong>diastematum</strong></span> <span class='ocrx_word' id='word_1_247' title='bbox 1249 2512 1311 2571; x_wconf 89' lang='lat' dir='ltr'><strong>fieri</strong></span> <span class='ocrx_word' id='word_1_248' title='bbox 1333 2517 1530 2575; x_wconf 85' lang='lat' dir='ltr'><strong>neeessariam</strong></span> 
     </span>
     <span class='ocr_line' id='line_1_25' title="bbox 180 2600 1530 2679; baseline 0.001 -19"><span class='ocrx_word' id='word_1_249' title='bbox 180 2608 298 2679; x_wconf 88' lang='lat' dir='ltr'><strong>propter</strong></span> <span class='ocrx_word' id='word_1_250' title='bbox 326 2609 425 2660; x_wconf 89' lang='lat' dir='ltr'><strong>motus</strong></span> <span class='ocrx_word' id='word_1_251' title='bbox 452 2601 653 2679; x_wconf 86' lang='lat' dir='ltr'><strong>planetarum,</strong></span> <span class='ocrx_word' id='word_1_252' title='bbox 684 2609 717 2660; x_wconf 91' lang='lat' dir='ltr'><strong>ut</strong></span> <span class='ocrx_word' id='word_1_253' title='bbox 739 2617 781 2662; x_wconf 89' lang='lat' dir='ltr'><strong>se.</strong></span> <span class='ocrx_word' id='word_1_254' title='bbox 805 2603 878 2659; x_wconf 88' lang='lat' dir='ltr'><strong>inter</strong></span> <span class='ocrx_word' id='word_1_255' title='bbox 901 2607 1045 2660; x_wconf 88' lang='lat' dir='ltr'><strong>extremos</strong></span> <span class='ocrx_word' id='word_1_256' title='bbox 1067 2607 1165 2658; x_wconf 91' lang='lat' dir='ltr'><strong>motus</strong></span> <span class='ocrx_word' id='word_1_257' title='bbox 1188 2616 1253 2660; x_wconf 87' lang='lat' dir='ltr'><strong>esse</strong></span> <span class='ocrx_word' id='word_1_258' title='bbox 1276 2603 1388 2678; x_wconf 86' lang='lat' dir='ltr'><strong>possint</strong></span> <span class='ocrx_word' id='word_1_259' title='bbox 1410 2600 1530 2661; x_wconf 84' lang='lat' dir='ltr'><strong>harme-</strong></span> 
     </span>
     <span class='ocr_line' id='line_1_26' title="bbox 181 2686 1531 2766; baseline 0.001 -19"><span class='ocrx_word' id='word_1_260' title='bbox 181 2691 246 2748; x_wconf 88' lang='lat' dir='ltr'><strong>nlae</strong></span> <span class='ocrx_word' id='word_1_261' title='bbox 268 2695 390 2749; x_wconf 80' lang='lat' dir='ltr'><strong>eertae.¹</strong></span> <span class='ocrx_word' id='word_1_262' title='bbox 419 2686 452 2748; x_wconf 87' lang='lat' dir='ltr'><strong>Si</strong></span> <span class='ocrx_word' id='word_1_263' title='bbox 474 2689 545 2763; x_wconf 90' lang='lat' dir='ltr'><strong>hoe,</strong></span> <span class='ocrx_word' id='word_1_264' title='bbox 573 2686 655 2750; x_wconf 87' lang='lat' dir='ltr'><strong>nuile</strong></span> <span class='ocrx_word' id='word_1_265' title='bbox 678 2690 767 2764; x_wconf 85' lang='lat' dir='ltr'><strong>igitur</strong></span> <span class='ocrx_word' id='word_1_266' title='bbox 788 2694 887 2766; x_wconf 90' lang='lat' dir='ltr'><strong>potest</strong></span> <span class='ocrx_word' id='word_1_267' title='bbox 915 2687 1017 2748; x_wconf 88' lang='lat' dir='ltr'><strong>baberi</strong></span> <span class='ocrx_word' id='word_1_268' title='bbox 1039 2689 1114 2746; x_wconf 86' lang='lat' dir='ltr'><strong>ratio</strong></span> <span class='ocrx_word' id='word_1_269' title='bbox 1136 2686 1239 2746; x_wconf 80' lang='lat' dir='ltr'><strong>Lunae</strong></span> <span class='ocrx_word' id='word_1_270' title='bbox 1262 2687 1380 2747; x_wconf 83' lang='lat' dir='ltr'><strong>Terram</strong></span> <span class='ocrx_word' id='word_1_271' title='bbox 1403 2691 1531 2750; x_wconf 83' lang='lat' dir='ltr'><strong>eircum-</strong></span> 
     </span>
     <span class='ocr_line' id='line_1_27' title="bbox 180 2773 1561 2855; baseline -0.001 -18"><span class='ocrx_word' id='word_1_272' title='bbox 180 2777 361 2854; x_wconf 85' lang='lat' dir='ltr'><strong>earsitantie,</strong></span> <span class='ocrx_word' id='word_1_273' title='bbox 393 2781 426 2834; x_wconf 91' lang='lat' dir='ltr'><strong>ut</strong></span> <span class='ocrx_word' id='word_1_274' title='bbox 448 2793 524 2854; x_wconf 85' lang='lat' dir='ltr'><strong>quae</strong></span> <span class='ocrx_word' id='word_1_275' title='bbox 546 2775 619 2836; x_wconf 89' lang='lat' dir='ltr'><strong>nibil</strong></span> <span class='ocrx_word' id='word_1_276' title='bbox 642 2776 753 2836; x_wconf 89' lang='lat' dir='ltr'><strong>eoulert</strong></span> <span class='ocrx_word' id='word_1_277' title='bbox 781 2775 819 2835; x_wconf 89' lang='lat' dir='ltr'><strong>ad</strong></span> <span class='ocrx_word' id='word_1_278' title='bbox 842 2775 1023 2836; x_wconf 89' lang='lat' dir='ltr'><strong>iuoitsudum</strong></span> <span class='ocrx_word' id='word_1_279' title='bbox 1053 2773 1100 2836; x_wconf 87' lang='lat' dir='ltr'><strong>rel</strong></span> <span class='ocrx_word' id='word_1_280' title='bbox 1122 2773 1327 2836; x_wconf 80' lang='lat' dir='ltr'><strong>retardandum</strong></span> <span class='ocrx_word' id='word_1_281' title='bbox 1351 2773 1440 2835; x_wconf 91' lang='lat' dir='ltr'><strong>ullius</strong></span> <span class='ocrx_word' id='word_1_282' title='bbox 1462 2777 1530 2855; x_wconf 91' lang='lat' dir='ltr'><strong>pla-</strong></span> <span class='ocrx_word' id='word_1_283' title='bbox 1557 2837 1561 2850; x_wconf 24' lang='grc' dir='ltr'><strong>ι</strong></span> 
     </span>
     <span class='ocr_line' id='line_1_28' title="bbox 178 2858 428 2926; baseline -0.012 -2"><span class='ocrx_word' id='word_1_284' title='bbox 178 2869 263 2926; x_wconf 89' lang='lat' dir='ltr'><strong>uetae</strong></span> <span class='ocrx_word' id='word_1_285' title='bbox 286 2858 428 2924; x_wconf 83' lang='lat' dir='ltr'><strong>motum.“</strong></span> 
     </span>
    </p>

    <p class='ocr_par' dir='ltr' id='par_1_6' title="bbox 154 2947 1531 4608">
     <span class='ocr_line' id='line_1_29' title="bbox 281 2947 1531 3030; baseline 0.001 -20"><span class='ocrx_word' id='word_1_286' title='bbox 281 2949 430 3028; x_wconf 85' lang='lat' dir='ltr'><strong>Rejieiens</strong></span> <span class='ocrx_word' id='word_1_287' title='bbox 454 2953 559 3030; x_wconf 85' lang='lat' dir='ltr'><strong>„urbes</strong></span> <span class='ocrx_word' id='word_1_288' title='bbox 582 2947 804 3012; x_wconf 86' lang='lat' dir='ltr'><strong>adamantinoe“</strong></span> <span class='ocrx_word' id='word_1_289' title='bbox 829 2951 859 3009; x_wconf 91' lang='lat' dir='ltr'><strong>in</strong></span> <span class='ocrx_word' id='word_1_290' title='bbox 883 2948 965 3009; x_wconf 83' lang='lat' dir='ltr'><strong>coelo</strong></span> <span class='ocrx_word' id='word_1_291' title='bbox 988 2947 1096 3008; x_wconf 90' lang='lat' dir='ltr'><strong>dubius</strong></span> <span class='ocrx_word' id='word_1_292' title='bbox 1119 2955 1172 3022; x_wconf 84' lang='lat' dir='ltr'><strong>est,</strong></span> <span class='ocrx_word' id='word_1_293' title='bbox 1196 2967 1264 3008; x_wconf 92' lang='lat' dir='ltr'><strong>num</strong></span> <span class='ocrx_word' id='word_1_294' title='bbox 1281 2949 1531 3028; x_wconf 88' lang='lat' dir='ltr'><strong>planetistribuat</strong></span> 
     </span>
     <span class='ocr_line' id='line_1_30' title="bbox 181 3034 1530 3120; baseline 0 -22"><span class='ocrx_word' id='word_1_295' title='bbox 181 3039 326 3111; x_wconf 72' lang='lat' dir='ltr'><strong>uirtutem,</strong></span> <span class='ocrx_word' id='word_1_296' title='bbox 353 3039 572 3120; x_wconf 85' lang='lat' dir='ltr'><strong>„moderantem</strong></span> <span class='ocrx_word' id='word_1_297' title='bbox 595 3056 697 3100; x_wconf 74' lang='lat' dir='ltr'><strong>eunus</strong></span> <span class='ocrx_word' id='word_1_298' title='bbox 718 3037 869 3100; x_wconf 78' lang='lat' dir='ltr'><strong>intellectu</strong></span> <span class='ocrx_word' id='word_1_299' title='bbox 892 3039 1111 3116; x_wconf 89' lang='lat' dir='ltr'><strong>proportionum</strong></span> <span class='ocrx_word' id='word_1_300' title='bbox 1133 3034 1420 3114; x_wconf 71' lang='lat' dir='ltr'><strong>geometricoruml‘i</strong></span> <span class='ocrx_word' id='word_1_301' title='bbox 1448 3038 1530 3098; x_wconf 86' lang='lat' dir='ltr'><strong>Peu-</strong></span> 
     </span>
     <span class='ocr_line' id='line_1_31' title="bbox 180 3125 1530 3206; baseline 0.001 -21"><span class='ocrx_word' id='word_1_302' title='bbox 180 3125 234 3186; x_wconf 89' lang='lat' dir='ltr'><strong>dus</strong></span> <span class='ocrx_word' id='word_1_303' title='bbox 258 3133 336 3187; x_wconf 91' lang='lat' dir='ltr'><strong>eerte</strong></span> <span class='ocrx_word' id='word_1_304' title='bbox 358 3125 469 3186; x_wconf 90' lang='lat' dir='ltr'><strong>nullum</strong></span> <span class='ocrx_word' id='word_1_305' title='bbox 492 3126 625 3206; x_wconf 87' lang='lat' dir='ltr'><strong>planetas</strong></span> <span class='ocrx_word' id='word_1_306' title='bbox 648 3125 798 3205; x_wconf 87' lang='lat' dir='ltr'><strong>impedire,</strong></span> <span class='ocrx_word' id='word_1_307' title='bbox 822 3141 881 3203; x_wconf 83' lang='lat' dir='ltr'><strong>quo</strong></span> <span class='ocrx_word' id='word_1_308' title='bbox 896 3126 992 3184; x_wconf 88' lang='lat' dir='ltr'><strong>miuus</strong></span> <span class='ocrx_word' id='word_1_309' title='bbox 1008 3127 1084 3184; x_wconf 87' lang='lat' dir='ltr'><strong>eirea</strong></span> <span class='ocrx_word' id='word_1_310' title='bbox 1101 3132 1230 3186; x_wconf 83' lang='lat' dir='ltr'><strong>centrum</strong></span> <span class='ocrx_word' id='word_1_311' title='bbox 1247 3135 1372 3198; x_wconf 82' lang='lat' dir='ltr'><strong>ourrant,</strong></span> <span class='ocrx_word' id='word_1_312' title='bbox 1395 3143 1449 3187; x_wconf 91' lang='lat' dir='ltr'><strong>nee</strong></span> <span class='ocrx_word' id='word_1_313' title='bbox 1465 3143 1530 3187; x_wconf 89' lang='lat' dir='ltr'><strong>esse</strong></span> 
     </span>
     <span class='ocr_line' id='line_1_32' title="bbox 154 3212 1530 3295; baseline 0.001 -22"><span class='ocrx_word' id='word_1_314' title='bbox 154 3213 273 3273; x_wconf 77' lang='lat' dir='ltr'><strong>‘ullum</strong></span> <span class='ocrx_word' id='word_1_315' title='bbox 294 3223 445 3293; x_wconf 82' lang='lat' dir='ltr'><strong>puuctum,</strong></span> <span class='ocrx_word' id='word_1_316' title='bbox 467 3215 559 3275; x_wconf 93' lang='lat' dir='ltr'><strong>ullum</strong></span> <span class='ocrx_word' id='word_1_317' title='bbox 583 3221 713 3276; x_wconf 90' lang='lat' dir='ltr'><strong>eeotrum</strong></span> <span class='ocrx_word' id='word_1_318' title='bbox 736 3232 837 3291; x_wconf 80' lang='lat' dir='ltr'><strong>grave.</strong></span> <span class='ocrx_word' id='word_1_319' title='bbox 878 3213 923 3272; x_wconf 81' lang='lat' dir='ltr'><strong>Ad</strong></span> <span class='ocrx_word' id='word_1_320' title='bbox 947 3213 1020 3272; x_wconf 89' lang='lat' dir='ltr'><strong>haee</strong></span> <span class='ocrx_word' id='word_1_321' title='bbox 1042 3215 1070 3270; x_wconf 90' lang='lat' dir='ltr'><strong>in</strong></span> <span class='ocrx_word' id='word_1_322' title='bbox 1095 3212 1140 3274; x_wconf 90' lang='lat' dir='ltr'><strong>ed.</strong></span> <span class='ocrx_word' id='word_1_323' title='bbox 1164 3213 1207 3272; x_wconf 90' lang='lat'><strong>11·</strong></span> <span class='ocrx_word' id='word_1_324' title='bbox 1229 3221 1368 3273; x_wconf 85' lang='lat' dir='ltr'><strong>annotat:</strong></span> <span class='ocrx_word' id='word_1_325' title='bbox 1400 3213 1530 3295; x_wconf 72' lang='lat' dir='ltr'><strong>„Audire</strong></span> 
     </span>
     <span class='ocr_line' id='line_1_33' title="bbox 181 3299 1527 3380; baseline -0.001 -18"><span class='ocrx_word' id='word_1_326' title='bbox 181 3299 269 3362; x_wconf 79' lang='lat' dir='ltr'><strong>eelim</strong></span> <span class='ocrx_word' id='word_1_327' title='bbox 300 3303 452 3380; x_wconf 85' lang='lat' dir='ltr'><strong>physieos,</strong></span> <span class='ocrx_word' id='word_1_328' title='bbox 481 3302 551 3378; x_wconf 84' lang='lat' dir='ltr'><strong>quid</strong></span> <span class='ocrx_word' id='word_1_329' title='bbox 583 3309 683 3363; x_wconf 85' lang='lat' dir='ltr'><strong>eontra</strong></span> <span class='ocrx_word' id='word_1_330' title='bbox 712 3301 808 3363; x_wconf 88' lang='lat' dir='ltr'><strong>dieere</strong></span> <span class='ocrx_word' id='word_1_331' title='bbox 836 3303 957 3380; x_wconf 84' lang='lat' dir='ltr'><strong>possint</strong></span> <span class='ocrx_word' id='word_1_332' title='bbox 1007 3299 1082 3360; x_wconf 85' lang='lat' dir='ltr'><strong>Nam</strong></span> <span class='ocrx_word' id='word_1_333' title='bbox 1113 3303 1150 3362; x_wconf 86' lang='lat' dir='ltr'><strong>ab</strong></span> <span class='ocrx_word' id='word_1_334' title='bbox 1180 3300 1224 3360; x_wconf 88' lang='lat' dir='ltr'><strong>bis</strong></span> <span class='ocrx_word' id='word_1_335' title='bbox 1255 3305 1295 3362; x_wconf 73' lang='lat'><strong>25</strong></span> <span class='ocrx_word' id='word_1_336' title='bbox 1325 3304 1409 3361; x_wconf 86' lang='lat' dir='ltr'><strong>annia</strong></span> <span class='ocrx_word' id='word_1_337' title='bbox 1441 3319 1527 3363; x_wconf 88' lang='lat' dir='ltr'><strong>nemo</strong></span> 
     </span>
     <span class='ocr_line' id='line_1_34' title="bbox 182 3387 1528 3472; baseline 0 -22"><span class='ocrx_word' id='word_1_338' title='bbox 182 3388 261 3466; x_wconf 76' lang='lat' dir='ltr'><strong>qaod</strong></span> <span class='ocrx_word' id='word_1_339' title='bbox 285 3393 375 3450; x_wconf 82' lang='lat' dir='ltr'><strong>seiam</strong></span> <span class='ocrx_word' id='word_1_340' title='bbox 399 3391 525 3472; x_wconf 76' lang='lat' dir='ltr'><strong>exstitit,</strong></span> <span class='ocrx_word' id='word_1_341' title='bbox 550 3392 599 3466; x_wconf 89' lang='lat' dir='ltr'><strong>qui</strong></span> <span class='ocrx_word' id='word_1_342' title='bbox 623 3387 696 3448; x_wconf 92' lang='lat' dir='ltr'><strong>illud</strong></span> <span class='ocrx_word' id='word_1_343' title='bbox 719 3397 875 3450; x_wconf 84' lang='lat' dir='ltr'><strong>excuteret.</strong></span> <span class='ocrx_word' id='word_1_344' title='bbox 922 3389 962 3447; x_wconf 83' lang='lat' dir='ltr'><strong>At</strong></span> <span class='ocrx_word' id='word_1_345' title='bbox 985 3405 1030 3448; x_wconf 89' lang='lat' dir='ltr'><strong>me</strong></span> <span class='ocrx_word' id='word_1_346' title='bbox 1054 3387 1162 3448; x_wconf 84' lang='lat' dir='ltr'><strong>candor</strong></span> <span class='ocrx_word' id='word_1_347' title='bbox 1176 3389 1265 3448; x_wconf 86' lang='lat' dir='ltr'><strong>¹selus</strong></span> <span class='ocrx_word' id='word_1_348' title='bbox 1287 3398 1386 3449; x_wconf 84' lang='lat' dir='ltr'><strong>moret</strong></span> <span class='ocrx_word' id='word_1_349' title='bbox 1409 3397 1443 3450; x_wconf 93' lang='lat' dir='ltr'><strong>ut</strong></span> <span class='ocrx_word' id='word_1_350' title='bbox 1465 3392 1528 3468; x_wconf 89' lang='lat' dir='ltr'><strong>ipse</strong></span> 
     </span>
     <span class='ocr_line' id='line_1_35' title="bbox 182 3476 1531 3556; baseline 0.002 -20"><span class='ocrx_word' id='word_1_351' title='bbox 182 3477 335 3537; x_wconf 82' lang='lat' dir='ltr'><strong>excutiam.</strong></span> <span class='ocrx_word' id='word_1_352' title='bbox 383 3477 514 3555; x_wconf 78' lang='lat' dir='ltr'><strong>Corpora</strong></span> <span class='ocrx_word' id='word_1_353' title='bbox 536 3476 719 3556; x_wconf 87' lang='lat' dir='ltr'><strong>planetarum</strong></span> <span class='ocrx_word' id='word_1_354' title='bbox 742 3479 771 3535; x_wconf 89' lang='lat' dir='ltr'><strong>in</strong></span> <span class='ocrx_word' id='word_1_355' title='bbox 794 3484 875 3536; x_wconf 88' lang='lat' dir='ltr'><strong>motu</strong></span> <span class='ocrx_word' id='word_1_356' title='bbox 898 3493 952 3535; x_wconf 91' lang='lat' dir='ltr'><strong>suo</strong></span> <span class='ocrx_word' id='word_1_357' title='bbox 975 3493 1034 3535; x_wconf 91' lang='lat' dir='ltr'><strong>nou</strong></span> <span class='ocrx_word' id='word_1_358' title='bbox 1056 3484 1125 3536; x_wconf 88' lang='lat' dir='ltr'><strong>sunt</strong></span> <span class='ocrx_word' id='word_1_359' title='bbox 1147 3477 1358 3536; x_wconf 88' lang='lat' dir='ltr'><strong>oonsideranda</strong></span> <span class='ocrx_word' id='word_1_360' title='bbox 1373 3485 1406 3537; x_wconf 94' lang='lat' dir='ltr'><strong>ut</strong></span> <span class='ocrx_word' id='word_1_361' title='bbox 1421 3485 1531 3556; x_wconf 78' lang='lat' dir='ltr'><strong>puneta</strong></span> 
     </span>
     <span class='ocr_line' id='line_1_36' title="bbox 180 3563 1529 3651; baseline 0.001 -27"><span class='ocrx_word' id='word_1_362' title='bbox 180 3564 402 3638; x_wconf 84' lang='lat' dir='ltr'><strong>mathematica,</strong></span> <span class='ocrx_word' id='word_1_363' title='bbox 434 3563 485 3624; x_wconf 90' lang='lat' dir='ltr'><strong>sed</strong></span> <span class='ocrx_word' id='word_1_364' title='bbox 509 3565 594 3643; x_wconf 92' lang='lat' dir='ltr'><strong>plane</strong></span> <span class='ocrx_word' id='word_1_365' title='bbox 618 3574 649 3624; x_wconf 88' lang='lat' dir='ltr'><strong>ut</strong></span> <span class='ocrx_word' id='word_1_366' title='bbox 673 3580 795 3642; x_wconf 80' lang='lat' dir='ltr'><strong>corpora</strong></span> <span class='ocrx_word' id='word_1_367' title='bbox 817 3566 970 3624; x_wconf 81' lang='lat' dir='ltr'><strong>materiata</strong></span> <span class='ocrx_word' id='word_1_368' title='bbox 992 3571 1022 3624; x_wconf 92' lang='lat' dir='ltr'><strong>et</strong></span> <span class='ocrx_word' id='word_1_369' title='bbox 1044 3581 1108 3623; x_wconf 88' lang='lat' dir='ltr'><strong>eum</strong></span> <span class='ocrx_word' id='word_1_370' title='bbox 1132 3565 1260 3651; x_wconf 74' lang='lat' dir='ltr'><strong>quodam</strong></span> <span class='ocrx_word' id='word_1_371' title='bbox 1284 3568 1369 3642; x_wconf 78' lang='lat' dir='ltr'><strong>quasi</strong></span> <span class='ocrx_word' id='word_1_372' title='bbox 1392 3566 1529 3644; x_wconf 88' lang='lat' dir='ltr'><strong>pendere,</strong></span> 
     </span>
     <span class='ocr_line' id='line_1_37' title="bbox 181 3651 1530 3730; baseline 0.001 -18"><span class='ocrx_word' id='word_1_373' title='bbox 181 3651 238 3712; x_wconf 84' lang='lat' dir='ltr'><strong>boe</strong></span> <span class='ocrx_word' id='word_1_374' title='bbox 261 3655 356 3712; x_wconf 88' lang='lat' dir='ltr'><strong>estin</strong></span> <span class='ocrx_word' id='word_1_375' title='bbox 381 3661 522 3730; x_wconf 87' lang='lat' dir='ltr'><strong>quantum</strong></span> <span class='ocrx_word' id='word_1_376' title='bbox 545 3659 614 3713; x_wconf 85' lang='lat' dir='ltr'><strong>suut</strong></span> <span class='ocrx_word' id='word_1_377' title='bbox 642 3651 775 3730; x_wconf 88' lang='lat' dir='ltr'><strong>praedita</strong></span> <span class='ocrx_word' id='word_1_378' title='bbox 802 3651 942 3711; x_wconf 87' lang='lat' dir='ltr'><strong>iaeuliate</strong></span> <span class='ocrx_word' id='word_1_379' title='bbox 968 3651 1110 3712; x_wconf 88' lang='lat' dir='ltr'><strong>renitendi</strong></span> <span class='ocrx_word' id='word_1_380' title='bbox 1132 3653 1223 3711; x_wconf 89' lang='lat' dir='ltr'><strong>metui</strong></span> <span class='ocrx_word' id='word_1_381' title='bbox 1247 3655 1425 3714; x_wconf 78' lang='lat' dir='ltr'><strong>extrinsecus</strong></span> <span class='ocrx_word' id='word_1_382' title='bbox 1448 3653 1530 3714; x_wconf 87' lang='lat' dir='ltr'><strong>illato</strong></span> 
     </span>
     <span class='ocr_line' id='line_1_38' title="bbox 180 3739 1528 3819; baseline 0.001 -19"><span class='ocrx_word' id='word_1_383' title='bbox 180 3757 232 3819; x_wconf 91' lang='lat' dir='ltr'><strong>pro</strong></span> <span class='ocrx_word' id='word_1_384' title='bbox 254 3740 331 3800; x_wconf 87' lang='lat' dir='ltr'><strong>mole</strong></span> <span class='ocrx_word' id='word_1_385' title='bbox 353 3741 482 3818; x_wconf 87' lang='lat' dir='ltr'><strong>eorporis</strong></span> <span class='ocrx_word' id='word_1_386' title='bbox 505 3748 534 3800; x_wconf 92' lang='lat' dir='ltr'><strong>et</strong></span> <span class='ocrx_word' id='word_1_387' title='bbox 557 3739 699 3800; x_wconf 87' lang='lat' dir='ltr'><strong>densitate</strong></span> <span class='ocrx_word' id='word_1_388' title='bbox 723 3741 869 3800; x_wconf 87' lang='lat' dir='ltr'><strong>materiae.</strong></span> <span class='ocrx_word' id='word_1_389' title='bbox 901 3739 975 3797; x_wconf 88' lang='lat' dir='ltr'><strong>Nam</strong></span> <span class='ocrx_word' id='word_1_390' title='bbox 997 3741 1186 3815; x_wconf 81' lang='lat' dir='ltr'><strong>quiaomuis</strong></span> <span class='ocrx_word' id='word_1_391' title='bbox 1209 3743 1329 3800; x_wconf 86' lang='lat' dir='ltr'><strong>materia</strong></span> <span class='ocrx_word' id='word_1_392' title='bbox 1344 3740 1381 3800; x_wconf 86' lang='lat' dir='ltr'><strong>ad</strong></span> <span class='ocrx_word' id='word_1_393' title='bbox 1400 3745 1528 3818; x_wconf 85' lang='lat' dir='ltr'><strong>quietem</strong></span> 
     </span>
     <span class='ocr_line' id='line_1_39' title="bbox 179 3825 1530 3906; baseline 0.001 -20"><span class='ocrx_word' id='word_1_394' title='bbox 179 3827 300 3889; x_wconf 88' lang='lat' dir='ltr'><strong>inelinat</strong></span> <span class='ocrx_word' id='word_1_395' title='bbox 321 3830 351 3886; x_wconf 85' lang='lat' dir='ltr'><strong>iu</strong></span> <span class='ocrx_word' id='word_1_396' title='bbox 373 3827 439 3888; x_wconf 87' lang='lat' dir='ltr'><strong>loeo</strong></span> <span class='ocrx_word' id='word_1_397' title='bbox 454 3826 505 3887; x_wconf 89' lang='lat' dir='ltr'><strong>ilio</strong></span> <span class='ocrx_word' id='word_1_398' title='bbox 522 3830 550 3886; x_wconf 93' lang='lat' dir='ltr'><strong>in</strong></span> <span class='ocrx_word' id='word_1_399' title='bbox 565 3845 624 3906; x_wconf 81' lang='lat' dir='ltr'><strong>quo</strong></span> <span class='ocrx_word' id='word_1_400' title='bbox 640 3835 692 3900; x_wconf 87' lang='lat' dir='ltr'><strong>est,</strong></span> <span class='ocrx_word' id='word_1_401' title='bbox 715 3827 784 3888; x_wconf 88' lang='lat' dir='ltr'><strong>bine</strong></span> <span class='ocrx_word' id='word_1_402' title='bbox 799 3826 872 3886; x_wconf 90' lang='lat' dir='ltr'><strong>adeo</strong></span> <span class='ocrx_word' id='word_1_403' title='bbox 896 3825 929 3884; x_wconf 83' lang='lat' dir='ltr'><strong>fn</strong></span> <span class='ocrx_word' id='word_1_404' title='bbox 944 3835 976 3885; x_wconf 93' lang='lat' dir='ltr'><strong>ut</strong></span> <span class='ocrx_word' id='word_1_405' title='bbox 990 3829 1083 3887; x_wconf 87' lang='lat' dir='ltr'><strong>virtus</strong></span> <span class='ocrx_word' id='word_1_406' title='bbox 1098 3825 1176 3887; x_wconf 84' lang='lat' dir='ltr'><strong>Selia</strong></span> <span class='ocrx_word' id='word_1_407' title='bbox 1190 3832 1313 3889; x_wconf 89' lang='lat' dir='ltr'><strong>motoria</strong></span> <span class='ocrx_word' id='word_1_408' title='bbox 1337 3837 1448 3906; x_wconf 80' lang='lat' dir='ltr'><strong>pugnet</strong></span> <span class='ocrx_word' id='word_1_409' title='bbox 1464 3846 1530 3889; x_wconf 88' lang='lat' dir='ltr'><strong>eum</strong></span> 
     </span>
     <span class='ocr_line' id='line_1_40' title="bbox 180 3913 1528 3994; baseline 0.002 -19"><span class='ocrx_word' id='word_1_410' title='bbox 180 3915 236 3976; x_wconf 87' lang='lat' dir='ltr'><strong>bae</strong></span> <span class='ocrx_word' id='word_1_411' title='bbox 259 3918 363 3976; x_wconf 86' lang='lat' dir='ltr'><strong>inertia</strong></span> <span class='ocrx_word' id='word_1_412' title='bbox 384 3917 535 3994; x_wconf 74' lang='lat' dir='ltr'><strong>materiae.</strong></span> <span class='ocrx_word' id='word_1_413' title='bbox 581 3913 657 3975; x_wconf 90' lang='lat' dir='ltr'><strong>Vide</strong></span> <span class='ocrx_word' id='word_1_414' title='bbox 680 3915 842 3974; x_wconf 83' lang='lat' dir='ltr'><strong>Commeat.</strong></span> <span class='ocrx_word' id='word_1_415' title='bbox 866 3913 970 3972; x_wconf 86' lang='lat' dir='ltr'><strong>Martis</strong></span> <span class='ocrx_word' id='word_1_416' title='bbox 994 3921 1023 3973; x_wconf 87' lang='lat' dir='ltr'><strong>et</strong></span> <span class='ocrx_word' id='word_1_417' title='bbox 1046 3915 1122 3991; x_wconf 88' lang='lat' dir='ltr'><strong>Epit.</strong></span> <span class='ocrx_word' id='word_1_418' title='bbox 1139 3915 1216 3978; x_wconf 76' lang='lat' dir='ltr'><strong>Astr,</strong></span> <span class='ocrx_word' id='word_1_419' title='bbox 1238 3915 1290 3977; x_wconf 91' lang='lat' dir='ltr'><strong>lib.</strong></span> <span class='ocrx_word' id='word_1_420' title='bbox 1309 3916 1361 3976; x_wconf 89' lang='lat' dir='ltr'><strong>lV.</strong></span> <span class='ocrx_word' id='word_1_421' title='bbox 1402 3915 1435 3974; x_wconf 93' lang='lat' dir='ltr'><strong>lu</strong></span> <span class='ocrx_word' id='word_1_422' title='bbox 1450 3916 1528 3994; x_wconf 82' lang='lat' dir='ltr'><strong>Epir.</strong></span> 
     </span>
     <span class='ocr_line' id='line_1_41' title="bbox 181 4001 1530 4080; baseline 0.001 -18"><span class='ocrx_word' id='word_1_423' title='bbox 181 4003 255 4064; x_wconf 85' lang='lat' dir='ltr'><strong>libro</strong></span> <span class='ocrx_word' id='word_1_424' title='bbox 273 4002 297 4062; x_wconf 88' lang='lat'><strong>1.</strong></span> <span class='ocrx_word' id='word_1_425' title='bbox 321 4002 528 4075; x_wconf 84' lang='lat' dir='ltr'><strong>demonstrari,</strong></span> <span class='ocrx_word' id='word_1_426' title='bbox 553 4002 658 4063; x_wconf 81' lang='lat' dir='ltr'><strong>salsum</strong></span> <span class='ocrx_word' id='word_1_427' title='bbox 681 4019 746 4063; x_wconf 81' lang='lat' dir='ltr'><strong>erae</strong></span> <span class='ocrx_word' id='word_1_428' title='bbox 770 4001 826 4062; x_wconf 89' lang='lat' dir='ltr'><strong>boe</strong></span> <span class='ocrx_word' id='word_1_429' title='bbox 849 4001 1036 4080; x_wconf 81' lang='lat' dir='ltr'><strong>physicorum</strong></span> <span class='ocrx_word' id='word_1_430' title='bbox 1060 4005 1187 4077; x_wconf 83' lang='lat' dir='ltr'><strong>axioma,</strong></span> <span class='ocrx_word' id='word_1_431' title='bbox 1210 4002 1288 4079; x_wconf 83' lang='lat' dir='ltr'><strong>quod</strong></span> <span class='ocrx_word' id='word_1_432' title='bbox 1311 4005 1414 4078; x_wconf 76' lang='lat' dir='ltr'><strong>gravis</strong></span> <span class='ocrx_word' id='word_1_433' title='bbox 1436 4020 1530 4080; x_wconf 84' lang='lat' dir='ltr'><strong>quae-</strong></span> 
     </span>
     <span class='ocr_line' id='line_1_42' title="bbox 182 4088 1528 4166; baseline -0.001 -15"><span class='ocrx_word' id='word_1_434' title='bbox 182 4097 247 4151; x_wconf 84' lang='lat' dir='ltr'><strong>rant</strong></span> <span class='ocrx_word' id='word_1_435' title='bbox 269 4089 361 4150; x_wconf 89' lang='lat' dir='ltr'><strong>ullum</strong></span> <span class='ocrx_word' id='word_1_436' title='bbox 384 4102 513 4150; x_wconf 84' lang='lat' dir='ltr'><strong>centrum</strong></span> <span class='ocrx_word' id='word_1_437' title='bbox 536 4097 569 4150; x_wconf 91' lang='lat' dir='ltr'><strong>ut</strong></span> <span class='ocrx_word' id='word_1_438' title='bbox 592 4090 667 4164; x_wconf 90' lang='lat' dir='ltr'><strong>tale,</strong></span> <span class='ocrx_word' id='word_1_439' title='bbox 697 4089 884 4150; x_wconf 81' lang='lat' dir='ltr'><strong>salsissimum</strong></span> <span class='ocrx_word' id='word_1_440' title='bbox 908 4088 987 4166; x_wconf 83' lang='lat' dir='ltr'><strong>quod</strong></span> <span class='ocrx_word' id='word_1_441' title='bbox 1010 4095 1141 4150; x_wconf 88' lang='lat' dir='ltr'><strong>eantrum</strong></span> <span class='ocrx_word' id='word_1_442' title='bbox 1165 4093 1254 4151; x_wconf 91' lang='lat' dir='ltr'><strong>totius</strong></span> <span class='ocrx_word' id='word_1_443' title='bbox 1277 4090 1394 4164; x_wconf 89' lang='lat' dir='ltr'><strong>mundi,</strong></span> <span class='ocrx_word' id='word_1_444' title='bbox 1418 4107 1528 4164; x_wconf 88' lang='lat' dir='ltr'><strong>rerum,</strong></span> 
     </span>
     <span class='ocr_line' id='line_1_43' title="bbox 180 4176 1529 4257; baseline 0 -19"><span class='ocrx_word' id='word_1_445' title='bbox 180 4178 231 4238; x_wconf 85' lang='lat' dir='ltr'><strong>sed</strong></span> <span class='ocrx_word' id='word_1_446' title='bbox 259 4195 311 4257; x_wconf 91' lang='lat' dir='ltr'><strong>per</strong></span> <span class='ocrx_word' id='word_1_447' title='bbox 338 4177 488 4251; x_wconf 83' lang='lat' dir='ltr'><strong>accidens,</strong></span> <span class='ocrx_word' id='word_1_448' title='bbox 520 4177 596 4254; x_wconf 86' lang='lat' dir='ltr'><strong>quod</strong></span> <span class='ocrx_word' id='word_1_449' title='bbox 629 4185 758 4238; x_wconf 84' lang='lat' dir='ltr'><strong>centrum</strong></span> <span class='ocrx_word' id='word_1_450' title='bbox 788 4176 914 4238; x_wconf 83' lang='lat' dir='ltr'><strong>Telluris</strong></span> <span class='ocrx_word' id='word_1_451' title='bbox 941 4185 1094 4255; x_wconf 88' lang='lat' dir='ltr'><strong>appetant,</strong></span> <span class='ocrx_word' id='word_1_452' title='bbox 1124 4195 1182 4239; x_wconf 92' lang='lat' dir='ltr'><strong>non</strong></span> <span class='ocrx_word' id='word_1_453' title='bbox 1210 4195 1298 4255; x_wconf 87' lang='lat' dir='ltr'><strong>quam</strong></span> <span class='ocrx_word' id='word_1_454' title='bbox 1331 4177 1360 4236; x_wconf 91' lang='lat' dir='ltr'><strong>id</strong></span> <span class='ocrx_word' id='word_1_455' title='bbox 1390 4187 1529 4257; x_wconf 84' lang='lat' dir='ltr'><strong>puuctum</strong></span> 
     </span>
     <span class='ocr_line' id='line_1_44' title="bbox 181 4264 1530 4344; baseline -0.001 -18"><span class='ocrx_word' id='word_1_456' title='bbox 181 4274 233 4340; x_wconf 91' lang='lat' dir='ltr'><strong>est,</strong></span> <span class='ocrx_word' id='word_1_457' title='bbox 257 4264 308 4326; x_wconf 90' lang='lat' dir='ltr'><strong>sed</strong></span> <span class='ocrx_word' id='word_1_458' title='bbox 332 4269 403 4342; x_wconf 86' lang='lat' dir='ltr'><strong>qnia</strong></span> <span class='ocrx_word' id='word_1_459' title='bbox 426 4282 530 4344; x_wconf 87' lang='lat' dir='ltr'><strong>eorpus</strong></span> <span class='ocrx_word' id='word_1_460' title='bbox 552 4265 678 4326; x_wconf 87' lang='lat' dir='ltr'><strong>Telluris</strong></span> <span class='ocrx_word' id='word_1_461' title='bbox 701 4271 857 4344; x_wconf 86' lang='lat' dir='ltr'><strong>appetunt,</strong></span> <span class='ocrx_word' id='word_1_462' title='bbox 891 4266 969 4340; x_wconf 88' lang='lat' dir='ltr'><strong>quod</strong></span> <span class='ocrx_word' id='word_1_463' title='bbox 993 4281 1058 4326; x_wconf 85' lang='lat' dir='ltr'><strong>eum</strong></span> <span class='ocrx_word' id='word_1_464' title='bbox 1087 4267 1125 4324; x_wconf 86' lang='lat' dir='ltr'><strong>sit</strong></span> <span class='ocrx_word' id='word_1_465' title='bbox 1152 4265 1316 4338; x_wconf 86' lang='lat' dir='ltr'><strong>rotundum,</strong></span> <span class='ocrx_word' id='word_1_466' title='bbox 1340 4281 1376 4324; x_wconf 84' lang='lat' dir='ltr'><strong>ex</strong></span> <span class='ocrx_word' id='word_1_467' title='bbox 1400 4281 1435 4326; x_wconf 90' lang='lat' dir='ltr'><strong>eo</strong></span> <span class='ocrx_word' id='word_1_468' title='bbox 1458 4265 1530 4339; x_wconf 89' lang='lat' dir='ltr'><strong>lieri,</strong></span> 
     </span>
     <span class='ocr_line' id='line_1_45' title="bbox 182 4352 1529 4432; baseline 0.001 -20"><span class='ocrx_word' id='word_1_469' title='bbox 182 4361 214 4412; x_wconf 93' lang='lat' dir='ltr'><strong>ut</strong></span> <span class='ocrx_word' id='word_1_470' title='bbox 236 4355 406 4432; x_wconf 89' lang='lat' dir='ltr'><strong>appetentia</strong></span> <span class='ocrx_word' id='word_1_471' title='bbox 429 4357 486 4412; x_wconf 89' lang='lat' dir='ltr'><strong>ista</strong></span> <span class='ocrx_word' id='word_1_472' title='bbox 508 4354 618 4413; x_wconf 81' lang='lat' dir='ltr'><strong>feratur</strong></span> <span class='ocrx_word' id='word_1_473' title='bbox 639 4369 741 4413; x_wconf 80' lang='lat' dir='ltr'><strong>versus</strong></span> <span class='ocrx_word' id='word_1_474' title='bbox 764 4352 891 4414; x_wconf 89' lang='lat' dir='ltr'><strong>medium</strong></span> <span class='ocrx_word' id='word_1_475' title='bbox 916 4363 944 4410; x_wconf 88' lang='lat' dir='ltr'><strong>et</strong></span> <span class='ocrx_word' id='word_1_476' title='bbox 967 4354 1009 4412; x_wconf 90' lang='lat' dir='ltr'><strong>sie</strong></span> <span class='ocrx_word' id='word_1_477' title='bbox 1033 4370 1133 4413; x_wconf 88' lang='lat' dir='ltr'><strong>versus</strong></span> <span class='ocrx_word' id='word_1_478' title='bbox 1149 4361 1287 4424; x_wconf 86' lang='lat' dir='ltr'><strong>centrum,</strong></span> <span class='ocrx_word' id='word_1_479' title='bbox 1311 4352 1386 4413; x_wconf 88' lang='lat' dir='ltr'><strong>adeo</strong></span> <span class='ocrx_word' id='word_1_480' title='bbox 1402 4352 1529 4431; x_wconf 89' lang='lat' dir='ltr'><strong>quidem,</strong></span> 
     </span>
     <span class='ocr_line' id='line_1_46' title="bbox 180 4438 1529 4519; baseline 0 -19"><span class='ocrx_word' id='word_1_481' title='bbox 180 4447 213 4501; x_wconf 91' lang='lat' dir='ltr'><strong>ut</strong></span> <span class='ocrx_word' id='word_1_482' title='bbox 233 4443 259 4502; x_wconf 87' lang='lat' dir='ltr'><strong>si</strong></span> <span class='ocrx_word' id='word_1_483' title='bbox 282 4440 372 4502; x_wconf 86' lang='lat' dir='ltr'><strong>Terra</strong></span> <span class='ocrx_word' id='word_1_484' title='bbox 404 4441 527 4519; x_wconf 78' lang='lat' dir='ltr'><strong>liguram</strong></span> <span class='ocrx_word' id='word_1_485' title='bbox 549 4440 671 4502; x_wconf 87' lang='lat' dir='ltr'><strong>haberet</strong></span> <span class='ocrx_word' id='word_1_486' title='bbox 701 4438 853 4500; x_wconf 88' lang='lat' dir='ltr'><strong>distortam</strong></span> <span class='ocrx_word' id='word_1_487' title='bbox 876 4441 1069 4516; x_wconf 84' lang='lat' dir='ltr'><strong>sensibiliter,</strong></span> <span class='ocrx_word' id='word_1_488' title='bbox 1099 4443 1203 4518; x_wconf 83' lang='lat' dir='ltr'><strong>gravia</strong></span> <span class='ocrx_word' id='word_1_489' title='bbox 1233 4457 1291 4500; x_wconf 92' lang='lat' dir='ltr'><strong>non</strong></span> <span class='ocrx_word' id='word_1_490' title='bbox 1316 4457 1418 4500; x_wconf 86' lang='lat' dir='ltr'><strong>versus</strong></span> <span class='ocrx_word' id='word_1_491' title='bbox 1440 4457 1529 4502; x_wconf 90' lang='lat' dir='ltr'><strong>uuum</strong></span> 
     </span>
     <span class='ocr_line' id='line_1_47' title="bbox 181 4524 769 4608; baseline -0.003 -20"><span class='ocrx_word' id='word_1_492' title='bbox 181 4526 309 4606; x_wconf 83' lang='lat' dir='ltr'><strong>undique</strong></span> <span class='ocrx_word' id='word_1_493' title='bbox 331 4536 471 4608; x_wconf 87' lang='lat' dir='ltr'><strong>puuetum</strong></span> <span class='ocrx_word' id='word_1_494' title='bbox 494 4537 611 4589; x_wconf 80' lang='lat' dir='ltr'><strong>teneura</strong></span> <span class='ocrx_word' id='word_1_495' title='bbox 632 4524 769 4589; x_wconf 84' lang='lat' dir='ltr'><strong>luerint.“</strong></span> 
     </span>
    </p>

    <p class='ocr_par' dir='ltr' id='par_1_7' title="bbox 181 4613 1530 4870">
     <span class='ocr_line' id='line_1_48' title="bbox 284 4613 1530 4694; baseline 0 -18"><span class='ocrx_word' id='word_1_496' title='bbox 284 4615 340 4676; x_wconf 88' lang='lat' dir='ltr'><strong>Hie</strong></span> <span class='ocrx_word' id='word_1_497' title='bbox 363 4615 552 4694; x_wconf 80' lang='lat' dir='ltr'><strong>adjungimus</strong></span> <span class='ocrx_word' id='word_1_498' title='bbox 576 4613 719 4692; x_wconf 85' lang='lat' dir='ltr'><strong>quaedam</strong></span> <span class='ocrx_word' id='word_1_499' title='bbox 744 4633 780 4674; x_wconf 84' lang='lat' dir='ltr'><strong>ex</strong></span> <span class='ocrx_word' id='word_1_500' title='bbox 794 4617 845 4690; x_wconf 85' lang='lat' dir='ltr'><strong>iia,</strong></span> <span class='ocrx_word' id='word_1_501' title='bbox 870 4633 946 4691; x_wconf 81' lang='lat' dir='ltr'><strong>uuae</strong></span> <span class='ocrx_word' id='word_1_502' title='bbox 961 4615 1107 4694; x_wconf 86' lang='lat' dir='ltr'><strong>Kepierue</strong></span> <span class='ocrx_word' id='word_1_503' title='bbox 1131 4614 1167 4675; x_wconf 94' lang='lat' dir='ltr'><strong>de</strong></span> <span class='ocrx_word' id='word_1_504' title='bbox 1189 4615 1383 4690; x_wconf 81' lang='lat' dir='ltr'><strong>gravitate</strong></span> <span class='ocrx_word' id='word_1_505' title='bbox 1407 4615 1477 4676; x_wconf 86' lang='lat' dir='ltr'><strong>dieii</strong></span> <span class='ocrx_word' id='word_1_506' title='bbox 1499 4619 1530 4676; x_wconf 91' lang='lat' dir='ltr'><strong>iu</strong></span> 
     </span>
     <span class='ocr_line' id='line_1_49' title="bbox 181 4700 1529 4782; baseline 0 -18"><span class='ocrx_word' id='word_1_507' title='bbox 181 4703 401 4765; x_wconf 81' lang='lat' dir='ltr'><strong>introductione</strong></span> <span class='ocrx_word' id='word_1_508' title='bbox 425 4703 463 4764; x_wconf 93' lang='lat' dir='ltr'><strong>ad</strong></span> <span class='ocrx_word' id='word_1_509' title='bbox 486 4703 648 4764; x_wconf 75' lang='lat' dir='ltr'><strong>comment.</strong></span> <span class='ocrx_word' id='word_1_510' title='bbox 673 4701 793 4763; x_wconf 88' lang='lat' dir='ltr'><strong>Martia:</strong></span> <span class='ocrx_word' id='word_1_511' title='bbox 830 4703 861 4782; x_wconf 86' lang='lat'><strong>1)</strong></span> <span class='ocrx_word' id='word_1_512' title='bbox 884 4703 915 4763; x_wconf 86' lang='lat' dir='ltr'><strong>Si</strong></span> <span class='ocrx_word' id='word_1_513' title='bbox 940 4703 998 4764; x_wconf 89' lang='lat' dir='ltr'><strong>due</strong></span> <span class='ocrx_word' id='word_1_514' title='bbox 1021 4703 1134 4781; x_wconf 89' lang='lat' dir='ltr'><strong>lapidee</strong></span> <span class='ocrx_word' id='word_1_515' title='bbox 1157 4703 1186 4760; x_wconf 93' lang='lat' dir='ltr'><strong>in</strong></span> <span class='ocrx_word' id='word_1_516' title='bbox 1210 4700 1311 4776; x_wconf 86' lang='lat' dir='ltr'><strong>aliquo</strong></span> <span class='ocrx_word' id='word_1_517' title='bbox 1333 4700 1399 4762; x_wconf 86' lang='lat' dir='ltr'><strong>loeo</strong></span> <span class='ocrx_word' id='word_1_518' title='bbox 1429 4705 1529 4764; x_wconf 90' lang='lat' dir='ltr'><strong>mundi</strong></span> 
     </span>
     <span class='ocr_line' id='line_1_50' title="bbox 182 4787 1529 4870; baseline 0 -18"><span class='ocrx_word' id='word_1_519' title='bbox 182 4791 393 4854; x_wconf 80' lang='lat' dir='ltr'><strong>collocarentur</strong></span> <span class='ocrx_word' id='word_1_520' title='bbox 424 4793 579 4870; x_wconf 88' lang='lat' dir='ltr'><strong>propinqui</strong></span> <span class='ocrx_word' id='word_1_521' title='bbox 608 4793 732 4850; x_wconf 85' lang='lat' dir='ltr'><strong>invicem</strong></span> <span class='ocrx_word' id='word_1_522' title='bbox 762 4798 844 4852; x_wconf 84' lang='lat' dir='ltr'><strong>extra</strong></span> <span class='ocrx_word' id='word_1_523' title='bbox 875 4792 973 4852; x_wconf 84' lang='lat' dir='ltr'><strong>orirenr</strong></span> <span class='ocrx_word' id='word_1_524' title='bbox 1002 4791 1117 4850; x_wconf 88' lang='lat' dir='ltr'><strong>virtutis</strong></span> <span class='ocrx_word' id='word_1_525' title='bbox 1145 4789 1222 4849; x_wconf 88' lang='lat' dir='ltr'><strong>tertii</strong></span> <span class='ocrx_word' id='word_1_526' title='bbox 1250 4787 1369 4864; x_wconf 76' lang='lat' dir='ltr'><strong>cognati</strong></span> <span class='ocrx_word' id='word_1_527' title='bbox 1391 4793 1529 4870; x_wconf 88' lang='lat' dir='ltr'><strong>eorporis,</strong></span> 
     </span>
    </p>
   </div>
   <div class='ocr_carea' id='block_1_5' title="bbox 183 4874 1532 4961">
    <p class='ocr_par' dir='ltr' id='par_1_8' title="bbox 183 4874 1532 4961">
     <span class='ocr_line' id='line_1_51' title="bbox 183 4874 1532 4961; baseline 0.001 -21"><span class='ocrx_word' id='word_1_528' title='bbox 183 4881 225 4942; x_wconf 90' lang='lat' dir='ltr'><strong>illi</strong></span> <span class='ocrx_word' id='word_1_529' title='bbox 245 4879 362 4961; x_wconf 86' lang='lat' dir='ltr'><strong>lapidee</strong></span> <span class='ocrx_word' id='word_1_530' title='bbox 386 4880 497 4941; x_wconf 83' lang='lat' dir='ltr'><strong>coirent</strong></span> <span class='ocrx_word' id='word_1_531' title='bbox 518 4879 586 4941; x_wconf 91' lang='lat' dir='ltr'><strong>loee</strong></span> <span class='ocrx_word' id='word_1_532' title='bbox 609 4878 794 4954; x_wconf 85' lang='lat' dir='ltr'><strong>intermedie,</strong></span> <span class='ocrx_word' id='word_1_533' title='bbox 819 4879 942 4957; x_wconf 88' lang='lat' dir='ltr'><strong>quilibet</strong></span> <span class='ocrx_word' id='word_1_534' title='bbox 965 4877 1107 4940; x_wconf 74' lang='lat' dir='ltr'><strong>accedeus</strong></span> <span class='ocrx_word' id='word_1_535' title='bbox 1128 4876 1166 4937; x_wconf 87' lang='lat' dir='ltr'><strong>ad</strong></span> <span class='ocrx_word' id='word_1_536' title='bbox 1189 4874 1313 4938; x_wconf 83' lang='lat' dir='ltr'><strong>alterurn</strong></span> <span class='ocrx_word' id='word_1_537' title='bbox 1334 4884 1417 4940; x_wconf 64' lang='lat' dir='ltr'><strong>uuio</strong></span> <span class='ocrx_word' id='word_1_538' title='bbox 1439 4881 1532 4942; x_wconf 90' lang='lat' dir='ltr'><strong>iuter·</strong></span> 
     </span>
    </p>
   </div>
   <div class='ocr_carea' id='block_1_6' title="bbox 0 0 1812 5538">
    <p class='ocr_par' dir='ltr' id='par_1_9' title="bbox 0 0 1812 5538">
     <span class='ocr_line' id='line_1_52' title="bbox 0 0 1812 5538; baseline 0 0"><span class='ocrx_word' id='word_1_539' title='bbox 0 0 1812 5538; x_wconf 95' lang='lat' dir='ltr'><strong> </strong></span> 
     </span>
    </p>
   </div>
  </div>
 </body>
</html>
