3516 5540
446 401 626 462 flammarlnur
644 387 1099 468 montemmaranum
1117 409 1190 469 XVI.
1443 413 1506 490 629

140 577 243 644 Verum
266 591 317 645 eat
342 588 425 647 iuter
448 596 487 652 cs
508 595 537 648 et
551 589 603 662 [l,
627 595 659 648 at
680 590 710 646 in
733 604 770 658 0(
792 608 829 658 00
848 592 915 667 ipsa
936 593 1074 668 aequatio
1090 592 1250 671 epicyolica
1269 594 1332 670 jum
1356 603 1400 655 est
1421 598 1507 673 peni·
1532 592 1537 604 “
1564 563 1572 584 ²

144 679 187 732 tua
208 673 364 749 absoluta,
388 677 420 734 in
436 677 485 750 Π,
510 680 564 736 etsi
587 676 728 737 distantia
743 673 785 760 Θ
801 697 819 738 a
838 678 877 753 Θ
900 696 952 755 per
968 673 1044 760 Μ’
1068 679 1166 740 deficit
1190 681 1236 741 vel
1261 680 1384 756 excedit,
1406 691 1506 746 tamen

147 761 198 820 hoa
218 761 293 820 nihil
318 763 425 837 elfloit,
459 779 525 822 eum
550 764 613 839 jam
644 766 672 822 in
694 765 766 844 jugo
790 770 881 825 simus
911 765 1037 843 eplcycli
1067 772 1207 828 menstrui
1231 776 1260 830 et
1282 771 1365 828 sinus
1394 773 1423 830 in
1447 772 1505 835 fine

151 849 318 926 quadrantis
341 867 401 910 non
425 857 574 912 mutentur
595 854 782 915 sensibiliter.
828 853 908 913 Inter
924 873 960 922 00
982 853 1034 927 U,
1058 871 1094 925 0(
1115 856 1151 930 []
1174 873 1270 933 panca
1291 857 1430 933 scrupula
1452 877 1505 920 aa·

149 936 251 997 eadunt
279 937 332 999 rel
355 938 519 1012 decedunt,
549 947 636 1016 prout
658 957 729 1002 vara
760 939 808 1001 vel
831 940 994 1018 epicyclica
1018 939 1158 1003 distantia
1175 943 1213 1020 Θ
1230 964 1248 1004 a
1263 939 1305 1026 Q)
1323 949 1505 1021 aequaveris.

149 1024 184 1084 Et
204 1042 271 1084 cum
294 1025 372 1085 alias
395 1029 424 1083 in
447 1027 504 1086 hoc
526 1030 584 1087 situ
607 1027 709 1103 aliqua
729 1028 868 1106 scrupula
883 1030 914 1088 in
929 1045 1025 1088 errore
1040 1032 1107 1105 sint,
1131 1030 1273 1092 haetenus
1288 1031 1418 1093 nondum
1434 1033 1505 1095 duri

149 1113 346 1174 neeesmrium
369 1110 574 1193 duqrdoioyerr.

251 1201 299 1261 De
322 1201 609 1278 tertia-objeotione.
651 1202 709 1262 Hic
730 1205 823 1279 primo
849 1203 1020 1263 variationis
1042 1202 1161 1266 libratio
1184 1207 1250 1283 ipsa
1275 1207 1503 1286 reprehenditur,

148 1287 277 1348 sacnndo
301 1288 508 1365 inaequalitas,
532 1292 618 1350 tertio
642 1289 780 1350 identitas
802 1290 866 1366 ejus
889 1293 918 1350 in
942 1289 1060 1351 diversa
1082 1292 1238 1354 altitudine
1253 1294 1355 1354 Lunae
1370 1313 1389 1355 a
1404 1296 1504 1360 Terra

147 1375 232 1435 Haec
261 1383 331 1435 sunt
359 1378 568 1437 contrariarum
592 1376 768 1453 qualitatum
792 1377 982 1454 objectiones.
1028 1379 1150 1455 Fateor,
1181 1381 1311 1442 noluisse
1334 1382 1505 1460 'Pythonem

147 1465 269 1523 minima
300 1466 389 1524 etiam
420 1467 525 1524 sectari
553 1472 583 1524 et
610 1466 719 1525 nodum
741 1469 771 1524 in
794 1467 891 1542 scirpo
923 1471 1126 1542 quaereratp),
1150 1468 1426 1548 eoncedendumque
1450 1479 1503 1548 est,

149 1553 174 1610 ai
196 1553 325 1610 variatio
348 1551 503 1614 mediocria
526 1561 571 1611 est
586 1555 648 1625 41‘,
672 1555 829 1612 maximam
851 1569 939 1629 posse
958 1570 1023 1612 esse
1040 1559 1102 1628 43¹,
1126 1558 1275 1616 minimam
1299 1561 1361 1631 39¹,
1386 1557 1504 1634 quando

150 1640 276 1699 variatio
299 1657 352 1715 per
374 1639 482 1698 circelli
505 1638 678 1698 diametrum
701 1643 877 1717 geometrice
901 1639 1123 1701 demonstratur.
1170 1643 1210 1703 At
1232 1646 1298 1721 ipsa
1319 1645 1437 1705 libratio
1453 1663 1504 1722 per

148 1743 181 1786 se
203 1728 351 1786 contemni
375 1743 561 1803 nequaquam
583 1730 688 1803 potuit,
713 1743 778 1786 curn
801 1730 840 1786 sit
856 1732 917 1801 41¹,
942 1745 1027 1804 quae·
1042 1731 1209 1791 observatio
1232 1731 1329 1809 prodit
1340 1737 1386 1808 (q).
1420 1733 1504 1795 Haeo

146 1813 247 1892 palma
270 1816 300 1872 in
322 1815 420 1874 madio
443 1822 497 1887 ast,
520 1813 668 1890 quomodo
692 1813 851 1892 simplicior
873 1815 1045 1894 hypothesis
1065 1816 1168 1878 haberi
1182 1821 1285 1895 possit,
1308 1837 1385 1897 quae
1401 1822 1506 1881 obser·

147 1903 321 1962 rationibus
343 1901 514 1962 satisfaciat.
560 1902 606 1962 De
629 1901 779 1980 inaequali
801 1910 884 1963 motu
906 1902 995 1980 bujus
1018 1902 1125 1965 ancelli
1148 1904 1214 1966 dico
1237 1907 1350 1984 eadem,
1374 1915 1451 1988 quaa
1466 1909 1505 1969 ad

147 1991 344 2067 objectionem
368 1989 527 2050 secundam
546 2001 585 2069 (r)-

252 2076 391 2154 Objectio
414 2085 528 2154 quarta.
567 2076 716 2137 Refreotio
739 2086 769 2137 et
790 2077 949 2155 parallaris
979 2079 1124 2139 habentur
1145 2095 1199 2158 pro
1222 2082 1432 2159 accidentibus,
1456 2101 1506 2146 re-

148 2167 331 2241 stringuntur
352 2167 430 2226 anim
453 2165 492 2225 ad
514 2172 608 2225 certos
631 2164 712 2226 locos
736 2166 765 2224 lu
788 2165 897 2226 mundo
921 2175 950 2226 et
966 2169 1046 2226 'situs
1060 2166 1164 2228 Lunae
1186 2186 1288 2230 versus
1311 2171 1503 2249 horizontem.

148 2253 184 2312 Et
205 2254 262 2312 tuit
284 2252 333 2312 hic
348 2253 452 2331 Tycha
472 2254 668 2326 cautissimus,
691 2255 785 2330 primo
808 2256 839 2312 in
861 2254 1035 2330 recipiendis
1051 2255 1317 2334 observationibus,
1341 2277 1377 2319 ar
1396 2261 1513 2336 quibus¹

146 2339 322 2417 hypothesis
346 2348 391 2401 est
414 2347 571 2414 susurrata,
594 2338 699 2400 deinde
722 2343 751 2398 in
776 2341 950 2402 calculanda
971 2349 1095 2418 utraque
1118 2343 1282 2408 affectione.
1326 2346 1427 2420 Miror,
1452 2365 1504 2408 cur

148 2427 203 2487 hoa
226 2426 270 2486 illi
295 2427 468 2502 objiciatur,
500 2445 565 2488 enm
597 2429 627 2486 in
659 2427 763 2488 iisdem
786 2428 895 2490 tabulis
918 2429 1083 2490 Lunaribus
1110 2430 1275 2492 habeantur
1295 2441 1453 2512 praecepta
1475 2443 1505 2497 et

147 2515 269 2576 abulae
289 2525 328 2583 u).
578 2519 584 2526 ·
1026 2511 1035 2520 “

252 2602 364 2678 Quinta
388 2603 526 2677 obJectio.
550 2595 632 2662 'Non
655 2608 734 2664 recta
756 2605 917 2664 instituitur
939 2605 1128 2682 computatio,
1142 2609 1328 2683 aequationis
1342 2609 1504 2688 marimaeq

147 2692 251 2752 crescit
275 2691 352 2751 enim
367 2692 396 2748 in
413 2690 450 2763 Π
468 2689 506 2765 Θ
524 2705 581 2750 non
604 2707 656 2766 per
678 2693 993 2768 appropinquationem
1016 2691 1189 2773 epicyclidl,
1217 2711 1294 2771 quae
1316 2712 1387 2756 sune
1410 2699 1506 2774 major

147 2779 210 2839 tert
232 2795 294 2839 non
316 2785 418 2854 posset
440 2795 528 2852 qnam
553 2775 588 2838 b⁰
612 2780 673 2851 13‘,
697 2778 749 2839 aed
772 2781 876 2839 crescit
897 2797 950 2856 per
972 2781 1188 2857 appositionem
1203 2781 1257 2841 ΑΒ
1281 2782 1414 2842 diametri
1438 2787 1504 2862 epi·

146 2866 222 2944 cycli
244 2865 285 2925 ad
307 2865 471 2927 ATerram
494 2865 531 2923 ad
555 2863 617 2939 GC,
641 2865 698 2926 Gn
721 2867 770 2926 vel
792 2866 843 2925 Bu
867 2865 1040 2928 diametrum
1061 2867 1185 2945 eplcycli
1208 2871 1238 2926 in
1261 2871 1513 2935 circumferentia.¹

147 2952 206 3014 Sed
229 2969 348 3026 moneo,
372 2953 463 3029 paulo
486 2951 596 3012 diutius
619 2960 649 3013 ts
666 2971 806 3016 ,exerceas
828 2955 858 3012 in
881 2955 1156 3034 comprehendenda
1169 2956 1319 3036 Typhonis
1335 2957 1502 3038 hypothesi,

146 3041 203 3100 hoc
225 3042 282 3100 tibi
304 3039 372 3116 plns
390 3039 528 3116 proderit,
551 3057 640 3117 quarn
655 3040 745 3118 longa
761 3043 826 3118 epi·

147 3129 235 3189 stola.
274 3127 402 3187 Tantum
417 3128 473 3187 hoc
488 3135 569 3201 tene,
596 3128 676 3204 qnod
697 3129 749 3189 iol.
773 3134 824 3190 0.5

144 3231 369 3293 nonexpresse,
391 3223 425 3274 nt
440 3214 550 3290 debuit,
566 3217 693 3292 ponitur,
717 3216 825 3278 lineam

150 3303 202 3363 AF
226 3320 264 3362 ex
287 3303 420 3363 lll'erra
442 3303 531 3381 perl*
548 3311 678 3364 centrum
702 3304 825 3383 eplcycli

147 3390 227 3468 apud
242 3389 365 3450 Tenem
387 3407 502 3467 semper
516 3407 633 3451 manera
653 3391 825 3468 parallelum

147 3477 245 3560 lineae
269 3477 414 3555 apsidum,
438 3485 468 3538 et
491 3495 556 3537 cum
580 3495 615 3538 ea
630 3481 685 3540 sub
703 3477 825 3540 zodiaco

146 3568 233 3626 anuis
257 3565 299 3648 84
323 3567 518 3639 circumireqr).
645 3567 650 3574 '

251 3651 320 3714 Hae
349 3653 467 3714 chartae
494 3660 621 3728 quatuor
645 3653 708 3729 jarn
732 3655 825 3731 septt-

146 3743 242 3801 manis
260 3739 418 3818 jacuerunt
447 3742 521 3800 inter
550 3747 649 3802 scruta
678 3759 745 3802 mea
767 3759 826 3802 nna

147 3846 213 3889 cum
235 3833 295 3888 tuis
317 3827 409 3888 literis
425 3827 625 3889 absconditae.
655 3828 825 3890 Numerum

149 3919 176 3974 iu
199 3915 422 3994 typographicis
445 3919 687 3993 occupatissimus
707 3925 736 3977 et
752 3932 825 3976 con·

148 4003 330 4078 tusbaimus,
365 4003 413 4064 vel
444 4005 533 4080 igitur
562 4003 680 4064 tandem
709 4011 825 4083 reperta

147 4093 242 4154 mitto.
287 4089 416 4151 Valeat
438 4109 486 4152 me
508 4093 635 4152 Domino
657 4091 809 4152 Prtetorio
832 4091 1013 4153 commenda.
1052 4091 1084 4152 Sl
1107 4089 1178 4168 qnid
1201 4091 1282 4170 quod
1305 4109 1412 4170 operae
1433 4107 1503 4168 pre-

149 4181 221 4239 tium
245 4179 300 4240 erit
322 4179 432 4238 dixisse
456 4179 558 4241 videor
578 4179 669 4256 ldque
692 4179 887 4256 explicatione
910 4179 1031 4240 clariore
1054 4171 1207 4255 indigebit,
1230 4183 1343 4258 patenti
1365 4180 1419 4239 tibi
1443 4178 1503 4240 alio

151 4273 280 4345 tempore
302 4284 362 4327 non
386 4267 549 4344 denegabo.
594 4267 708 4343 Pragae
731 4267 759 4327 d.
785 4274 834 4328 30.
858 4266 1019 4346 septembr.
1047 4273 1140 4327 1606.

254 4355 288 4418 P.
306 4355 337 4418 S.
361 4353 409 4414 su
430 4353 575 4428 B(ug.1at
598 4363 728 4415 centrum
751 4357 904 4416 eocentrici
927 4354 1022 4415 uvalis
1045 4355 1157 4428 Lunae,
1181 4353 1205 4414 (l
1227 4354 1389 4431 aequantia,
1414 4353 1440 4412 Α
1463 4355 1503 4413 slt

149 4439 239 4503 'ferra
252 4445 283 4502 in
306 4441 424 4521 copulis
439 4447 468 4502 et
483 4441 537 4500 AB
553 4444 761 4506 eccentrieitas.
790 4443 815 4503 ll
830 4445 869 4503 sit
883 4443 973 4504 Terra
988 4445 1018 4503 ln
1040 4442 1160 4533 qnqdris
1182 4449 1212 4502 et
1226 4441 1277 4500 ΕΒ
1292 4441 1502 4502 eccentricitas.

246 4687 274 4756 ι)
292 4680 541 4764 ,ιρῃιιηιίιιιιιιιιίοΙ
557 4681 672 4753 epicycli
689 4697 743 4738 non
758 4682 850 4750 datur,
869 4683 978 4753 quando
990 4683 1019 4738 in
1037 4681 1207 4740 conceutrico
1227 4679 1363 4808 spicarias
1375 4681 1508 4740 volvitur.¹

143 4756 196 4816 ded
213 4758 300 4828 dicta
320 4757 515 4812 enneantnous
533 4769 562 4808 ιιι
582 4759 610 4816 [l
632 4769 687 4810 non
705 4759 804 4826 manat,
823 4771 884 4812 cum
901 4754 937 4810 ait
956 4754 1016 4822 ejus
1033 4761 1155 4810 centrum
1173 4751 1200 4804 in
1213 4749 1256 4806 Bi

134 4831 229 4908 ''⁰⁶¹''
252 4829 409 4900 elongatur
426 4821 563 4894 ⁰Pi⁰l⁰¹¹1⁸
582 4823 617 4882 ab
635 4824 675 4908 A}
694 4823 770 4896 qua
788 4825 915 4914 aequatio
933 4825 1050 4898 maxima
1066 4823 1094 4879 in
1111 4819 1293 4914 turnacum,
1308 4767 1396 4810 erum,
1415 4759 1446 4836 ⁸⁸-
1462 4769 1503 4837 ⁸¹9
