<?xml version="1.0" encoding="UTF-8"?>
<!DOCTYPE html PUBLIC "-//W3C//DTD XHTML 1.0 Transitional//EN"
    "http://www.w3.org/TR/xhtml1/DTD/xhtml1-transitional.dtd">
<html xmlns="http://www.w3.org/1999/xhtml" xml:lang="en" lang="en">
 <head>
  <title>
</title>
<meta http-equiv="Content-Type" content="text/html;charset=utf-8" />
  <meta name='ocr-system' content='tesseract 3.04.00' />
  <meta name='ocr-capabilities' content='ocr_page ocr_carea ocr_par ocr_line ocrx_word'/>
</head>
<body>
  <div class='ocr_page' id='page_1' title='image "./joanniskepleria25frisgoog_0297.png"; bbox 0 0 3662 5544; ppageno 0'>
   <div class='ocr_carea' id='block_1_1' title="bbox 261 391 1070 492">
    <p class='ocr_par' dir='ltr' id='par_1_1' title="bbox 261 391 1070 492">
     <span class='ocr_line' id='line_1_1' title="bbox 261 391 1070 492; baseline 0.001 -15"><span class='ocrx_word' id='word_1_1' title='bbox 261 411 343 486; x_wconf 78' lang='grc'><strong>842·</strong></span> <span class='ocrx_word' id='word_1_2' title='bbox 736 417 800 478; x_wconf 77' lang='lat' dir='ltr'>viee</span> <span class='ocrx_word' id='word_1_3' title='bbox 816 391 932 478; x_wconf 66' lang='lat' dir='ltr'>loannis</span> <span class='ocrx_word' id='word_1_4' title='bbox 949 417 1070 492; x_wconf 80' lang='lat' dir='ltr'>Kepleri.</span> 
     </span>
    </p>
   </div>
   <div class='ocr_carea' id='block_1_2' title="bbox 259 597 1608 1997">
    <p class='ocr_par' dir='ltr' id='par_1_2' title="bbox 259 597 1608 1997">
     <span class='ocr_line' id='line_1_2' title="bbox 259 597 1605 682; baseline 0.005 -22"><span class='ocrx_word' id='word_1_5' title='bbox 259 597 336 660; x_wconf 88' lang='lat' dir='ltr'>hane</span> <span class='ocrx_word' id='word_1_6' title='bbox 358 598 516 662; x_wconf 74' lang='lat' dir='ltr'><strong>deformem</strong></span> <span class='ocrx_word' id='word_1_7' title='bbox 538 600 744 661; x_wconf 64' lang='lat' dir='ltr'>necemtatem</span> <span class='ocrx_word' id='word_1_8' title='bbox 773 607 878 679; x_wconf 87' lang='lat' dir='ltr'>sponte</span> <span class='ocrx_word' id='word_1_9' title='bbox 900 619 966 663; x_wconf 91' lang='lat' dir='ltr'>mea</span> <span class='ocrx_word' id='word_1_10' title='bbox 988 608 1218 680; x_wconf 90' lang='lat' dir='ltr'>praeverterem,</span> <span class='ocrx_word' id='word_1_11' title='bbox 1247 605 1373 682; x_wconf 89' lang='lat' dir='ltr'>primum</span> <span class='ocrx_word' id='word_1_12' title='bbox 1394 611 1484 682; x_wconf 82' lang='lat' dir='ltr'>atque</span> <span class='ocrx_word' id='word_1_13' title='bbox 1506 603 1605 667; x_wconf 88' lang='lat' dir='ltr'>literas</span> 
     </span>
     <span class='ocr_line' id='line_1_3' title="bbox 263 686 1607 770; baseline 0.007 -24"><span class='ocrx_word' id='word_1_14' title='bbox 263 686 376 763; x_wconf 85' lang='lat' dir='ltr'>Apellis</span> <span class='ocrx_word' id='word_1_15' title='bbox 398 691 500 766; x_wconf 86' lang='lat' dir='ltr'>tuique</span> <span class='ocrx_word' id='word_1_16' title='bbox 516 705 575 751; x_wconf 88' lang='lat' dir='ltr'>una</span> <span class='ocrx_word' id='word_1_17' title='bbox 597 687 650 748; x_wconf 89' lang='lat' dir='ltr'>lilii</span> <span class='ocrx_word' id='word_1_18' title='bbox 672 687 803 750; x_wconf 92' lang='lat' dir='ltr'>libellum</span> <span class='ocrx_word' id='word_1_19' title='bbox 828 693 876 763; x_wconf 85' lang='lat' dir='ltr'>(de</span> <span class='ocrx_word' id='word_1_20' title='bbox 898 693 1013 750; x_wconf 87' lang='lat' dir='ltr'>maculis</span> <span class='ocrx_word' id='word_1_21' title='bbox 1037 693 1184 764; x_wconf 80' lang='lat' dir='ltr'>sobribus)</span> <span class='ocrx_word' id='word_1_22' title='bbox 1212 689 1346 770; x_wconf 89' lang='lat' dir='ltr'>legerem.</span> <span class='ocrx_word' id='word_1_23' title='bbox 1385 691 1487 768; x_wconf 78' lang='lat' dir='ltr'>Quint</span> <span class='ocrx_word' id='word_1_24' title='bbox 1524 693 1607 755; x_wconf 80' lang='lat' dir='ltr'>&#39;leue</span> 
     </span>
     <span class='ocr_line' id='line_1_4' title="bbox 261 774 1606 857; baseline 0.007 -24"><span class='ocrx_word' id='word_1_25' title='bbox 261 775 386 836; x_wconf 84' lang='lat' dir='ltr'>fidiculis</span> <span class='ocrx_word' id='word_1_26' title='bbox 410 795 484 854; x_wconf 91' lang='lat' dir='ltr'>opus</span> <span class='ocrx_word' id='word_1_27' title='bbox 507 795 571 838; x_wconf 88' lang='lat' dir='ltr'>esse</span> <span class='ocrx_word' id='word_1_28' title='bbox 593 784 680 856; x_wconf 89' lang='lat' dir='ltr'>putas</span> <span class='ocrx_word' id='word_1_29' title='bbox 703 774 741 835; x_wconf 89' lang='lat' dir='ltr'>ad</span> <span class='ocrx_word' id='word_1_30' title='bbox 765 779 961 838; x_wconf 85' lang='lat' dir='ltr'>consessiones</span> <span class='ocrx_word' id='word_1_31' title='bbox 983 775 1032 838; x_wconf 91' lang='lat' dir='ltr'>hic</span> <span class='ocrx_word' id='word_1_32' title='bbox 1055 779 1271 855; x_wconf 84' lang='lat' dir='ltr'>extorquendas</span> <span class='ocrx_word' id='word_1_33' title='bbox 1294 783 1369 843; x_wconf 90' lang='lat' dir='ltr'>inter</span> <span class='ocrx_word' id='word_1_34' title='bbox 1391 797 1451 855; x_wconf 88' lang='lat' dir='ltr'>cos,</span> <span class='ocrx_word' id='word_1_35' title='bbox 1476 782 1524 857; x_wconf 90' lang='lat' dir='ltr'>qui</span> <span class='ocrx_word' id='word_1_36' title='bbox 1548 798 1606 842; x_wconf 91' lang='lat' dir='ltr'>non</span> 
     </span>
     <span class='ocr_line' id='line_1_5' title="bbox 260 864 1607 946; baseline 0.007 -25"><span class='ocrx_word' id='word_1_37' title='bbox 260 881 313 940; x_wconf 90' lang='lat' dir='ltr'>pro</span> <span class='ocrx_word' id='word_1_38' title='bbox 341 865 450 939; x_wconf 84' lang='lat' dir='ltr'>gioria,</span> <span class='ocrx_word' id='word_1_39' title='bbox 480 865 532 926; x_wconf 91' lang='lat' dir='ltr'>sed</span> <span class='ocrx_word' id='word_1_40' title='bbox 565 865 601 926; x_wconf 89' lang='lat' dir='ltr'>de</span> <span class='ocrx_word' id='word_1_41' title='bbox 625 867 747 926; x_wconf 90' lang='lat' dir='ltr'>veritate</span> <span class='ocrx_word' id='word_1_42' title='bbox 777 865 914 926; x_wconf 80' lang='lat' dir='ltr'>certanti</span> <span class='ocrx_word' id='word_1_43' title='bbox 950 864 1026 924; x_wconf 86' lang='lat' dir='ltr'>Nam</span> <span class='ocrx_word' id='word_1_44' title='bbox 1055 864 1133 942; x_wconf 89' lang='lat' dir='ltr'>quod</span> <span class='ocrx_word' id='word_1_45' title='bbox 1161 866 1311 942; x_wconf 74' lang='lat' dir='ltr'><strong>publicam</strong></span> <span class='ocrx_word' id='word_1_46' title='bbox 1338 867 1425 946; x_wconf 83' lang='lat' dir='ltr'>hujus</span> <span class='ocrx_word' id='word_1_47' title='bbox 1449 871 1607 946; x_wconf 77' lang='lat' dir='ltr'>agnitionis</span> 
     </span>
     <span class='ocr_line' id='line_1_6' title="bbox 260 951 1606 1034; baseline 0.005 -23"><span class='ocrx_word' id='word_1_48' title='bbox 260 952 502 1026; x_wconf 82' lang='lat' dir='ltr'>significationem</span> <span class='ocrx_word' id='word_1_49' title='bbox 525 971 583 1012; x_wconf 92' lang='lat' dir='ltr'>non</span> <span class='ocrx_word' id='word_1_50' title='bbox 607 951 684 1026; x_wconf 91' lang='lat' dir='ltr'>dedi,</span> <span class='ocrx_word' id='word_1_51' title='bbox 706 969 796 1012; x_wconf 88' lang='lat' dir='ltr'>causa</span> <span class='ocrx_word' id='word_1_52' title='bbox 819 962 864 1012; x_wconf 91' lang='lat' dir='ltr'>est</span> <span class='ocrx_word' id='word_1_53' title='bbox 887 955 956 1029; x_wconf 89' lang='lat' dir='ltr'>quia</span> <span class='ocrx_word' id='word_1_54' title='bbox 978 951 1060 1013; x_wconf 91' lang='lat' dir='ltr'>locus</span> <span class='ocrx_word' id='word_1_55' title='bbox 1083 952 1126 1012; x_wconf 94' lang='lat' dir='ltr'>illi</span> <span class='ocrx_word' id='word_1_56' title='bbox 1150 971 1208 1012; x_wconf 90' lang='lat' dir='ltr'>uon</span> <span class='ocrx_word' id='word_1_57' title='bbox 1230 955 1286 1017; x_wconf 90' lang='lat' dir='ltr'>luit</span> <span class='ocrx_word' id='word_1_58' title='bbox 1308 955 1385 1018; x_wconf 91' lang='lat' dir='ltr'>elius</span> <span class='ocrx_word' id='word_1_59' title='bbox 1400 959 1455 1016; x_wconf 92' lang='lat' dir='ltr'>nisi</span> <span class='ocrx_word' id='word_1_60' title='bbox 1472 957 1519 1016; x_wconf 90' lang='lat' dir='ltr'>hic</span> <span class='ocrx_word' id='word_1_61' title='bbox 1534 960 1606 1034; x_wconf 90' lang='lat' dir='ltr'>ipse.</span> 
     </span>
     <span class='ocr_line' id='line_1_7' title="bbox 263 1039 1607 1118; baseline 0.004 -20"><span class='ocrx_word' id='word_1_62' title='bbox 263 1039 380 1099; x_wconf 82' lang='lat' dir='ltr'>Librum</span> <span class='ocrx_word' id='word_1_63' title='bbox 403 1041 581 1117; x_wconf 77' lang='lat' dir='ltr'>peculiarem</span> <span class='ocrx_word' id='word_1_64' title='bbox 604 1039 661 1100; x_wconf 91' lang='lat' dir='ltr'>hoc</span> <span class='ocrx_word' id='word_1_65' title='bbox 684 1039 735 1100; x_wconf 89' lang='lat' dir='ltr'>vili</span> <span class='ocrx_word' id='word_1_66' title='bbox 757 1048 929 1117; x_wconf 85' lang='lat' dir='ltr'>argumento</span> <span class='ocrx_word' id='word_1_67' title='bbox 952 1042 1085 1114; x_wconf 90' lang='lat' dir='ltr'>scribere,</span> <span class='ocrx_word' id='word_1_68' title='bbox 1109 1040 1139 1100; x_wconf 92' lang='lat' dir='ltr'>id</span> <span class='ocrx_word' id='word_1_69' title='bbox 1161 1043 1215 1101; x_wconf 88' lang='lat' dir='ltr'>luit</span> <span class='ocrx_word' id='word_1_70' title='bbox 1239 1043 1376 1105; x_wconf 73' lang='lat' dir='ltr'>insanire.</span> <span class='ocrx_word' id='word_1_71' title='bbox 1396 1044 1529 1104; x_wconf 86' lang='lat' dir='ltr'>-Dum</span> <span class='ocrx_word' id='word_1_72' title='bbox 1553 1047 1607 1118; x_wconf 89' lang='lat' dir='ltr'>ais,</span> 
     </span>
     <span class='ocr_line' id='line_1_8' title="bbox 260 1123 1608 1208; baseline 0.004 -21"><span class='ocrx_word' id='word_1_73' title='bbox 260 1145 324 1188; x_wconf 89' lang='lat' dir='ltr'>esse</span> <span class='ocrx_word' id='word_1_74' title='bbox 347 1127 477 1207; x_wconf 77' lang='lat' dir='ltr'>lynceos,</span> <span class='ocrx_word' id='word_1_75' title='bbox 502 1132 552 1206; x_wconf 85' lang='lat' dir='ltr'>qui</span> <span class='ocrx_word' id='word_1_76' title='bbox 575 1129 706 1190; x_wconf 90' lang='lat' dir='ltr'>homines</span> <span class='ocrx_word' id='word_1_77' title='bbox 731 1135 760 1188; x_wconf 90' lang='lat' dir='ltr'>et</span> <span class='ocrx_word' id='word_1_78' title='bbox 782 1128 923 1188; x_wconf 84' lang='lat' dir='ltr'>animalia</span> <span class='ocrx_word' id='word_1_79' title='bbox 944 1123 973 1185; x_wconf 89' lang='lat' dir='ltr'>in</span> <span class='ocrx_word' id='word_1_80' title='bbox 994 1127 1096 1188; x_wconf 89' lang='lat' dir='ltr'>Lunae</span> <span class='ocrx_word' id='word_1_81' title='bbox 1118 1128 1209 1204; x_wconf 88' lang='lat' dir='ltr'>globo</span> <span class='ocrx_word' id='word_1_82' title='bbox 1233 1129 1339 1208; x_wconf 81' lang='lat' dir='ltr'>degere</span> <span class='ocrx_word' id='word_1_83' title='bbox 1362 1131 1513 1200; x_wconf 86' lang='lat' dir='ltr'>affirment,</span> <span class='ocrx_word' id='word_1_84' title='bbox 1538 1135 1608 1208; x_wconf 90' lang='lat' dir='ltr'>quia</span> 
     </span>
     <span class='ocr_line' id='line_1_9' title="bbox 261 1214 1608 1296; baseline 0.006 -23"><span class='ocrx_word' id='word_1_85' title='bbox 261 1214 375 1276; x_wconf 89' lang='lat' dir='ltr'>nulium</span> <span class='ocrx_word' id='word_1_86' title='bbox 397 1219 477 1292; x_wconf 87' lang='lat' dir='ltr'>novi,</span> <span class='ocrx_word' id='word_1_87' title='bbox 501 1220 550 1294; x_wconf 88' lang='lat' dir='ltr'>qui</span> <span class='ocrx_word' id='word_1_88' title='bbox 574 1217 630 1277; x_wconf 92' lang='lat' dir='ltr'>hoc</span> <span class='ocrx_word' id='word_1_89' title='bbox 652 1215 784 1289; x_wconf 89' lang='lat' dir='ltr'>aiflrmet,</span> <span class='ocrx_word' id='word_1_90' title='bbox 808 1233 862 1278; x_wconf 90' lang='lat' dir='ltr'>uec</span> <span class='ocrx_word' id='word_1_91' title='bbox 885 1217 973 1277; x_wconf 89' lang='lat' dir='ltr'>etiam</span> <span class='ocrx_word' id='word_1_92' title='bbox 996 1233 1032 1276; x_wconf 91' lang='lat' dir='ltr'>eo</span> <span class='ocrx_word' id='word_1_93' title='bbox 1054 1231 1149 1292; x_wconf 86' lang='lat' dir='ltr'>usquo</span> <span class='ocrx_word' id='word_1_94' title='bbox 1171 1233 1203 1278; x_wconf 89' lang='lat' dir='ltr'>ae</span> <span class='ocrx_word' id='word_1_95' title='bbox 1217 1220 1510 1296; x_wconf 85' lang='lat' dir='ltr'>porrigit-subtilitas</span> <span class='ocrx_word' id='word_1_96' title='bbox 1533 1218 1608 1281; x_wconf 90' lang='lat' dir='ltr'>tele-</span> 
     </span>
     <span class='ocr_line' id='line_1_10' title="bbox 260 1287 1607 1382; baseline 0.004 -21"><span class='ocrx_word' id='word_1_97' title='bbox 260 1305 364 1379; x_wconf 89' lang='lat' dir='ltr'>scopii,</span> <span class='ocrx_word' id='word_1_98' title='bbox 389 1305 458 1365; x_wconf 93' lang='lat' dir='ltr'>hinc</span> <span class='ocrx_word' id='word_1_99' title='bbox 479 1322 568 1382; x_wconf 85' lang='lat' dir='ltr'>cogor</span> <span class='ocrx_word' id='word_1_100' title='bbox 589 1306 730 1381; x_wconf 90' lang='lat' dir='ltr'>suspicari</span> <span class='ocrx_word' id='word_1_101' title='bbox 754 1306 934 1380; x_wconf 76' lang='lat' dir='ltr'>perstrictam</span> <span class='ocrx_word' id='word_1_102' title='bbox 958 1319 1021 1364; x_wconf 90' lang='lat' dir='ltr'>esse</span> <span class='ocrx_word' id='word_1_103' title='bbox 1038 1303 1279 1366; x_wconf 89' lang='lat' dir='ltr'>Dissertationem</span> <span class='ocrx_word' id='word_1_104' title='bbox 1296 1287 1390 1366; x_wconf 70' lang='lat' dir='ltr'>meam</span> <span class='ocrx_word' id='word_1_105' title='bbox 1413 1325 1479 1368; x_wconf 91' lang='lat' dir='ltr'>oum</span> <span class='ocrx_word' id='word_1_106' title='bbox 1494 1307 1607 1369; x_wconf 90' lang='lat' dir='ltr'>Nuncio</span> 
     </span>
     <span class='ocr_line' id='line_1_11' title="bbox 260 1389 1607 1470; baseline 0.003 -20"><span class='ocrx_word' id='word_1_107' title='bbox 260 1389 381 1452; x_wconf 85' lang='lat' dir='ltr'>Siderco</span> <span class='ocrx_word' id='word_1_108' title='bbox 404 1398 452 1464; x_wconf 80' lang='lat'>(11.</span> <span class='ocrx_word' id='word_1_109' title='bbox 471 1399 546 1466; x_wconf 79' lang='grc'><strong>497).</strong></span> <span class='ocrx_word' id='word_1_110' title='bbox 589 1393 680 1468; x_wconf 84' lang='lat' dir='ltr'>Atqui</span> <span class='ocrx_word' id='word_1_111' title='bbox 703 1409 760 1452; x_wconf 91' lang='lat' dir='ltr'>nou</span> <span class='ocrx_word' id='word_1_112' title='bbox 782 1391 944 1466; x_wconf 86' lang='lat' dir='ltr'>affirmavi,</span> <span class='ocrx_word' id='word_1_113' title='bbox 972 1408 1019 1451; x_wconf 90' lang='lat' dir='ltr'>me</span> <span class='ocrx_word' id='word_1_114' title='bbox 1042 1391 1113 1450; x_wconf 89' lang='lat' dir='ltr'>talio</span> <span class='ocrx_word' id='word_1_115' title='bbox 1143 1389 1242 1452; x_wconf 89' lang='lat' dir='ltr'>ridere</span> <span class='ocrx_word' id='word_1_116' title='bbox 1270 1397 1397 1468; x_wconf 90' lang='lat' dir='ltr'>minuta,</span> <span class='ocrx_word' id='word_1_117' title='bbox 1428 1395 1480 1455; x_wconf 91' lang='lat' dir='ltr'>scd</span> <span class='ocrx_word' id='word_1_118' title='bbox 1503 1413 1537 1455; x_wconf 84' lang='lat' dir='ltr'>ex</span> <span class='ocrx_word' id='word_1_119' title='bbox 1561 1397 1607 1470; x_wconf 88' lang='lat' dir='ltr'>iis,</span> 
     </span>
     <span class='ocr_line' id='line_1_12' title="bbox 261 1479 1607 1558; baseline 0.003 -22"><span class='ocrx_word' id='word_1_120' title='bbox 261 1495 337 1554; x_wconf 90' lang='lat' dir='ltr'>quae</span> <span class='ocrx_word' id='word_1_121' title='bbox 360 1480 421 1541; x_wconf 92' lang='lat' dir='ltr'>vidi</span> <span class='ocrx_word' id='word_1_122' title='bbox 444 1482 609 1558; x_wconf 84' lang='lat' dir='ltr'>majuscula</span> <span class='ocrx_word' id='word_1_123' title='bbox 630 1497 709 1554; x_wconf 89' lang='lat' dir='ltr'>sane,</span> <span class='ocrx_word' id='word_1_124' title='bbox 733 1481 909 1556; x_wconf 91' lang='lat' dir='ltr'>comparatis</span> <span class='ocrx_word' id='word_1_125' title='bbox 931 1497 998 1540; x_wconf 92' lang='lat' dir='ltr'>cum</span> <span class='ocrx_word' id='word_1_126' title='bbox 1021 1481 1066 1550; x_wconf 92' lang='lat' dir='ltr'>iis,</span> <span class='ocrx_word' id='word_1_127' title='bbox 1090 1495 1166 1554; x_wconf 89' lang='lat' dir='ltr'>quas</span> <span class='ocrx_word' id='word_1_128' title='bbox 1188 1479 1235 1540; x_wconf 90' lang='lat' dir='ltr'>hic</span> <span class='ocrx_word' id='word_1_129' title='bbox 1259 1482 1288 1540; x_wconf 91' lang='lat' dir='ltr'>in</span> <span class='ocrx_word' id='word_1_130' title='bbox 1303 1482 1399 1542; x_wconf 81' lang='lat' dir='ltr'>Terris</span> <span class='ocrx_word' id='word_1_131' title='bbox 1421 1482 1495 1542; x_wconf 88' lang='lat' dir='ltr'>liunt</span> <span class='ocrx_word' id='word_1_132' title='bbox 1509 1485 1607 1542; x_wconf 90' lang='lat' dir='ltr'>minu·</span> 
     </span>
     <span class='ocr_line' id='line_1_13' title="bbox 261 1564 1604 1648; baseline 0.003 -23"><span class='ocrx_word' id='word_1_133' title='bbox 261 1567 384 1642; x_wconf 86' lang='lat' dir='ltr'>tissima,</span> <span class='ocrx_word' id='word_1_134' title='bbox 407 1569 534 1631; x_wconf 76' lang='lat' dir='ltr'>audacie</span> <span class='ocrx_word' id='word_1_135' title='bbox 554 1577 653 1632; x_wconf 85' lang='lat' dir='ltr'>sumta</span> <span class='ocrx_word' id='word_1_136' title='bbox 673 1564 867 1628; x_wconf 89' lang='lat' dir='ltr'>ratiocinandi</span> <span class='ocrx_word' id='word_1_137' title='bbox 891 1567 1024 1643; x_wconf 80' lang='lat' dir='ltr'>quaesiui</span> <span class='ocrx_word' id='word_1_138' title='bbox 1039 1565 1103 1643; x_wconf 76' lang='lat' dir='ltr'>¹joci</span> <span class='ocrx_word' id='word_1_139' title='bbox 1127 1566 1255 1628; x_wconf 91' lang='lat' dir='ltr'>liberalis</span> <span class='ocrx_word' id='word_1_140' title='bbox 1278 1577 1308 1630; x_wconf 91' lang='lat' dir='ltr'>et</span> <span class='ocrx_word' id='word_1_141' title='bbox 1329 1569 1525 1648; x_wconf 80' lang='lat' dir='ltr'>philosophici</span> <span class='ocrx_word' id='word_1_142' title='bbox 1550 1586 1604 1630; x_wconf 86' lang='lat' dir='ltr'>oc·</span> 
     </span>
     <span class='ocr_line' id='line_1_14' title="bbox 261 1653 1606 1736; baseline 0.004 -24"><span class='ocrx_word' id='word_1_143' title='bbox 261 1656 418 1728; x_wconf 77' lang='lat' dir='ltr'>arsionum,</span> <span class='ocrx_word' id='word_1_144' title='bbox 441 1665 475 1718; x_wconf 90' lang='lat' dir='ltr'>ut</span> <span class='ocrx_word' id='word_1_145' title='bbox 495 1658 697 1734; x_wconf 82' lang='lat' dir='ltr'>praedixeram</span> <span class='ocrx_word' id='word_1_146' title='bbox 720 1659 749 1715; x_wconf 92' lang='lat' dir='ltr'>iu</span> <span class='ocrx_word' id='word_1_147' title='bbox 765 1655 953 1732; x_wconf 86' lang='lat' dir='ltr'>praelatione.</span> <span class='ocrx_word' id='word_1_148' title='bbox 990 1653 1124 1715; x_wconf 84' lang='lat' dir='ltr'>Maeuiae</span> <span class='ocrx_word' id='word_1_149' title='bbox 1138 1654 1250 1715; x_wconf 84' lang='lat' dir='ltr'>Solisa</span> <span class='ocrx_word' id='word_1_150' title='bbox 1269 1655 1331 1716; x_wconf 89' lang='lat' dir='ltr'>lilio</span> <span class='ocrx_word' id='word_1_151' title='bbox 1353 1667 1404 1717; x_wconf 95' lang='lat' dir='ltr'>tuo</span> <span class='ocrx_word' id='word_1_152' title='bbox 1427 1656 1513 1736; x_wconf 89' lang='lat' dir='ltr'>louge</span> <span class='ocrx_word' id='word_1_153' title='bbox 1537 1665 1606 1718; x_wconf 87' lang='lat' dir='ltr'>ante</span> 
     </span>
     <span class='ocr_line' id='line_1_15' title="bbox 260 1740 1608 1821; baseline 0.001 -19"><span class='ocrx_word' id='word_1_154' title='bbox 260 1740 395 1820; x_wconf 79' lang='lat' dir='ltr'>Apellam</span> <span class='ocrx_word' id='word_1_155' title='bbox 424 1747 518 1818; x_wconf 90' lang='lat' dir='ltr'>visas,</span> <span class='ocrx_word' id='word_1_156' title='bbox 542 1747 566 1805; x_wconf 89' lang='lat' dir='ltr'>si</span> <span class='ocrx_word' id='word_1_157' title='bbox 590 1744 691 1805; x_wconf 92' lang='lat' dir='ltr'>hurum</span> <span class='ocrx_word' id='word_1_158' title='bbox 715 1742 906 1804; x_wconf 76' lang='lat' dir='ltr'>vindiciarum</span> <span class='ocrx_word' id='word_1_159' title='bbox 929 1745 1055 1818; x_wconf 78' lang='lat' dir='ltr'>satagh,</span> <span class='ocrx_word' id='word_1_160' title='bbox 1082 1751 1112 1802; x_wconf 90' lang='lat' dir='ltr'>ot</span> <span class='ocrx_word' id='word_1_161' title='bbox 1138 1751 1263 1803; x_wconf 90' lang='lat' dir='ltr'>testatus</span> <span class='ocrx_word' id='word_1_162' title='bbox 1284 1762 1349 1804; x_wconf 91' lang='lat' dir='ltr'>sum</span> <span class='ocrx_word' id='word_1_163' title='bbox 1372 1745 1484 1821; x_wconf 85' lang='lat' dir='ltr'>Pragac</span> <span class='ocrx_word' id='word_1_164' title='bbox 1508 1747 1608 1804; x_wconf 91' lang='lat' dir='ltr'>multis</span> 
     </span>
     <span class='ocr_line' id='line_1_16' title="bbox 261 1829 1607 1904; baseline 0.004 -17"><span class='ocrx_word' id='word_1_165' title='bbox 261 1837 291 1888; x_wconf 88' lang='lat' dir='ltr'>et</span> <span class='ocrx_word' id='word_1_166' title='bbox 318 1837 409 1892; x_wconf 82' lang='lat' dir='ltr'>testor</span> <span class='ocrx_word' id='word_1_167' title='bbox 437 1835 605 1894; x_wconf 85' lang='lat' dir='ltr'>etiamnum.</span> <span class='ocrx_word' id='word_1_168' title='bbox 645 1835 696 1890; x_wconf 80' lang='lat' dir='ltr'>iiis</span> <span class='ocrx_word' id='word_1_169' title='bbox 707 1835 805 1892; x_wconf 91' lang='lat' dir='ltr'>iterum</span> <span class='ocrx_word' id='word_1_170' title='bbox 815 1829 913 1904; x_wconf 84' lang='lat' dir='ltr'>jocans</span> <span class='ocrx_word' id='word_1_171' title='bbox 925 1833 1001 1890; x_wconf 86' lang='lat' dir='ltr'>addit</span> <span class='ocrx_word' id='word_1_172' title='bbox 1017 1833 1158 1904; x_wconf 84' lang='lat' dir='ltr'>Kepierua,</span> <span class='ocrx_word' id='word_1_173' title='bbox 1176 1833 1284 1890; x_wconf 84' lang='lat' dir='ltr'>radians</span> <span class='ocrx_word' id='word_1_174' title='bbox 1296 1836 1332 1892; x_wconf 85' lang='lat' dir='ltr'>ad</span> <span class='ocrx_word' id='word_1_175' title='bbox 1344 1851 1463 1892; x_wconf 86' lang='lat' dir='ltr'>errorem</span> <span class='ocrx_word' id='word_1_176' title='bbox 1476 1853 1553 1894; x_wconf 89' lang='lat' dir='ltr'>suum</span> <span class='ocrx_word' id='word_1_177' title='bbox 1573 1837 1607 1892; x_wconf 87' lang='lat' dir='ltr'>de</span> 
     </span>
     <span class='ocr_line' id='line_1_17' title="bbox 261 1917 1608 1997; baseline 0.006 -24"><span class='ocrx_word' id='word_1_178' title='bbox 261 1920 397 1979; x_wconf 82' lang='lat' dir='ltr'>Mercurio</span> <span class='ocrx_word' id='word_1_179' title='bbox 415 1923 473 1979; x_wconf 90' lang='lat' dir='ltr'>viso</span> <span class='ocrx_word' id='word_1_180' title='bbox 496 1924 523 1979; x_wconf 89' lang='lat' dir='ltr'>in</span> <span class='ocrx_word' id='word_1_181' title='bbox 547 1925 626 1982; x_wconf 82' lang='lat' dir='ltr'>Sole:</span> <span class='ocrx_word' id='word_1_182' title='bbox 650 1920 739 1980; x_wconf 87' lang='lat' dir='ltr'>ctiam</span> <span class='ocrx_word' id='word_1_183' title='bbox 761 1918 839 1978; x_wconf 90' lang='lat' dir='ltr'>iilius</span> <span class='ocrx_word' id='word_1_184' title='bbox 855 1926 922 1978; x_wconf 89' lang='lat' dir='ltr'>tuus</span> <span class='ocrx_word' id='word_1_185' title='bbox 936 1933 1022 1978; x_wconf 89' lang='lat' dir='ltr'>suum</span> <span class='ocrx_word' id='word_1_186' title='bbox 1037 1917 1108 1978; x_wconf 88' lang='lat' dir='ltr'>mibi</span> <span class='ocrx_word' id='word_1_187' title='bbox 1126 1917 1213 1979; x_wconf 88' lang='lat' dir='ltr'>cedat</span> <span class='ocrx_word' id='word_1_188' title='bbox 1226 1919 1421 1994; x_wconf 88' lang='lat' dir='ltr'>honorarium,</span> <span class='ocrx_word' id='word_1_189' title='bbox 1445 1923 1514 1997; x_wconf 90' lang='lat' dir='ltr'>quia</span> <span class='ocrx_word' id='word_1_190' title='bbox 1530 1921 1608 1982; x_wconf 82' lang='lat' dir='ltr'>Solia</span> 
     </span>
    </p>
   </div>
   <div class='ocr_carea' id='block_1_3' title="bbox 164 2004 1608 2085">
    <p class='ocr_par' dir='ltr' id='par_1_3' title="bbox 164 2004 1608 2085">
     <span class='ocr_line' id='line_1_18' title="bbox 164 2004 1608 2085; baseline 0.002 -21"><span class='ocrx_word' id='word_1_191' title='bbox 164 2034 167 2040; x_wconf 93' lang='lat'>·</span> <span class='ocrx_word' id='word_1_192' title='bbox 262 2005 392 2078; x_wconf 82' lang='lat' dir='ltr'>maculas</span> <span class='ocrx_word' id='word_1_193' title='bbox 414 2010 494 2084; x_wconf 91' lang='lat' dir='ltr'>prior</span> <span class='ocrx_word' id='word_1_194' title='bbox 516 2011 579 2084; x_wconf 88' lang='lat' dir='ltr'>ipso</span> <span class='ocrx_word' id='word_1_195' title='bbox 603 2007 699 2068; x_wconf 87' lang='lat' dir='ltr'>detexi</span> <span class='ocrx_word' id='word_1_196' title='bbox 722 2006 811 2083; x_wconf 90' lang='lat' dir='ltr'>idque</span> <span class='ocrx_word' id='word_1_197' title='bbox 833 2013 901 2066; x_wconf 90' lang='lat' dir='ltr'>aute</span> <span class='ocrx_word' id='word_1_198' title='bbox 925 2007 1076 2066; x_wconf 86' lang='lat' dir='ltr'>inventum</span> <span class='ocrx_word' id='word_1_199' title='bbox 1098 2004 1288 2084; x_wconf 89' lang='lat' dir='ltr'>telescopium</span> <span class='ocrx_word' id='word_1_200' title='bbox 1304 2006 1463 2084; x_wconf 71' lang='lat' dir='ltr'>belgicum,</span> <span class='ocrx_word' id='word_1_201' title='bbox 1488 2017 1520 2068; x_wconf 87' lang='lat' dir='ltr'>ut</span> <span class='ocrx_word' id='word_1_202' title='bbox 1540 2011 1608 2085; x_wconf 90' lang='lat' dir='ltr'>qni·</span> 
     </span>
    </p>
   </div>
   <div class='ocr_carea' id='block_1_4' title="bbox 260 2091 1608 2172">
    <p class='ocr_par' dir='ltr' id='par_1_4' title="bbox 260 2091 1608 2172">
     <span class='ocr_line' id='line_1_19' title="bbox 260 2091 1608 2172; baseline 0.006 -21"><span class='ocrx_word' id='word_1_203' title='bbox 260 2092 325 2152; x_wconf 90' lang='lat' dir='ltr'>dem</span> <span class='ocrx_word' id='word_1_204' title='bbox 348 2097 457 2171; x_wconf 90' lang='lat' dir='ltr'>passim</span> <span class='ocrx_word' id='word_1_205' title='bbox 480 2099 509 2155; x_wconf 94' lang='lat' dir='ltr'>in</span> <span class='ocrx_word' id='word_1_206' title='bbox 533 2095 661 2156; x_wconf 92' lang='lat' dir='ltr'>delubris</span> <span class='ocrx_word' id='word_1_207' title='bbox 684 2095 804 2154; x_wconf 91' lang='lat' dir='ltr'>obvium</span> <span class='ocrx_word' id='word_1_208' title='bbox 828 2101 872 2154; x_wconf 87' lang='lat' dir='ltr'>est</span> <span class='ocrx_word' id='word_1_209' title='bbox 894 2092 1051 2154; x_wconf 87' lang='lat' dir='ltr'>observare</span> <span class='ocrx_word' id='word_1_210' title='bbox 1074 2091 1128 2152; x_wconf 88' lang='lat' dir='ltr'>has</span> <span class='ocrx_word' id='word_1_211' title='bbox 1148 2093 1226 2154; x_wconf 88' lang='lat' dir='ltr'>Solis</span> <span class='ocrx_word' id='word_1_212' title='bbox 1249 2093 1388 2167; x_wconf 87' lang='lat' dir='ltr'>maculas,</span> <span class='ocrx_word' id='word_1_213' title='bbox 1412 2095 1492 2172; x_wconf 85' lang='lat' dir='ltr'>quod</span> <span class='ocrx_word' id='word_1_214' title='bbox 1507 2096 1608 2160; x_wconf 67' lang='lat' dir='ltr'>Ratiss</span> 
     </span>
    </p>
   </div>
   <div class='ocr_carea' id='block_1_5' title="bbox 261 2165 1719 2262">
    <p class='ocr_par' dir='ltr' id='par_1_5' title="bbox 261 2165 1719 2262">
     <span class='ocr_line' id='line_1_20' title="bbox 261 2165 1719 2262; baseline 0 -21"><span class='ocrx_word' id='word_1_215' title='bbox 261 2180 355 2242; x_wconf 89' lang='lat' dir='ltr'>bonae</span> <span class='ocrx_word' id='word_1_216' title='bbox 379 2185 407 2242; x_wconf 89' lang='lat' dir='ltr'>iu</span> <span class='ocrx_word' id='word_1_217' title='bbox 430 2165 540 2262; x_wconf 80' lang='lat' dir='ltr'>templo</span> <span class='ocrx_word' id='word_1_218' title='bbox 562 2181 722 2244; x_wconf 86' lang='lat' dir='ltr'>cathedrali</span> <span class='ocrx_word' id='word_1_219' title='bbox 745 2199 822 2242; x_wconf 92' lang='lat' dir='ltr'>anno</span> <span class='ocrx_word' id='word_1_220' title='bbox 849 2187 942 2242; x_wconf 83' lang='lat' dir='ltr'>tutu.</span> <span class='ocrx_word' id='word_1_221' title='bbox 967 2179 1066 2240; x_wconf 91' lang='lat' dir='ltr'>multis</span> <span class='ocrx_word' id='word_1_222' title='bbox 1090 2181 1215 2242; x_wconf 89' lang='lat' dir='ltr'>ostendi.</span> <span class='ocrx_word' id='word_1_223' title='bbox 1242 2215 1280 2226; x_wconf 89' lang='lat'>—</span> <span class='ocrx_word' id='word_1_224' title='bbox 1306 2180 1392 2258; x_wconf 87' lang='lat' dir='ltr'>Quod</span> <span class='ocrx_word' id='word_1_225' title='bbox 1415 2183 1534 2258; x_wconf 85' lang='lat' dir='ltr'>Metius,</span> <span class='ocrx_word' id='word_1_226' title='bbox 1557 2186 1606 2241; x_wconf 87' lang='lat' dir='ltr'>in·</span> <span class='ocrx_word' id='word_1_227' title='bbox 1714 2203 1719 2218; x_wconf 73' lang='lat'><strong><em>¹</em></strong></span> 
     </span>
    </p>
   </div>
   <div class='ocr_carea' id='block_1_6' title="bbox 226 2267 1665 4976">
    <p class='ocr_par' dir='ltr' id='par_1_6' title="bbox 226 2267 1609 3924">
     <span class='ocr_line' id='line_1_21' title="bbox 226 2267 1608 2350; baseline 0.005 -26"><span class='ocrx_word' id='word_1_228' title='bbox 226 2307 228 2314; x_wconf 28' lang='grc' dir='ltr'><strong>ι</strong></span> <span class='ocrx_word' id='word_1_229' title='bbox 261 2276 364 2328; x_wconf 90' lang='lat' dir='ltr'>ventor</span> <span class='ocrx_word' id='word_1_230' title='bbox 386 2269 547 2350; x_wconf 89' lang='lat' dir='ltr'>telescopii,</span> <span class='ocrx_word' id='word_1_231' title='bbox 570 2271 723 2349; x_wconf 89' lang='lat' dir='ltr'>pollicetur</span> <span class='ocrx_word' id='word_1_232' title='bbox 745 2271 976 2342; x_wconf 82' lang='lat' dir='ltr'>instrumentum,</span> <span class='ocrx_word' id='word_1_233' title='bbox 1000 2285 1058 2344; x_wconf 89' lang='lat' dir='ltr'>quo</span> <span class='ocrx_word' id='word_1_234' title='bbox 1081 2267 1181 2328; x_wconf 89' lang='lat' dir='ltr'>literas</span> <span class='ocrx_word' id='word_1_235' title='bbox 1204 2287 1239 2330; x_wconf 86' lang='lat' dir='ltr'>ex</span> <span class='ocrx_word' id='word_1_236' title='bbox 1255 2269 1408 2332; x_wconf 86' lang='lat' dir='ltr'>intervallo</span> <span class='ocrx_word' id='word_1_237' title='bbox 1431 2274 1516 2330; x_wconf 92' lang='lat' dir='ltr'>trium</span> <span class='ocrx_word' id='word_1_238' title='bbox 1539 2272 1608 2332; x_wconf 90' lang='lat' dir='ltr'>mil-</span> 
     </span>
     <span class='ocr_line' id='line_1_22' title="bbox 258 2354 1609 2436; baseline 0.005 -23"><span class='ocrx_word' id='word_1_239' title='bbox 258 2354 375 2420; x_wconf 89' lang='lat' dir='ltr'>liarium</span> <span class='ocrx_word' id='word_1_240' title='bbox 396 2358 495 2435; x_wconf 87' lang='lat' dir='ltr'>legere</span> <span class='ocrx_word' id='word_1_241' title='bbox 518 2361 635 2436; x_wconf 81' lang='lat' dir='ltr'>possis,</span> <span class='ocrx_word' id='word_1_242' title='bbox 662 2357 692 2416; x_wconf 91' lang='lat' dir='ltr'>id</span> <span class='ocrx_word' id='word_1_243' title='bbox 714 2355 866 2433; x_wconf 88' lang='lat' dir='ltr'>pulchrum</span> <span class='ocrx_word' id='word_1_244' title='bbox 889 2373 978 2428; x_wconf 90' lang='lat' dir='ltr'>ausu,</span> <span class='ocrx_word' id='word_1_245' title='bbox 1007 2356 1188 2432; x_wconf 89' lang='lat' dir='ltr'>impossibile</span> <span class='ocrx_word' id='word_1_246' title='bbox 1218 2357 1296 2418; x_wconf 88' lang='lat' dir='ltr'>iactu</span> <span class='ocrx_word' id='word_1_247' title='bbox 1318 2367 1399 2434; x_wconf 88' lang='lat' dir='ltr'>puto.</span> <span class='ocrx_word' id='word_1_248' title='bbox 1444 2358 1509 2419; x_wconf 90' lang='lat' dir='ltr'>Non</span> <span class='ocrx_word' id='word_1_249' title='bbox 1533 2358 1609 2420; x_wconf 82' lang='lat' dir='ltr'>vidit</span> 
     </span>
     <span class='ocr_line' id='line_1_23' title="bbox 259 2441 1608 2524; baseline 0.002 -20"><span class='ocrx_word' id='word_1_250' title='bbox 259 2443 347 2504; x_wconf 91' lang='lat' dir='ltr'>homo</span> <span class='ocrx_word' id='word_1_251' title='bbox 370 2453 421 2506; x_wconf 89' lang='lat' dir='ltr'>aut</span> <span class='ocrx_word' id='word_1_252' title='bbox 445 2463 503 2507; x_wconf 92' lang='lat' dir='ltr'>non</span> <span class='ocrx_word' id='word_1_253' title='bbox 531 2447 661 2524; x_wconf 90' lang='lat' dir='ltr'>percepit</span> <span class='ocrx_word' id='word_1_254' title='bbox 691 2444 952 2506; x_wconf 87' lang='lat' dir='ltr'>demonstrationes</span> <span class='ocrx_word' id='word_1_255' title='bbox 975 2462 993 2502; x_wconf 88' lang='lat' dir='ltr'>a</span> <span class='ocrx_word' id='word_1_256' title='bbox 1015 2461 1062 2504; x_wconf 90' lang='lat' dir='ltr'>me</span> <span class='ocrx_word' id='word_1_257' title='bbox 1085 2444 1226 2521; x_wconf 91' lang='lat' dir='ltr'>proditas.</span> <span class='ocrx_word' id='word_1_258' title='bbox 1271 2441 1409 2506; x_wconf 91' lang='lat' dir='ltr'>Uncialea</span> <span class='ocrx_word' id='word_1_259' title='bbox 1436 2445 1536 2507; x_wconf 89' lang='lat' dir='ltr'>literas</span> <span class='ocrx_word' id='word_1_260' title='bbox 1558 2463 1608 2508; x_wconf 88' lang='lat' dir='ltr'>re·</span> 
     </span>
     <span class='ocr_line' id='line_1_24' title="bbox 258 2530 1606 2610; baseline 0.003 -20"><span class='ocrx_word' id='word_1_261' title='bbox 258 2541 414 2608; x_wconf 87' lang='lat' dir='ltr'>praesento</span> <span class='ocrx_word' id='word_1_262' title='bbox 437 2534 532 2608; x_wconf 81' lang='lat' dir='ltr'>facile,</span> <span class='ocrx_word' id='word_1_263' title='bbox 556 2534 608 2594; x_wconf 91' lang='lat' dir='ltr'>scd</span> <span class='ocrx_word' id='word_1_264' title='bbox 631 2532 706 2606; x_wconf 87' lang='lat' dir='ltr'>illas,</span> <span class='ocrx_word' id='word_1_265' title='bbox 732 2550 808 2610; x_wconf 87' lang='lat' dir='ltr'>quae</span> <span class='ocrx_word' id='word_1_266' title='bbox 830 2549 888 2592; x_wconf 92' lang='lat' dir='ltr'>uon</span> <span class='ocrx_word' id='word_1_267' title='bbox 912 2530 1021 2592; x_wconf 89' lang='lat' dir='ltr'>distant</span> <span class='ocrx_word' id='word_1_268' title='bbox 1042 2531 1135 2592; x_wconf 89' lang='lat' dir='ltr'>multe</span> <span class='ocrx_word' id='word_1_269' title='bbox 1158 2531 1224 2608; x_wconf 90' lang='lat' dir='ltr'>plus</span> <span class='ocrx_word' id='word_1_270' title='bbox 1246 2550 1265 2591; x_wconf 88' lang='lat' dir='ltr'>a</span> <span class='ocrx_word' id='word_1_271' title='bbox 1289 2533 1363 2593; x_wconf 87' lang='lat' dir='ltr'>vitro</span> <span class='ocrx_word' id='word_1_272' title='bbox 1387 2550 1475 2609; x_wconf 87' lang='lat' dir='ltr'>quam</span> <span class='ocrx_word' id='word_1_273' title='bbox 1498 2535 1606 2594; x_wconf 91' lang='lat' dir='ltr'>vitrum</span> 
     </span>
     <span class='ocr_line' id='line_1_25' title="bbox 259 2618 1606 2699; baseline 0.003 -21"><span class='ocrx_word' id='word_1_274' title='bbox 259 2620 297 2680; x_wconf 88' lang='lat' dir='ltr'>ab</span> <span class='ocrx_word' id='word_1_275' title='bbox 320 2620 406 2682; x_wconf 92' lang='lat' dir='ltr'>oculo</span> <span class='ocrx_word' id='word_1_276' title='bbox 409 2663 515 2696; x_wconf 88' lang='lat'>.....</span> <span class='ocrx_word' id='word_1_277' title='bbox 559 2622 640 2699; x_wconf 84' lang='lat' dir='ltr'>hago</span> <span class='ocrx_word' id='word_1_278' title='bbox 670 2629 767 2681; x_wconf 88' lang='lat' dir='ltr'>tamen</span> <span class='ocrx_word' id='word_1_279' title='bbox 798 2627 828 2682; x_wconf 88' lang='lat' dir='ltr'>et</span> <span class='ocrx_word' id='word_1_280' title='bbox 850 2621 913 2696; x_wconf 93' lang='lat' dir='ltr'>ipse</span> <span class='ocrx_word' id='word_1_281' title='bbox 940 2619 1041 2679; x_wconf 89' lang='lat' dir='ltr'>literas</span> <span class='ocrx_word' id='word_1_282' title='bbox 1070 2635 1105 2679; x_wconf 87' lang='lat' dir='ltr'>ex</span> <span class='ocrx_word' id='word_1_283' title='bbox 1138 2618 1291 2680; x_wconf 88' lang='lat' dir='ltr'>intervallo</span> <span class='ocrx_word' id='word_1_284' title='bbox 1322 2622 1408 2680; x_wconf 90' lang='lat' dir='ltr'>trium</span> <span class='ocrx_word' id='word_1_285' title='bbox 1430 2621 1606 2696; x_wconf 87' lang='lat' dir='ltr'>milliarium,</span> 
     </span>
     <span class='ocr_line' id='line_1_26' title="bbox 259 2705 1607 2787; baseline 0.001 -21"><span class='ocrx_word' id='word_1_286' title='bbox 259 2705 311 2768; x_wconf 93' lang='lat' dir='ltr'>sed</span> <span class='ocrx_word' id='word_1_287' title='bbox 333 2709 488 2786; x_wconf 88' lang='lat' dir='ltr'>inscriptas</span> <span class='ocrx_word' id='word_1_288' title='bbox 510 2709 655 2787; x_wconf 75' lang='lat' dir='ltr'>horologii</span> <span class='ocrx_word' id='word_1_289' title='bbox 679 2708 802 2784; x_wconf 87' lang='lat' dir='ltr'>circulo,</span> <span class='ocrx_word' id='word_1_290' title='bbox 828 2705 948 2785; x_wconf 90' lang='lat' dir='ltr'>pedales</span> <span class='ocrx_word' id='word_1_291' title='bbox 972 2714 1001 2766; x_wconf 89' lang='lat' dir='ltr'>ct</span> <span class='ocrx_word' id='word_1_292' title='bbox 1024 2706 1168 2768; x_wconf 87' lang='lat' dir='ltr'>cubitales</span> <span class='ocrx_word' id='word_1_293' title='bbox 1192 2709 1364 2782; x_wconf 82' lang='lat' dir='ltr'>existentes,</span> <span class='ocrx_word' id='word_1_294' title='bbox 1394 2726 1449 2770; x_wconf 93' lang='lat' dir='ltr'>nec</span> <span class='ocrx_word' id='word_1_295' title='bbox 1466 2711 1527 2778; x_wconf 49' lang='lat' dir='ltr'>,nisi</span> <span class='ocrx_word' id='word_1_296' title='bbox 1551 2709 1607 2770; x_wconf 90' lang='lat' dir='ltr'>diis</span> 
     </span>
     <span class='ocr_line' id='line_1_27' title="bbox 260 2792 1607 2860; baseline 0.003 -8"><span class='ocrx_word' id='word_1_297' title='bbox 260 2795 428 2856; x_wconf 89' lang='lat' dir='ltr'>laventibus</span> <span class='ocrx_word' id='word_1_298' title='bbox 443 2795 562 2858; x_wconf 85' lang='lat' dir='ltr'>Junooe</span> <span class='ocrx_word' id='word_1_299' title='bbox 585 2807 614 2857; x_wconf 93' lang='lat' dir='ltr'>et</span> <span class='ocrx_word' id='word_1_300' title='bbox 636 2795 758 2856; x_wconf 89' lang='lat' dir='ltr'>Phoebo</span> <span class='ocrx_word' id='word_1_301' title='bbox 761 2837 870 2860; x_wconf 87' lang='lat'>.....</span> <span class='ocrx_word' id='word_1_302' title='bbox 910 2792 1136 2854; x_wconf 87' lang='lat' dir='ltr'>Revolutionem</span> <span class='ocrx_word' id='word_1_303' title='bbox 1152 2793 1330 2855; x_wconf 81' lang='lat' dir='ltr'>macularum</span> <span class='ocrx_word' id='word_1_304' title='bbox 1347 2795 1484 2856; x_wconf 89' lang='lat' dir='ltr'>solarium</span> <span class='ocrx_word' id='word_1_305' title='bbox 1500 2801 1607 2858; x_wconf 90' lang='lat' dir='ltr'>statuis</span> 
     </span>
     <span class='ocr_line' id='line_1_28' title="bbox 264 2881 1608 2962; baseline 0.001 -20"><span class='ocrx_word' id='word_1_306' title='bbox 264 2889 301 2944; x_wconf 83' lang='lat'>13</span> <span class='ocrx_word' id='word_1_307' title='bbox 325 2885 477 2958; x_wconf 87' lang='lat' dir='ltr'>mensium,</span> <span class='ocrx_word' id='word_1_308' title='bbox 501 2883 622 2962; x_wconf 88' lang='lat' dir='ltr'>perinde</span> <span class='ocrx_word' id='word_1_309' title='bbox 646 2901 681 2945; x_wconf 89' lang='lat' dir='ltr'>ac</span> <span class='ocrx_word' id='word_1_310' title='bbox 695 2885 721 2943; x_wconf 92' lang='lat' dir='ltr'>si</span> <span class='ocrx_word' id='word_1_311' title='bbox 737 2885 775 2942; x_wconf 90' lang='lat' dir='ltr'>sit</span> <span class='ocrx_word' id='word_1_312' title='bbox 797 2885 826 2942; x_wconf 88' lang='lat' dir='ltr'>iu</span> <span class='ocrx_word' id='word_1_313' title='bbox 849 2881 966 2944; x_wconf 89' lang='lat' dir='ltr'>aethere</span> <span class='ocrx_word' id='word_1_314' title='bbox 988 2883 1120 2959; x_wconf 83' lang='lat' dir='ltr'>proxime</span> <span class='ocrx_word' id='word_1_315' title='bbox 1143 2883 1198 2942; x_wconf 92' lang='lat' dir='ltr'>sub</span> <span class='ocrx_word' id='word_1_316' title='bbox 1214 2881 1283 2942; x_wconf 89' lang='lat' dir='ltr'>Sole</span> <span class='ocrx_word' id='word_1_317' title='bbox 1306 2883 1384 2943; x_wconf 90' lang='lat' dir='ltr'>orbis</span> <span class='ocrx_word' id='word_1_318' title='bbox 1405 2883 1514 2961; x_wconf 88' lang='lat' dir='ltr'>aliqrris</span> <span class='ocrx_word' id='word_1_319' title='bbox 1535 2901 1608 2944; x_wconf 88' lang='lat' dir='ltr'>can·</span> 
     </span>
     <span class='ocr_line' id='line_1_29' title="bbox 259 2968 1608 3048; baseline 0.001 -18"><span class='ocrx_word' id='word_1_320' title='bbox 259 2968 490 3048; x_wconf 80' lang='lat' dir='ltr'>uallatusquasi</span> <span class='ocrx_word' id='word_1_321' title='bbox 513 2990 565 3033; x_wconf 89' lang='lat' dir='ltr'>seu</span> <span class='ocrx_word' id='word_1_322' title='bbox 590 2979 743 3034; x_wconf 86' lang='lat' dir='ltr'>contextus</span> <span class='ocrx_word' id='word_1_323' title='bbox 767 2971 879 3030; x_wconf 91' lang='lat' dir='ltr'>inlinita</span> <span class='ocrx_word' id='word_1_324' title='bbox 895 2968 1074 3029; x_wconf 85' lang='lat' dir='ltr'>macularum</span> <span class='ocrx_word' id='word_1_325' title='bbox 1096 2972 1179 3042; x_wconf 86' lang='lat' dir='ltr'>scria,</span> <span class='ocrx_word' id='word_1_326' title='bbox 1203 2972 1250 3029; x_wconf 92' lang='lat' dir='ltr'>cui</span> <span class='ocrx_word' id='word_1_327' title='bbox 1273 2971 1376 3030; x_wconf 88' lang='lat' dir='ltr'>tribuis</span> <span class='ocrx_word' id='word_1_328' title='bbox 1399 2981 1508 3032; x_wconf 91' lang='lat' dir='ltr'>motum</span> <span class='ocrx_word' id='word_1_329' title='bbox 1526 2973 1608 3034; x_wconf 91' lang='lat' dir='ltr'>diur-</span> 
     </span>
     <span class='ocr_line' id='line_1_30' title="bbox 258 3055 1608 3136; baseline 0.003 -19"><span class='ocrx_word' id='word_1_330' title='bbox 258 3075 327 3118; x_wconf 88' lang='lat' dir='ltr'>num</span> <span class='ocrx_word' id='word_1_331' title='bbox 352 3057 403 3119; x_wconf 76' lang='lat'>57¹</span> <span class='ocrx_word' id='word_1_332' title='bbox 427 3067 456 3120; x_wconf 89' lang='lat' dir='ltr'>et</span> <span class='ocrx_word' id='word_1_333' title='bbox 478 3060 557 3136; x_wconf 86' lang='lat' dir='ltr'>quod</span> <span class='ocrx_word' id='word_1_334' title='bbox 580 3062 712 3136; x_wconf 84' lang='lat' dir='ltr'>sequitur</span> <span class='ocrx_word' id='word_1_335' title='bbox 734 3057 816 3132; x_wconf 88' lang='lat' dir='ltr'>hinc,</span> <span class='ocrx_word' id='word_1_336' title='bbox 846 3055 1046 3118; x_wconf 87' lang='lat' dir='ltr'>evolutionem</span> <span class='ocrx_word' id='word_1_337' title='bbox 1069 3074 1121 3118; x_wconf 90' lang='lat' dir='ltr'>seu</span> <span class='ocrx_word' id='word_1_338' title='bbox 1151 3060 1369 3134; x_wconf 84' lang='lat' dir='ltr'>apocatastasin</span> <span class='ocrx_word' id='word_1_339' title='bbox 1392 3076 1533 3120; x_wconf 90' lang='lat' dir='ltr'>armorum</span> <span class='ocrx_word' id='word_1_340' title='bbox 1558 3066 1608 3122; x_wconf 84' lang='lat'>30.</span> 
     </span>
     <span class='ocr_line' id='line_1_31' title="bbox 259 3145 1608 3223; baseline 0.002 -18"><span class='ocrx_word' id='word_1_341' title='bbox 259 3145 414 3206; x_wconf 87' lang='lat' dir='ltr'>Solertiem</span> <span class='ocrx_word' id='word_1_342' title='bbox 437 3164 565 3222; x_wconf 81' lang='lat' dir='ltr'>agnosco</span> <span class='ocrx_word' id='word_1_343' title='bbox 588 3150 632 3208; x_wconf 89' lang='lat' dir='ltr'>tui</span> <span class='ocrx_word' id='word_1_344' title='bbox 654 3149 780 3223; x_wconf 86' lang='lat' dir='ltr'>ingenii,</span> <span class='ocrx_word' id='word_1_345' title='bbox 813 3145 983 3220; x_wconf 85' lang='lat' dir='ltr'>diligentiae</span> <span class='ocrx_word' id='word_1_346' title='bbox 1014 3161 1085 3204; x_wconf 86' lang='lat' dir='ltr'>vero</span> <span class='ocrx_word' id='word_1_347' title='bbox 1116 3151 1145 3206; x_wconf 92' lang='lat' dir='ltr'>et</span> <span class='ocrx_word' id='word_1_348' title='bbox 1173 3145 1283 3205; x_wconf 87' lang='lat' dir='ltr'>laboris</span> <span class='ocrx_word' id='word_1_349' title='bbox 1314 3147 1384 3206; x_wconf 90' lang='lat' dir='ltr'>irriti</span> <span class='ocrx_word' id='word_1_350' title='bbox 1413 3165 1458 3208; x_wconf 89' lang='lat' dir='ltr'>me</span> <span class='ocrx_word' id='word_1_351' title='bbox 1480 3151 1608 3208; x_wconf 86' lang='lat' dir='ltr'>miseret.</span> 
     </span>
     <span class='ocr_line' id='line_1_32' title="bbox 259 3232 1605 3310; baseline 0.001 -18"><span class='ocrx_word' id='word_1_352' title='bbox 259 3232 323 3293; x_wconf 90' lang='lat' dir='ltr'>Non</span> <span class='ocrx_word' id='word_1_353' title='bbox 347 3235 434 3309; x_wconf 87' lang='lat' dir='ltr'>setis,</span> <span class='ocrx_word' id='word_1_354' title='bbox 466 3235 598 3308; x_wconf 80' lang='lat' dir='ltr'>Fabrici,</span> <span class='ocrx_word' id='word_1_355' title='bbox 630 3235 861 3310; x_wconf 85' lang='lat' dir='ltr'>circumspexisti</span> <span class='ocrx_word' id='word_1_356' title='bbox 885 3234 1118 3293; x_wconf 89' lang='lat' dir='ltr'>circumstantias</span> <span class='ocrx_word' id='word_1_357' title='bbox 1142 3249 1260 3306; x_wconf 85' lang='lat' dir='ltr'>omnes,</span> <span class='ocrx_word' id='word_1_358' title='bbox 1293 3233 1402 3293; x_wconf 91' lang='lat' dir='ltr'>oblitus</span> <span class='ocrx_word' id='word_1_359' title='bbox 1425 3247 1470 3307; x_wconf 80' lang='lat' dir='ltr'>aa,</span> <span class='ocrx_word' id='word_1_360' title='bbox 1494 3243 1605 3295; x_wconf 87' lang='lat' dir='ltr'>motum</span> 
     </span>
     <span class='ocr_line' id='line_1_33' title="bbox 259 3318 1606 3398; baseline 0.001 -19"><span class='ocrx_word' id='word_1_361' title='bbox 259 3318 440 3380; x_wconf 86' lang='lat' dir='ltr'>macularum</span> <span class='ocrx_word' id='word_1_362' title='bbox 469 3324 497 3382; x_wconf 93' lang='lat' dir='ltr'>in</span> <span class='ocrx_word' id='word_1_363' title='bbox 521 3322 617 3384; x_wconf 93' lang='lat' dir='ltr'>medio</span> <span class='ocrx_word' id='word_1_364' title='bbox 640 3319 719 3383; x_wconf 87' lang='lat' dir='ltr'>Solis</span> <span class='ocrx_word' id='word_1_365' title='bbox 740 3339 860 3398; x_wconf 90' lang='lat' dir='ltr'>corpore</span> <span class='ocrx_word' id='word_1_366' title='bbox 883 3320 1058 3380; x_wconf 82' lang='lat' dir='ltr'>velociorem</span> <span class='ocrx_word' id='word_1_367' title='bbox 1082 3337 1146 3380; x_wconf 88' lang='lat' dir='ltr'>esee</span> <span class='ocrx_word' id='word_1_368' title='bbox 1170 3337 1257 3396; x_wconf 83' lang='lat' dir='ltr'>uuam</span> <span class='ocrx_word' id='word_1_369' title='bbox 1281 3322 1310 3378; x_wconf 93' lang='lat' dir='ltr'>in</span> <span class='ocrx_word' id='word_1_370' title='bbox 1333 3322 1527 3397; x_wconf 77' lang='lat' dir='ltr'>marginibus3</span> <span class='ocrx_word' id='word_1_371' title='bbox 1558 3325 1606 3380; x_wconf 91' lang='lat' dir='ltr'>ni·</span> 
     </span>
     <span class='ocr_line' id='line_1_34' title="bbox 258 3407 1608 3484; baseline 0.001 -17"><span class='ocrx_word' id='word_1_372' title='bbox 258 3409 347 3468; x_wconf 79' lang='lat' dir='ltr'>mium</span> <span class='ocrx_word' id='word_1_373' title='bbox 370 3408 464 3469; x_wconf 90' lang='lat' dir='ltr'>iacilis</span> <span class='ocrx_word' id='word_1_374' title='bbox 487 3427 519 3470; x_wconf 92' lang='lat' dir='ltr'>es</span> <span class='ocrx_word' id='word_1_375' title='bbox 542 3413 571 3470; x_wconf 92' lang='lat' dir='ltr'>iu</span> <span class='ocrx_word' id='word_1_376' title='bbox 594 3409 847 3471; x_wconf 86' lang='lat' dir='ltr'>comminiscendis</span> <span class='ocrx_word' id='word_1_377' title='bbox 863 3408 982 3468; x_wconf 90' lang='lat' dir='ltr'>orbibus</span> <span class='ocrx_word' id='word_1_378' title='bbox 998 3408 1118 3468; x_wconf 92' lang='lat' dir='ltr'>etmole</span> <span class='ocrx_word' id='word_1_379' title='bbox 1140 3407 1361 3484; x_wconf 84' lang='lat' dir='ltr'>hypothesium:</span> <span class='ocrx_word' id='word_1_380' title='bbox 1386 3410 1515 3470; x_wconf 87' lang='lat' dir='ltr'>crebram</span> <span class='ocrx_word' id='word_1_381' title='bbox 1530 3410 1608 3470; x_wconf 86' lang='lat' dir='ltr'>hanc</span> 
     </span>
     <span class='ocr_line' id='line_1_35' title="bbox 257 3495 1607 3574; baseline 0.004 -22"><span class='ocrx_word' id='word_1_382' title='bbox 257 3499 287 3554; x_wconf 89' lang='lat' dir='ltr'>in</span> <span class='ocrx_word' id='word_1_383' title='bbox 311 3497 384 3555; x_wconf 90' lang='lat' dir='ltr'>meis</span> <span class='ocrx_word' id='word_1_384' title='bbox 401 3495 533 3573; x_wconf 89' lang='lat' dir='ltr'>epistolis</span> <span class='ocrx_word' id='word_1_385' title='bbox 548 3498 696 3574; x_wconf 89' lang='lat' dir='ltr'>querelam</span> <span class='ocrx_word' id='word_1_386' title='bbox 713 3499 861 3570; x_wconf 66' lang='lat' dir='ltr'>insaniem</span> <span class='ocrx_word' id='word_1_387' title='bbox 883 3495 991 3554; x_wconf 82' lang='lat' dir='ltr'>lamam</span> <span class='ocrx_word' id='word_1_388' title='bbox 1007 3497 1037 3554; x_wconf 92' lang='lat' dir='ltr'>in</span> <span class='ocrx_word' id='word_1_389' title='bbox 1054 3497 1255 3559; x_wconf 89' lang='lat' dir='ltr'>astronomicis</span> <span class='ocrx_word' id='word_1_390' title='bbox 1271 3495 1486 3572; x_wconf 84' lang='lat' dir='ltr'>hypothesibus</span> <span class='ocrx_word' id='word_1_391' title='bbox 1504 3515 1607 3558; x_wconf 88' lang='lat' dir='ltr'>emen-</span> 
     </span>
     <span class='ocr_line' id='line_1_36' title="bbox 257 3581 1608 3661; baseline 0.001 -17"><span class='ocrx_word' id='word_1_392' title='bbox 257 3583 361 3646; x_wconf 88' lang='lat' dir='ltr'>dandis</span> <span class='ocrx_word' id='word_1_393' title='bbox 393 3583 450 3646; x_wconf 91' lang='lat' dir='ltr'>hoc</span> <span class='ocrx_word' id='word_1_394' title='bbox 480 3587 552 3646; x_wconf 89' lang='lat' dir='ltr'>vitio</span> <span class='ocrx_word' id='word_1_395' title='bbox 584 3585 816 3661; x_wconf 82' lang='lat' dir='ltr'>prostituimus..</span> <span class='ocrx_word' id='word_1_396' title='bbox 838 3581 920 3643; x_wconf 83' lang='lat' dir='ltr'>Nihil</span> <span class='ocrx_word' id='word_1_397' title='bbox 942 3581 989 3644; x_wconf 90' lang='lat' dir='ltr'>hic</span> <span class='ocrx_word' id='word_1_398' title='bbox 1011 3581 1156 3660; x_wconf 89' lang='lat' dir='ltr'>reliquum</span> <span class='ocrx_word' id='word_1_399' title='bbox 1185 3584 1242 3642; x_wconf 92' lang='lat' dir='ltr'>tuis</span> <span class='ocrx_word' id='word_1_400' title='bbox 1265 3583 1312 3644; x_wconf 89' lang='lat' dir='ltr'>vel</span> <span class='ocrx_word' id='word_1_401' title='bbox 1344 3587 1415 3644; x_wconf 90' lang='lat' dir='ltr'>meis</span> <span class='ocrx_word' id='word_1_402' title='bbox 1438 3587 1515 3645; x_wconf 87' lang='lat' dir='ltr'>curis</span> <span class='ocrx_word' id='word_1_403' title='bbox 1538 3587 1608 3646; x_wconf 90' lang='lat' dir='ltr'>lecit</span> 
     </span>
     <span class='ocr_line' id='line_1_37' title="bbox 257 3668 1606 3748; baseline 0 -14"><span class='ocrx_word' id='word_1_404' title='bbox 257 3673 480 3734; x_wconf 87' lang='lat' dir='ltr'>accuratissima</span> <span class='ocrx_word' id='word_1_405' title='bbox 497 3671 668 3734; x_wconf 85' lang='lat' dir='ltr'>Galilaei</span> <span class='ocrx_word' id='word_1_406' title='bbox 683 3672 844 3746; x_wconf 78' lang='lat' dir='ltr'>diligentia,</span> <span class='ocrx_word' id='word_1_407' title='bbox 869 3670 952 3746; x_wconf 90' lang='lat' dir='ltr'>cujus</span> <span class='ocrx_word' id='word_1_408' title='bbox 969 3669 1109 3748; x_wconf 88' lang='lat' dir='ltr'>epistolas</span> <span class='ocrx_word' id='word_1_409' title='bbox 1124 3671 1162 3732; x_wconf 88' lang='lat' dir='ltr'>ad</span> <span class='ocrx_word' id='word_1_410' title='bbox 1178 3668 1310 3730; x_wconf 85' lang='lat' dir='ltr'>Marcum</span> <span class='ocrx_word' id='word_1_411' title='bbox 1325 3670 1488 3734; x_wconf 85' lang='lat' dir='ltr'>Welserum</span> <span class='ocrx_word' id='word_1_412' title='bbox 1506 3673 1606 3734; x_wconf 89' lang='lat' dir='ltr'>italico</span> 
     </span>
     <span class='ocr_line' id='line_1_38' title="bbox 256 3757 1607 3838; baseline 0.002 -20"><span class='ocrx_word' id='word_1_413' title='bbox 256 3761 380 3835; x_wconf 86' lang='lat' dir='ltr'>scriptas</span> <span class='ocrx_word' id='word_1_414' title='bbox 407 3759 546 3822; x_wconf 88' lang='lat' dir='ltr'>idiomate</span> <span class='ocrx_word' id='word_1_415' title='bbox 575 3761 686 3822; x_wconf 87' lang='lat' dir='ltr'>suadeo</span> <span class='ocrx_word' id='word_1_416' title='bbox 715 3759 869 3838; x_wconf 84' lang='lat' dir='ltr'>diligenter</span> <span class='ocrx_word' id='word_1_417' title='bbox 898 3758 1050 3835; x_wconf 74' lang='lat' dir='ltr'>perlegas,</span> <span class='ocrx_word' id='word_1_418' title='bbox 1079 3757 1186 3835; x_wconf 91' lang='lat' dir='ltr'>dignae</span> <span class='ocrx_word' id='word_1_419' title='bbox 1215 3759 1334 3818; x_wconf 89' lang='lat' dir='ltr'>omnino</span> <span class='ocrx_word' id='word_1_420' title='bbox 1361 3769 1445 3836; x_wconf 88' lang='lat' dir='ltr'>sunt,</span> <span class='ocrx_word' id='word_1_421' title='bbox 1476 3767 1607 3838; x_wconf 81' lang='lat' dir='ltr'>quaest</span> 
     </span>
     <span class='ocr_line' id='line_1_39' title="bbox 255 3847 517 3924; baseline 0.008 -16"><span class='ocrx_word' id='word_1_422' title='bbox 255 3847 346 3910; x_wconf 88' lang='lat' dir='ltr'>latius</span> <span class='ocrx_word' id='word_1_423' title='bbox 372 3847 517 3924; x_wconf 82' lang='lat' dir='ltr'>legantur.</span> 
     </span>
    </p>

    <p class='ocr_par' dir='ltr' id='par_1_7' title="bbox 255 3925 1665 4976">
     <span class='ocr_line' id='line_1_40' title="bbox 360 3925 1604 4016; baseline 0.002 -22"><span class='ocrx_word' id='word_1_424' title='bbox 360 3933 406 3995; x_wconf 90' lang='lat' dir='ltr'>De</span> <span class='ocrx_word' id='word_1_425' title='bbox 429 3935 635 4012; x_wconf 85' lang='lat' dir='ltr'>conjunctione</span> <span class='ocrx_word' id='word_1_426' title='bbox 658 3934 776 3997; x_wconf 89' lang='lat' dir='ltr'>Saturni</span> <span class='ocrx_word' id='word_1_427' title='bbox 798 3942 828 3994; x_wconf 91' lang='lat' dir='ltr'>et</span> <span class='ocrx_word' id='word_1_428' title='bbox 850 3932 937 3993; x_wconf 88' lang='lat' dir='ltr'>Jovis</span> <span class='ocrx_word' id='word_1_429' title='bbox 960 3925 1047 4016; x_wconf 90' lang='lat' dir='ltr'>(Dec.</span> <span class='ocrx_word' id='word_1_430' title='bbox 1068 3937 1165 4006; x_wconf 81' lang='lat'>160³)</span> <span class='ocrx_word' id='word_1_431' title='bbox 1188 3931 1269 3992; x_wconf 88' lang='lat' dir='ltr'>litem</span> <span class='ocrx_word' id='word_1_432' title='bbox 1292 3951 1394 3996; x_wconf 89' lang='lat' dir='ltr'>moves</span> <span class='ocrx_word' id='word_1_433' title='bbox 1416 3951 1476 3995; x_wconf 92' lang='lat' dir='ltr'>nou</span> <span class='ocrx_word' id='word_1_434' title='bbox 1498 3951 1604 3996; x_wconf 87' lang='lat' dir='ltr'>neces-</span> 
     </span>
     <span class='ocr_line' id='line_1_41' title="bbox 257 4020 1606 4101; baseline 0.001 -19"><span class='ocrx_word' id='word_1_435' title='bbox 257 4024 364 4082; x_wconf 90' lang='lat' dir='ltr'>sarium</span> <span class='ocrx_word' id='word_1_436' title='bbox 387 4041 474 4100; x_wconf 90' lang='lat' dir='ltr'>sopor</span> <span class='ocrx_word' id='word_1_437' title='bbox 497 4041 556 4084; x_wconf 92' lang='lat' dir='ltr'>uno</span> <span class='ocrx_word' id='word_1_438' title='bbox 579 4025 732 4101; x_wconf 82' lang='lat' dir='ltr'>scrupulo,</span> <span class='ocrx_word' id='word_1_439' title='bbox 757 4039 814 4098; x_wconf 81' lang='lat' dir='ltr'>quo</span> <span class='ocrx_word' id='word_1_440' title='bbox 838 4022 891 4082; x_wconf 90' lang='lat' dir='ltr'>tibi</span> <span class='ocrx_word' id='word_1_441' title='bbox 915 4022 971 4097; x_wconf 91' lang='lat' dir='ltr'>ipsi</span> <span class='ocrx_word' id='word_1_442' title='bbox 994 4023 1107 4096; x_wconf 85' lang='lat' dir='ltr'>totique</span> <span class='ocrx_word' id='word_1_443' title='bbox 1130 4020 1204 4081; x_wconf 86' lang='lat' dir='ltr'>adeo</span> <span class='ocrx_word' id='word_1_444' title='bbox 1228 4022 1368 4082; x_wconf 85' lang='lat' dir='ltr'>scientiae</span> <span class='ocrx_word' id='word_1_445' title='bbox 1391 4021 1606 4099; x_wconf 88' lang='lat' dir='ltr'>praejudicium</span> 
     </span>
     <span class='ocr_line' id='line_1_42' title="bbox 256 4107 1606 4188; baseline 0 -18"><span class='ocrx_word' id='word_1_446' title='bbox 256 4127 339 4172; x_wconf 87' lang='lat' dir='ltr'>creas</span> <span class='ocrx_word' id='word_1_447' title='bbox 362 4109 538 4188; x_wconf 90' lang='lat' dir='ltr'>imprudens.</span> <span class='ocrx_word' id='word_1_448' title='bbox 576 4111 607 4172; x_wconf 87' lang='lat' dir='ltr'>Si</span> <span class='ocrx_word' id='word_1_449' title='bbox 631 4129 689 4172; x_wconf 91' lang='lat' dir='ltr'>non</span> <span class='ocrx_word' id='word_1_450' title='bbox 711 4111 791 4188; x_wconf 89' lang='lat' dir='ltr'>prius</span> <span class='ocrx_word' id='word_1_451' title='bbox 814 4107 1028 4170; x_wconf 79' lang='lat' dir='ltr'>comedendae</span> <span class='ocrx_word' id='word_1_452' title='bbox 1052 4107 1187 4182; x_wconf 89' lang='lat' dir='ltr'>tabulae,</span> <span class='ocrx_word' id='word_1_453' title='bbox 1210 4125 1299 4183; x_wconf 85' lang='lat' dir='ltr'>quam</span> <span class='ocrx_word' id='word_1_454' title='bbox 1323 4111 1439 4170; x_wconf 85' lang='lat' dir='ltr'>unicum</span> <span class='ocrx_word' id='word_1_455' title='bbox 1462 4113 1606 4170; x_wconf 89' lang='lat' dir='ltr'>minutum</span> 
     </span>
     <span class='ocr_line' id='line_1_43' title="bbox 256 4198 1607 4276; baseline -0.001 -18"><span class='ocrx_word' id='word_1_456' title='bbox 256 4215 456 4274; x_wconf 84' lang='lat' dir='ltr'>assequamur,</span> <span class='ocrx_word' id='word_1_457' title='bbox 480 4216 629 4275; x_wconf 88' lang='lat' dir='ltr'>nunquam</span> <span class='ocrx_word' id='word_1_458' title='bbox 646 4198 692 4260; x_wconf 88' lang='lat' dir='ltr'>edi</span> <span class='ocrx_word' id='word_1_459' title='bbox 708 4205 845 4276; x_wconf 87' lang='lat' dir='ltr'>poterunt</span> <span class='ocrx_word' id='word_1_460' title='bbox 867 4212 962 4271; x_wconf 87' lang='lat' dir='ltr'>neque</span> <span class='ocrx_word' id='word_1_461' title='bbox 985 4203 1063 4270; x_wconf 85' lang='lat' dir='ltr'>tuae,</span> <span class='ocrx_word' id='word_1_462' title='bbox 1087 4213 1160 4270; x_wconf 87' lang='lat' dir='ltr'>quas</span> <span class='ocrx_word' id='word_1_463' title='bbox 1177 4202 1315 4270; x_wconf 87' lang='lat' dir='ltr'>ostentas,</span> <span class='ocrx_word' id='word_1_464' title='bbox 1339 4213 1394 4260; x_wconf 86' lang='lat' dir='ltr'>uec</span> <span class='ocrx_word' id='word_1_465' title='bbox 1416 4215 1508 4271; x_wconf 86' lang='lat' dir='ltr'>meae,</span> <span class='ocrx_word' id='word_1_466' title='bbox 1532 4215 1607 4273; x_wconf 85' lang='lat' dir='ltr'>quaa</span> 
     </span>
     <span class='ocr_line' id='line_1_44' title="bbox 258 4283 1607 4366; baseline 0 -20"><span class='ocrx_word' id='word_1_467' title='bbox 258 4293 410 4363; x_wconf 89' lang='lat' dir='ltr'>tantopere</span> <span class='ocrx_word' id='word_1_468' title='bbox 434 4287 577 4366; x_wconf 75' lang='lat' dir='ltr'>efflagitas</span> <span class='ocrx_word' id='word_1_469' title='bbox 581 4327 690 4348; x_wconf 91' lang='grc'><strong>.....</strong></span> <span class='ocrx_word' id='word_1_470' title='bbox 736 4283 795 4346; x_wconf 85' lang='lat' dir='ltr'>Sed</span> <span class='ocrx_word' id='word_1_471' title='bbox 818 4285 951 4344; x_wconf 91' lang='lat' dir='ltr'>nimirum</span> <span class='ocrx_word' id='word_1_472' title='bbox 975 4283 1004 4342; x_wconf 87' lang='lat' dir='ltr'>id</span> <span class='ocrx_word' id='word_1_473' title='bbox 1028 4283 1123 4362; x_wconf 88' lang='lat' dir='ltr'>egisti,</span> <span class='ocrx_word' id='word_1_474' title='bbox 1147 4291 1179 4344; x_wconf 94' lang='lat' dir='ltr'>ut</span> <span class='ocrx_word' id='word_1_475' title='bbox 1200 4301 1280 4344; x_wconf 89' lang='lat' dir='ltr'>ame</span> <span class='ocrx_word' id='word_1_476' title='bbox 1294 4285 1512 4361; x_wconf 88' lang='lat' dir='ltr'>responsionem</span> <span class='ocrx_word' id='word_1_477' title='bbox 1530 4284 1607 4346; x_wconf 89' lang='lat' dir='ltr'>hauc</span> 
     </span>
     <span class='ocr_line' id='line_1_45' title="bbox 258 4370 1605 4452; baseline -0.001 -18"><span class='ocrx_word' id='word_1_478' title='bbox 258 4376 435 4450; x_wconf 82' lang='lat' dir='ltr'>exprimeres</span> <span class='ocrx_word' id='word_1_479' title='bbox 457 4375 613 4452; x_wconf 86' lang='lat' dir='ltr'>sciresque,</span> <span class='ocrx_word' id='word_1_480' title='bbox 637 4391 712 4451; x_wconf 83' lang='lat' dir='ltr'>quae</span> <span class='ocrx_word' id='word_1_481' title='bbox 735 4391 803 4450; x_wconf 92' lang='lat' dir='ltr'>spes</span> <span class='ocrx_word' id='word_1_482' title='bbox 826 4379 903 4432; x_wconf 89' lang='lat' dir='ltr'>esset</span> <span class='ocrx_word' id='word_1_483' title='bbox 925 4370 1100 4448; x_wconf 92' lang='lat' dir='ltr'>tabularum,</span> <span class='ocrx_word' id='word_1_484' title='bbox 1125 4388 1183 4447; x_wconf 87' lang='lat' dir='ltr'>quo</span> <span class='ocrx_word' id='word_1_485' title='bbox 1205 4370 1272 4431; x_wconf 91' lang='lat' dir='ltr'>ioco</span> <span class='ocrx_word' id='word_1_486' title='bbox 1294 4373 1490 4445; x_wconf 71' lang='lat' dir='ltr'>aeconomia,</span> <span class='ocrx_word' id='word_1_487' title='bbox 1514 4380 1605 4450; x_wconf 87' lang='lat' dir='ltr'>utque</span> 
     </span>
     <span class='ocr_line' id='line_1_46' title="bbox 256 4457 1606 4538; baseline -0.002 -15"><span class='ocrx_word' id='word_1_488' title='bbox 256 4479 308 4538; x_wconf 91' lang='lat' dir='ltr'>pcr</span> <span class='ocrx_word' id='word_1_489' title='bbox 331 4461 503 4524; x_wconf 90' lang='lat' dir='ltr'>indirectum</span> <span class='ocrx_word' id='word_1_490' title='bbox 527 4462 686 4522; x_wconf 87' lang='lat' dir='ltr'>lectoribus</span> <span class='ocrx_word' id='word_1_491' title='bbox 714 4459 965 4521; x_wconf 87' lang='lat' dir='ltr'>commendaretur</span> <span class='ocrx_word' id='word_1_492' title='bbox 993 4457 1133 4518; x_wconf 91' lang='lat' dir='ltr'>mirabilis</span> <span class='ocrx_word' id='word_1_493' title='bbox 1157 4457 1299 4520; x_wconf 90' lang='lat' dir='ltr'>certitudo</span> <span class='ocrx_word' id='word_1_494' title='bbox 1328 4468 1358 4520; x_wconf 91' lang='lat' dir='ltr'>et</span> <span class='ocrx_word' id='word_1_495' title='bbox 1379 4477 1539 4522; x_wconf 90' lang='lat' dir='ltr'>consensus</span> <span class='ocrx_word' id='word_1_496' title='bbox 1562 4463 1606 4520; x_wconf 92' lang='lat' dir='ltr'>tui</span> 
     </span>
     <span class='ocr_line' id='line_1_47' title="bbox 256 4543 1604 4625; baseline 0 -17"><span class='ocrx_word' id='word_1_497' title='bbox 256 4551 373 4625; x_wconf 84' lang='lat' dir='ltr'>meique</span> <span class='ocrx_word' id='word_1_498' title='bbox 396 4548 574 4610; x_wconf 88' lang='lat' dir='ltr'>calculorum</span> <span class='ocrx_word' id='word_1_499' title='bbox 597 4551 672 4610; x_wconf 89' lang='lat' dir='ltr'>inter</span> <span class='ocrx_word' id='word_1_500' title='bbox 693 4567 725 4610; x_wconf 91' lang='lat' dir='ltr'>ae</span> <span class='ocrx_word' id='word_1_501' title='bbox 749 4557 866 4609; x_wconf 87' lang='lat' dir='ltr'>etcum</span> <span class='ocrx_word' id='word_1_502' title='bbox 895 4547 1102 4608; x_wconf 86' lang='lat' dir='ltr'>observatione</span> <span class='ocrx_word' id='word_1_503' title='bbox 1125 4564 1204 4621; x_wconf 91' lang='lat' dir='ltr'>mea,</span> <span class='ocrx_word' id='word_1_504' title='bbox 1235 4543 1321 4622; x_wconf 79' lang='lat' dir='ltr'>quem</span> <span class='ocrx_word' id='word_1_505' title='bbox 1345 4564 1400 4624; x_wconf 85' lang='lat' dir='ltr'>ago</span> <span class='ocrx_word' id='word_1_506' title='bbox 1431 4565 1604 4608; x_wconf 89' lang='lat' dir='ltr'>consensum</span> 
     </span>
     <span class='ocr_line' id='line_1_48' title="bbox 255 4634 1665 4713; baseline -0.001 -19"><span class='ocrx_word' id='word_1_507' title='bbox 255 4651 313 4696; x_wconf 90' lang='lat' dir='ltr'>non</span> <span class='ocrx_word' id='word_1_508' title='bbox 336 4643 396 4696; x_wconf 90' lang='lat' dir='ltr'>tam</span> <span class='ocrx_word' id='word_1_509' title='bbox 420 4655 454 4698; x_wconf 81' lang='lat' dir='ltr'>aa</span> <span class='ocrx_word' id='word_1_510' title='bbox 478 4640 551 4698; x_wconf 87' lang='lat' dir='ltr'>meis</span> <span class='ocrx_word' id='word_1_511' title='bbox 574 4637 840 4708; x_wconf 86' lang='lat' dir='ltr'>observationibus,</span> <span class='ocrx_word' id='word_1_512' title='bbox 865 4649 922 4694; x_wconf 90' lang='lat' dir='ltr'>non</span> <span class='ocrx_word' id='word_1_513' title='bbox 946 4636 1034 4694; x_wconf 90' lang='lat' dir='ltr'>ctiam</span> <span class='ocrx_word' id='word_1_514' title='bbox 1056 4653 1093 4695; x_wconf 86' lang='lat' dir='ltr'>ex</span> <span class='ocrx_word' id='word_1_515' title='bbox 1117 4637 1190 4708; x_wconf 92' lang='lat' dir='ltr'>tuis,</span> <span class='ocrx_word' id='word_1_516' title='bbox 1213 4650 1272 4694; x_wconf 92' lang='lat' dir='ltr'>non</span> <span class='ocrx_word' id='word_1_517' title='bbox 1295 4634 1422 4712; x_wconf 82' lang='lat' dir='ltr'>denique</span> <span class='ocrx_word' id='word_1_518' title='bbox 1445 4653 1480 4696; x_wconf 82' lang='lat' dir='ltr'>ca</span> <span class='ocrx_word' id='word_1_519' title='bbox 1503 4642 1604 4713; x_wconf 88' lang='lat' dir='ltr'>poete·</span> <span class='ocrx_word' id='word_1_520' title='bbox 1663 4685 1665 4690; x_wconf 96' lang='lat'>.</span> 
     </span>
     <span class='ocr_line' id='line_1_49' title="bbox 256 4719 1604 4800; baseline -0.001 -18"><span class='ocrx_word' id='word_1_521' title='bbox 256 4724 381 4798; x_wconf 90' lang='lat' dir='ltr'>riorum,</span> <span class='ocrx_word' id='word_1_522' title='bbox 406 4742 494 4800; x_wconf 87' lang='lat' dir='ltr'>quaro</span> <span class='ocrx_word' id='word_1_523' title='bbox 518 4743 551 4786; x_wconf 86' lang='lat' dir='ltr'>es</span> <span class='ocrx_word' id='word_1_524' title='bbox 574 4719 736 4786; x_wconf 86' lang='lat' dir='ltr'>Braheanis</span> <span class='ocrx_word' id='word_1_525' title='bbox 759 4723 907 4784; x_wconf 89' lang='lat' dir='ltr'>aestimari</span> <span class='ocrx_word' id='word_1_526' title='bbox 938 4721 1042 4796; x_wconf 88' lang='lat' dir='ltr'>velim,</span> <span class='ocrx_word' id='word_1_527' title='bbox 1073 4739 1167 4798; x_wconf 86' lang='lat' dir='ltr'>euque</span> <span class='ocrx_word' id='word_1_528' title='bbox 1190 4721 1397 4799; x_wconf 83' lang='lat' dir='ltr'>Ephemeridea</span> <span class='ocrx_word' id='word_1_529' title='bbox 1420 4721 1544 4784; x_wconf 91' lang='lat' dir='ltr'>meditor</span> <span class='ocrx_word' id='word_1_530' title='bbox 1566 4721 1604 4782; x_wconf 88' lang='lat' dir='ltr'>ad</span> 
     </span>
     <span class='ocr_line' id='line_1_50' title="bbox 257 4806 1604 4886; baseline 0.003 -18"><span class='ocrx_word' id='word_1_531' title='bbox 257 4827 350 4870; x_wconf 89' lang='lat' dir='ltr'>annos</span> <span class='ocrx_word' id='word_1_532' title='bbox 374 4815 414 4872; x_wconf 81' lang='lat'>³0</span> <span class='ocrx_word' id='word_1_533' title='bbox 438 4820 566 4885; x_wconf 85' lang='lat' dir='ltr'>exactos,</span> <span class='ocrx_word' id='word_1_534' title='bbox 590 4811 714 4874; x_wconf 88' lang='lat' dir='ltr'>meditor</span> <span class='ocrx_word' id='word_1_535' title='bbox 736 4819 766 4874; x_wconf 90' lang='lat' dir='ltr'>et</span> <span class='ocrx_word' id='word_1_536' title='bbox 788 4806 932 4870; x_wconf 90' lang='lat' dir='ltr'>caleulum</span> <span class='ocrx_word' id='word_1_537' title='bbox 961 4811 1199 4872; x_wconf 86' lang='lat' dir='ltr'>observationum</span> <span class='ocrx_word' id='word_1_538' title='bbox 1222 4809 1440 4886; x_wconf 81' lang='lat' dir='ltr'>Braheeuarum</span> <span class='ocrx_word' id='word_1_539' title='bbox 1464 4812 1604 4872; x_wconf 89' lang='lat' dir='ltr'>omnium.</span> 
     </span>
     <span class='ocr_line' id='line_1_51' title="bbox 255 4895 1604 4976; baseline 0.001 -17"><span class='ocrx_word' id='word_1_540' title='bbox 255 4897 374 4960; x_wconf 88' lang='lat' dir='ltr'>Interim</span> <span class='ocrx_word' id='word_1_541' title='bbox 397 4899 423 4958; x_wconf 90' lang='lat' dir='ltr'>si</span> <span class='ocrx_word' id='word_1_542' title='bbox 445 4907 523 4961; x_wconf 89' lang='lat' dir='ltr'>recte</span> <span class='ocrx_word' id='word_1_543' title='bbox 545 4916 660 4976; x_wconf 87' lang='lat' dir='ltr'>mones,</span> <span class='ocrx_word' id='word_1_544' title='bbox 693 4895 881 4961; x_wconf 83' lang='lat' dir='ltr'>diffidendum</span> <span class='ocrx_word' id='word_1_545' title='bbox 905 4897 1001 4972; x_wconf 90' lang='lat' dir='ltr'>vitae,</span> <span class='ocrx_word' id='word_1_546' title='bbox 1032 4895 1134 4958; x_wconf 87' lang='lat' dir='ltr'>demus</span> <span class='ocrx_word' id='word_1_547' title='bbox 1158 4899 1245 4975; x_wconf 83' lang='lat' dir='ltr'>igitur</span> <span class='ocrx_word' id='word_1_548' title='bbox 1268 4915 1386 4976; x_wconf 90' lang='lat' dir='ltr'>operam</span> <span class='ocrx_word' id='word_1_549' title='bbox 1409 4906 1547 4976; x_wconf 85' lang='lat' dir='ltr'>uterque,</span> <span class='ocrx_word' id='word_1_550' title='bbox 1571 4905 1604 4960; x_wconf 89' lang='lat' dir='ltr'>ut</span> 
     </span>
    </p>
   </div>
   <div class='ocr_carea' id='block_1_7' title="bbox 0 0 1836 5544">
    <p class='ocr_par' dir='ltr' id='par_1_8' title="bbox 0 0 1836 5544">
     <span class='ocr_line' id='line_1_52' title="bbox 0 0 1836 5544; baseline 0 1"><span class='ocrx_word' id='word_1_551' title='bbox 0 0 1836 5544; x_wconf 95' lang='lat' dir='ltr'> </span> 
     </span>
    </p>
   </div>
  </div>
 </body>
</html>
