3624 5554
779 413 974 494 rseauu„
1473 403 1537 488 sot

175 589 262 650 iarum
280 589 399 653 sinuum
418 595 447 650 at
462 591 626 664 reliquarum
643 592 854 666 constructione,
871 595 917 656 uui
935 589 1067 656 romulis
1076 594 1141 652 ants
1158 604 1213 654 uota
1224 587 1283 650 viss
1299 585 1452 660 inimi*
1483 579 1538 646 Μ

286 769 367 839 Quae
387 771 421 828 do
443 770 519 828 noris
537 777 565 832 ct
582 769 618 829 de
635 769 807 840 astrologicis
824 769 908 828 robus
932 768 1043 838 scribis,
1067 767 1201 824 hacteuus
1217 763 1276 854 boc·
1289 762 1373 824 biduo
1390 759 1538 821 subuerti

180 853 283 922 judicio
303 865 333 916 et
350 859 504 915 attentione
522 859 645 930 proiecto
663 857 755 928 legare
772 873 826 914 mou
844 856 931 928 potui,
949 855 977 912 id
989 855 1130 926 quodiam
1147 870 1220 914 succ
1233 859 1324 910 sumto
1335 859 1458 920 tempore
1474 863 1538 910 ooa-

182 943 307 1003 rouiente
325 945 418 1003 iacere
436 946 552 1004 decrevi.
588 947 657 1004 iiuut
673 951 765 1002 astum
781 944 829 1002 illa
846 945 912 1002 mibi
923 942 1216 1014 loctujucusadissisua,
1234 943 1315 1002 disin
1328 939 1393 997 dum
1404 953 1439 998 sa
1450 936 1538 998 obiter

185 1035 281 1092 saltem
298 1035 466 1106 perstringo,
483 1033 549 1092 licet
565 1049 610 1092 res
627 1034 689 1104 ipss
706 1033 743 1090 sit
755 1033 872 1110 dolenda
889 1040 918 1090 et
928 1033 1036 1090 misera.
1065 1031 1166 1090 vuum
1178 1029 1306 1101 quosiasu
1323 1041 1368 1086 aaa
1380 1028 1450 1096 iura.
1465 1021 1536 1096 broli

183 1124 271 1194 dolor,
288 1125 329 1180 ita
346 1131 505 1194 comparata
521 1131 573 1197 eat,
590 1132 698 1194 aratum
715 1123 781 1181 mibi
799 1119 850 1190 e'st,
867 1136 911 1178 ma
928 1120 1064 1191 quomodo
1082 1134 1113 1175 se
1130 1118 1231 1178 babeat
1249 1129 1422 1185 cognatum.

288 1207 368 1280 unco
390 1227 434 1267 me
459 1211 506 1267 tibi
532 1226 694 1268 succensere
720 1211 824 1280 puncti
848 1211 883 1266 ob
905 1209 1041 1266 silantium
1066 1215 1159 1278 tuum,
1184 1205 1301 1262 animum
1326 1211 1393 1272 roso
1416 1216 1537 1262 revocet·

183 1300 302 1356 llirstm
318 1298 428 1368 quidem
445 1299 500 1369 soi,
525 1299 574 1354 sod
592 1299 736 1356 successui
755 1314 910 1368 munuum,
935 1313 999 1354 nam
1021 1313 1133 1360 causum
1151 1292 1254 1352 silentii
1270 1291 1400 1354 facillimo
1418 1290 1538 1350 divinare

183 1389 268 1458 potui,
286 1405 339 1444 nec
357 1387 440 1444 etiam
458 1404 491 1444 ea
508 1387 536 1444 ia
554 1404 584 1443 re
602 1389 749 1444 frustratus
767 1403 828 1443 eum
845 1403 896 1443 nec
913 1385 1034 1444 dubitari
1053 1384 1119 1454 quim
1130 1382 1269 1442 sbeutmm
1285 1387 1315 1436 et
1331 1393 1408 1438 mora
1424 1376 1473 1434 iiia
1490 1375 1537 1437 ab·

185 1475 294 1546 quaudo
312 1475 385 1532 ioret
403 1476 612 1545 compensanda,
630 1476 658 1534 id
677 1478 750 1546 quod
768 1477 871 1534 iactum
889 1483 940 1534 cst.

286 1562 449 1620 Nostrarum
466 1577 557 1623 rtrum
574 1569 664 1620 status
681 1581 731 1634 por
750 1565 863 1634 gratiam
878 1563 931 1620 Dei
948 1562 1018 1626 bomo
1036 1561 1136 1627 babet,
1158 1558 1213 1620 uisi
1236 1554 1310 1628 quud
1329 1553 1423 1614 exules
1441 1565 1536 1614 sumu!

182 1668 216 1707 cx
233 1652 325 1721 patrio
344 1649 498 1707 academiae
516 1651 588 1708 loco.
624 1652 680 1707 lies
698 1653 838 1722 'tubingae
855 1651 926 1712 mala
944 1667 998 1708 nou
1016 1650 1128 1719 habant,
1147 1653 1266 1706 absum
1284 1642 1321 1702 ibi
1333 1642 1436 1700 versari
1447 1644 1537 1700 tutum

183 1755 238 1795 noc
255 1744 310 1809 est,
328 1738 404 1794 lenta
421 1739 493 1796 euim
511 1740 597 1810 pasus
615 1740 675 1796 lues
692 1739 731 1796 ibi
748 1748 898 1811 grassatur,
916 1754 988 1814 quae
1005 1754 1061 1802 nou
1079 1736 1225 1797 admodum
1242 1732 1344 1796 multos
1356 1728 1479 1792 homines
1491 1727 1537 1783 ab·

182 1826 272 1894 sumit,
291 1826 375 1882 semel
394 1832 477 1896 atquc
489 1827 587 1882 iterum
600 1829 712 1898 accidit,
731 1835 763 1884 ut
780 1845 834 1886 uuo
847 1828 891 1888 die
910 1827 1061 1886 thomices
1080 1824 1208 1894 obierint,
1231 1821 1274 1876 bii
1292 1828 1368 1878 terii
1385 1820 1414 1889 ⁵2
1433 1816 1537 1884 aliquo·

182 1915 234 1970 ties
251 1915 278 1983 i,
300 1915 410 1984 saepius
429 1931 484 1974 uon
502 1915 594 1985 pluras
613 1934 675 1986 uno,
693 1925 723 1974 at
739 1933 873 1988 perquam
885 1931 969 1987 saepe
981 1930 1032 1986 par
1043 1914 1147 1984 aliquot
1165 1911 1224 1972 dies
1242 1925 1321 1968 ariao
1341 1905 1383 1965 vel
1396 1907 1538 1976 comptas

182 2002 224 2056 sel
243 2007 367 2058 mortuus
384 2011 456 2058 est·
473 2001 583 2073 Alioqui
605 2006 771 2076 paucissima
788 2007 872 2076 hujus
890 2005 1007 2065 ducatus
1024 2003 1085 2060 loca
1103 2008 1168 2062 suat
1184 1999 1328 2066 immunis,
1353 1993 1539 2068 Siliifliiffiffl

182 2089 318 2148 horrcndo
338 2089 419 2146 modo
437 2091 525 2148 suerit
541 2091 601 2148 lues
618 2091 676 2150 ills.
712 2093 880 2164 Theologica
898 2100 926 2150 et
943 2093 1044 2152 artium
1066 2089 1212 2150 tocnitona
1230 2087 1276 2146 bio
1294 2084 1401 2144 curua
1422 2097 1539 2142 commo·

181 2183 284 2247 rantur,
299 2183 408 2256 ceteras
421 2178 491 2236 duae
501 2179 716 2250 Hersenbsrgue,
729 2181 778 2240 sed
792 2182 901 2253 quando
911 2181 1066 2250 Tub'mgam
1079 2175 1250 2248 resalutatur-i
1260 2174 1354 2244 aimus,
1364 2173 1442 2232 Deus
1454 2167 1538 2228 uorit.

285 2265 369 2320 Hisce
381 2263 441 2320 valo
454 2265 564 2334 optime,
582 2266 727 2336 plurimam
740 2284 853 2337 mmquo
865 2269 1093 2330 officiosissimam
1106 2267 1221 2324 salutem
1239 2279 1307 2332 roso
1325 2261 1453 2324 nunciam
1471 2257 1540 2320 ralis

183 2354 217 2411 D.
235 2355 268 2410 l).
287 2352 390 2410 Joauni
408 2353 503 2426 Papio,
522 2353 644 2425 iuprinds
662 2363 754 2414 autom
774 2356 814 2412 ui.
832 2357 898 2416 Viro
916 2358 949 2412 D.
968 2357 1002 2414 l).
1021 2357 1248 2416 Zimsocrmanuo.
1267 2383 1300 2402 -ν

286 2440 533 2501 Hafeuroiieri
549 2445 693 2514 responsio
707 2444 771 2504 data
782 2451 826 2502 est
837 2444 862 2502 d.
878 2444 918 2502 14.
928 2445 1000 2504 Nor.
1017 2445 1125 2506 Gaiuae
1137 2459 1253 2515 eamque
1266 2438 1437 2498 mbibuimus
1448 2432 1503 2496 rol.
1515 2429 1539 2491 1.

183 2546 209 2598 p.
226 2529 290 2586 295.

287 2617 373 2685 1595.
396 2619 556 2684 Resolutio
584 2625 671 2684 auci:
702 2624 817 2686 'l'bcma
843 2631 889 2684 ast
917 2626 1125 2701 promiscuum.
1169 2621 1245 2703 iiio
1267 2623 1305 2696 []
1327 2617 1369 2702 Q
1392 2615 1540 2696 sigoifluai

183 2707 293 2768 udum
314 2714 425 2770 sutum
448 2714 547 2772 matris
574 2719 605 2772 et
634 2711 883 2774 intervertendam
911 2711 1139 2789 haereditatemt
1173 2713 1303 2776 vicissim
1326 2722 1362 2778 r!
1395 2702 1431 2788 ‘ii
1458 2701 1484 2786 9
1507 2705 1538 2764 ῑῦ

182 2795 313 2858 mcuuda
335 2795 423 2858 domo
447 2795 576 2858 divitias.
621 2796 813 2878 praeparatio
837 2800 1011 2864 Prodruma'.

286 2886 362 2942 llaec
381 2885 416 2942 de
433 2889 528 2957 genosi
546 2888 608 2946 libri
625 2889 686 2958 ipsa
710 2889 791 2946 affert
808 2889 961 2959 Keplcrus:
989 2885 1100 2948 Gractii
1123 2890 1153 2950 in
1169 2884 1363 2963 explicatione
1377 2881 1538 2960 omousio-

183 2986 246 3030 rum
270 2973 469 3032 astronomiae
490 2989 597 3048 magno
620 2973 692 3032 mibi
715 2975 782 3033 osui
797 2973 915 3038 luerunt
931 2977 1030 3038 omnic
1044 2975 1103 3047 illa.
1127 2991 1204 3053 quae
1220 2980 1309 3036 autea
1323 2971 1372 3034 sel
1388 2989 1406 3030 a
1421 2968 1537 3030 blaesi-

182 3055 242 3118 liuo
264 3056 454 3130 audiveram,
480 3058 527 3120 rel
549 3063 613 3138 ipso
634 3060 852 3130 affectaveram.
897 3060 1010 3124 Harum
1032 3081 1127 3124 rorum
1150 3061 1276 3138 diligens
1292 3058 1435 3142 cogitatio
1453 3057 1538 3132 cogi·

183 3146 303 3205 usionis
326 3145 473 3206 ulterioris
496 3164 587 3210 causa
609 3147 678 3221 luit,
702 3147 795 3210 duuac
816 3147 936 3212 taudem
958 3167 1037 3212 auno
1060 3151 1126 3224 boo,
1150 3167 1216 3212 cum
1241 3149 1333 3212 otium
1357 3143 1536 3207 electioni·

185 3233 239 3292 bua
262 3249 401 3310 cuperem
423 3234 498 3295 beuc
520 3243 551 3294 et
572 3253 609 3297 es
632 3235 721 3295 cilicii
743 3238 858 3298 ratione
879 3239 1050 3314 transigere,
1074 3249 1137 3298 toto
1160 3238 1251 3300 scinu
1273 3236 1385 3312 impetu
1408 3235 1437 3290 in
1460 3229 1539 3294 bauo
1639 3245 1641 3253 “

183 3322 337 3381 materiam
358 3319 410 3397 (de
433 3338 563 3397 numero,
587 3325 752 3400 quantitate
767 3333 797 3385 et
812 3331 896 3386 motu
910 3325 1040 3401 orbium)
1062 3327 1182 3386 incubui
1183 3365 1289 3388 .....
1333 3317 1536 3386 Ioterovasn

185 3417 214 3469 at
234 3407 362 3468 Martem
385 3409 544 3485 interposui
567 3427 677 3474 novum
700 3410 859 3489 planetam,
882 3414 1010 3488 itemquo
1033 3412 1125 3474 alium
1148 3415 1222 3474 luter
1244 3411 1388 3475 Venerem
1411 3415 1441 3467 at
1456 3406 1538 3472 lies·

184 3497 306 3567 curium,
329 3511 404 3572 quos
420 3495 495 3558 duos
516 3497 591 3558 iostc
613 3499 652 3558 ob
675 3497 837 3559 exilitatem
851 3516 909 3560 nors
926 3499 1087 3576 rideamus,
1110 3503 1206 3578 lisque
1221 3517 1277 3560 aua
1292 3506 1424 3575 tempora
1439 3499 1538 3572 perio·

184 3581 250 3644 dica
273 3582 425 3660 adscripsi.
469 3583 518 3646 Sic
541 3587 619 3646 euim
642 3587 857 3660 existimabam,
880 3603 928 3648 ma
943 3587 1074 3665 aliquam
1089 3588 1300 3666 aequalitatem
1316 3585 1538 3664 proportionum

184 3671 354 3732 effecturum
356 3712 463 3732 .....
508 3672 617 3734 Aestas
647 3691 722 3752 pena
745 3681 808 3736 tota
829 3674 887 3736 bac
909 3691 995 3741 cruos
1018 3675 1140 3754 perdita
1185 3677 1242 3736 Dio
1265 3670 1329 3756 ⁹lrs·
1353 3671 1430 3736 iulii
1452 3689 1538 3736 mou·

182 3767 327 3818 straturus
358 3758 542 3822 auditoribus
574 3761 814 3838 conjunctionum
841 3778 1013 3839 magnarum
1035 3763 1129 3824 saltus
1151 3781 1204 3841 per
1225 3769 1333 3825 octoua
1354 3763 1458 3838 sigua,
1489 3760 1538 3822 iu-

183 3848 287 3923 acripei
309 3846 403 3908 multa
424 3847 572 3926 insugula
593 3849 689 3910 aldem
712 3849 830 3920 circuio.
853 3853 896 3912 sic
918 3858 953 3910 ut
973 3850 1039 3912 linis
1062 3853 1149 3912 unius
1171 3860 1249 3912 asset
1266 3850 1385 3910 alterius
1406 3848 1537 3924 iuitiumr

184 3937 273 4012 igitur
295 3935 405 4012 quibus
426 3939 543 4012 punctis
564 3936 659 3998 latura
680 3954 713 3998 sa
734 3945 838 4000 mutuo
860 3937 1019 4011 secabaut,
1044 3939 1081 3998 iis
1103 3940 1198 4000 minor
1220 3937 1353 4000 cucullus
1377 3934 1538 3998 adumbra-

183 4022 278 4084 batur.
325 4021 480 4098 l'roportio
503 4025 577 4084 iuter
600 4033 756 4100 utrumque
779 4024 920 4088 circulum
937 4023 1092 4088 videbatur
1113 4026 1218 4087 similia
1235 4025 1286 4101 iiii,
1310 4041 1386 4100 quse
1401 4029 1448 4084 est
1463 4023 1539 4086 intas

184 4105 206 4184 ἦ
231 4117 261 4170 et
287 4103 342 4190 Ἡ,
372 4117 402 4172 st
432 4110 609 4188 triangulum
632 4114 727 4190 prima
749 4119 813 4174 arat
833 4111 1007 4188 figurarum,
1033 4115 1112 4175 siout
1135 4111 1158 4193 ἦ
1179 4125 1210 4175 et
1235 4115 1259 4188 'l
1283 4115 1369 4190 primi
1391 4109 1538 4186 plumae

183 4197 310 4259 renuas
333 4195 538 4274 quadrangulo
562 4199 733 4260 distantiam
756 4207 780 4270 A
807 4207 836 4261 at
855 4195 902 4280 il,
926 4199 1148 4279 quinquanguio
1172 4204 1287 4264 tertiam
1303 4208 1358 4262 otc.
1389 4197 1538 4274 Cogitavi,

184 4283 240 4348 bac
262 4285 314 4348 vis
334 4301 488 4362 uunquam
508 4303 556 4347 mo
578 4295 786 4364 perrecturam
807 4287 847 4348 ad
869 4285 985 4364 Solem,
1012 4307 1111 4368 usqua
1135 4307 1255 4352 caueam
1277 4287 1460 4359 babituram,
1487 4301 1539 4346 our

182 4373 281 4464 potius
300 4373 364 4432 sint
386 4377 404 4432 6
428 4389 518 4449 quam
533 4377 574 4433 20
591 4375 640 4436 vul
659 4381 719 4436 100
736 4376 822 4436 orbes
845 4375 978 4442 mobiles.
1008 4376 1136 4440 Rursum
1156 4377 1317 4438 instabant
1340 4371 1411 4450 quid
1426 4371 1539 4450 ligassa

181 4460 289 4540 planae
312 4461 389 4520 inter
410 4459 524 4522 solidos
548 4461 656 4524 orbes?
692 4460 796 4524 Solida
818 4466 917 4540 potius
940 4479 1063 4542 corpora
1077 4463 1229 4527 adeantur.
1259 4463 1343 4536 Eoos,
1365 4460 1466 4535 lector,
1490 4461 1539 4522 iu·

182 4557 302 4612 reatum
325 4547 384 4610 boc
407 4555 439 4608 et
461 4551 613 4610 materiam
629 4551 720 4610 totius
734 4550 822 4627 buJue
837 4551 971 4628 opusculi
989 4552 1173 4632 (ldysterii
1196 4547 1539 4627 (losmograpbici.i

282 4635 465 4700 Resolutic:
490 4635 598 4699 Variae
620 4653 752 4698 amorum
776 4637 1004 4702 vicissitudisea.
1053 4647 1102 4702 17.
1127 4639 1296 4700 Decembris
1318 4640 1443 4714 primsss
1465 4636 1539 4700 sciisi

180 4725 299 4787 verbum
323 4723 403 4784 dixit
426 4721 577 4784 Vulcanus
601 4724 637 4786 de
660 4743 726 4786 mea
740 4724 855 4788 Venere
877 4744 991 4787 mecum
1014 4726 1144 4806 liganda,
1169 4732 1220 4786 22.
1240 4725 1411 4786 Decembris
1433 4727 1539 4786 iterum

175 4816 253 4880 iacis
274 4813 391 4876 mantio
416 4827 468 4874 cor
490 4815 595 4890 tetigit.
640 4813 749 4878 Rcctor
769 4813 863 4878 bostis
886 4814 1067 4894 puiculosus
1090 4817 1119 4880 ia
1142 4813 1199 4876 dns
1221 4813 1300 4876 ausi.

278 4913 415 4974 Rectoria
432 4927 546 4970 musore
561 4913 591 4969 iu
608 4913 748 4986 uusado
761 4913 898 4973 undeasi
916 4913 1083 4988 iurabatur
1099 4913 1135 4971 ab
1146 4927 1218 4971 auso
1228 4913 1423 4974 totuisttat
1439 4915 1538 4972 loac-
