3662 5544
276 365 343 436 ‘180
681 447 686 458 Ι
787 368 852 427 Vita
866 365 1118 439 ioanniaKepleri

277 565 325 610 ne
346 563 399 626 par
421 548 651 626 quinquennium
671 550 733 628 jam
748 551 837 612 tonos
851 557 971 628 rogatus
990 546 1203 628 iucundissimo
1223 563 1280 617 suo
1301 563 1354 625 per
1374 545 1473 606 literas
1494 539 1623 619 alloquio

278 639 417 715 privavit,
438 639 537 698 neseio
561 654 620 715 quo
642 657 697 699 suo
721 638 843 702 consilio
859 655 963 700 maore
978 639 1097 698 merito:
1122 636 1335 698 circumventus
1357 635 1446 710 igitur
1459 629 1624 706 solitudine,

277 724 320 786 in.
343 723 379 784 lb
403 723 440 783 V.
464 727 527 802 ipse
550 726 623 787 mihi
644 725 809 788 advocatus
831 723 920 790 etiarn
942 732 1031 802 atque
1053 725 1143 785 etlam
1157 741 1238 800 rogo,
1261 731 1295 783 ut
1316 721 1388 782 mibi
1409 720 1547 796 rescripto
1570 717 1625 777 ali-

279 827 338 888 quo
362 809 544 873 voluntatem
565 831 649 874 nans
671 832 761 892 super
781 814 838 876 hae
860 833 891 876 re
909 813 1089 890 significent,
1113 811 1239 890 danique
1261 829 1308 873 nne
1322 811 1380 871 sibi
1395 804 1625 869 commendatum

280 898 419 960 habeant.
465 900 573 964 Valeto
597 908 647 964 12.
671 903 744 964 Dec.
772 908 865 964 1601.
888 902 1013 979 Pragae.

1020 1094 1024 1101 ·
1144 1074 1374 1168 officiosissimus
1396 1079 1428 1134 et
1447 1073 1628 1150 gratissimus

1235 1161 1396 1240 discipulos
1417 1169 1447 1222 et
1470 1161 1543 1221 ciris

1240 1249 1282 1310 Μ.
1305 1250 1357 1311 Jo.
1381 1247 1542 1326 chlcraa.

386 1366 549 1436 (insculpum
568 1369 730 1440 Magnifieis,
749 1371 933 1438 Reverendis,
952 1369 1109 1436 Nobilibus,
1126 1366 1289 1425 oianssimis
1307 1365 1532 1434 Doctissimisque
1550 1363 1630 1434 Viris,

279 1453 338 1508 DI).
357 1453 468 1508 Rectori
486 1461 514 1510 et
533 1456 711 1515 Senatoribus
734 1458 853 1528 inclytae
870 1457 1061 1514 Universitatia
1078 1455 1272 1524 Tabianensia,
1298 1455 1350 1510 Du.
1369 1451 1491 1524 patronis
1509 1458 1537 1510 et
1553 1467 1629 1522 prae·

279 1536 436 1609 captoribus
454 1539 522 1595 meis
541 1542 739 1601 colendissimis
758 1553 812 1604 etc.
847 1545 998 1614 Tubingen.

384 1627 534 1696 (Responsio
552 1638 653 1686 senatus
671 1637 703 1688 ad
720 1637 765 1688 has
783 1637 869 1688 literae
886 1637 979 1700 legitur
995 1637 1045 1686 vol.
1063 1637 1095 1689 ll.
1114 1651 1142 1702 p.
1160 1632 1216 1701 34.)

385 1767 430 1823 Ex
458 1770 584 1840 epistolis
611 1771 725 1846 Kepleri
753 1779 781 1830 et
808 1775 955 1832 amicorum
983 1773 1053 1830 dalis
1079 1771 1247 1843 redditisque
1273 1771 1414 1840 sequentia
1441 1769 1631 1828 desumsimus.

280 1855 411 1913 Paulus
433 1856 636 1932 Vindungus
658 1877 752 1918 mense
769 1863 919 1920 Februario
942 1862 1081 1934 accepisse
1099 1878 1129 1919 se
1147 1859 1230 1917 refert
1247 1859 1360 1929 Kepleri
1376 1859 1482 1928 literas,
1508 1875 1533 1914 c.
1551 1857 1633 1913 fluam
1707 1917 1712 1926 ,

280 1945 344 1998 anni
365 1945 441 2002 1603.
461 1945 553 2002 datas:
574 1949 719 2018 ,quoniam
737 1949 943 2021 aliqnammulta
956 1950 1121 2020 minimeque
1139 1947 1260 2018 vulgaria
1277 1946 1363 2002 literis
1383 1946 1438 2003 tuis
1451 1945 1633 2016 continentur,

221 2060 226 2068 ·
281 2029 389 2088 veniam
406 2031 473 2089 mihi
491 2034 578 2106 dabis,
597 2037 620 2093 si
638 2037 673 2092 ad
691 2021 797 2108 singula
814 2037 897 2109 paulo
917 2040 1005 2095 fusius
1023 2037 1211 2108 respondeam.
1243 2033 1397 2090 Primnma
1415 2040 1443 2088 to
1460 2033 1635 2088 vehementer

280 2117 424 2188 contendo,
443 2133 478 2176 ne
495 2121 581 2193 Papio
600 2139 772 2196 succenseas,
791 2125 864 2196 quod
883 2126 907 2181 is
925 2125 991 2180 mihi
1009 2130 1115 2196 partem
1133 2123 1271 2178 literarum
1290 2127 1412 2191 tuarum,
1437 2120 1465 2176 in
1483 2119 1584 2190 quibus
1602 2118 1634 2174 dc
1680 2143 1682 2151 ·

280 2213 355 2263 motu
374 2207 471 2264 Martis
490 2205 666 2281 disserueras,
686 2211 892 2270 communicavit
894 2253 986 2271 .....
1024 2213 1164 2280 Quaenam
1175 2209 1267 2280 Dasp
1273 2207 1410 2281 podius,
1427 2209 1491 2265 olim
1502 2215 1634 2281 patronus

280 2300 309 2350 et
326 2293 418 2351 fautor
435 2311 525 2368 meus,
549 2297 638 2354 auimo
661 2300 823 2371 inseverit,
850 2315 884 2355 ex
908 2299 1010 2355 scheda
1027 2297 1157 2368 adjuncta
1178 2295 1270 2352 videre
1293 2297 1381 2354 licet-i
1419 2299 1634 2368 (bisuntinorum

281 2387 470 2438 institutionum
489 2390 718 2440 mathematicorum
735 2390 796 2440 libri
812 2391 870 2446 XV.
889 2395 936 2446 etc.
954 2389 1006 2446 Cfr.
1024 2389 1178 2438 Hanschlum
1195 2403 1222 2452 p.
1243 2389 1314 2455 nna.)
1346 2386 1396 2442 His
1414 2385 1556 2456 subJ'ungit
1572 2385 1634 2441 Vir·

280 2468 387 2540 dungus
410 2469 491 2540 plura
514 2473 547 2528 de
569 2472 625 2528 vita
650 2473 812 2548 Dasypodii,
841 2475 888 2546 qui
916 2492 960 2532 ras
988 2472 1135 2529 familiares
1157 2472 1232 2526 vario
1255 2471 1335 2528 modo
1361 2470 1478 2528 afflictas
1506 2478 1634 2542 expertus

281 2573 343 2614 esse
362 2558 474 2618 dicitur:
508 2561 632 2627 ,Arcana
651 2547 785 2631 acaedam
803 2561 844 2618 vis
862 2562 913 2620 fati
931 2563 1052 2626 videtur,
1078 2565 1109 2616 ut
1127 2557 1173 2630 qul
1199 2557 1376 2614 studuisse
1398 2566 1454 2616 tam
1472 2557 1635 2614 excellentis

207 2641 209 2652 '
279 2649 412 2718 tractant,
437 2663 498 2708 cunr
516 2647 610 2704 multis
628 2647 837 2706 adversitatibus
856 2647 1007 2705 conflictari
1024 2661 1138 2702 necesse
1155 2645 1286 2716 babeant,
1309 2662 1379 2717 quae
1400 2646 1510 2704 illorum
1526 2647 1636 2704 labores

280 2730 420 2789 retardant
436 2721 480 2791 vel
497 2734 649 2806 impediunt
666 2751 794 2808 prorsus,
819 2735 917 2806 quibus
936 2735 1093 2806 Tychonem
1112 2733 1261 2790 exereitum
1283 2731 1368 2788 fuisse
1392 2750 1425 2790 ac
1442 2739 1470 2789 te
1488 2735 1635 2791 etiamnum

280 2821 401 2875 exerceri
419 2819 541 2878 videant
546 2865 658 2880 ......
698 2825 915 2896 ,Saepenumero
934 2823 1040 2894 optavi,
1066 2825 1098 2877 ut
1114 2821 1224 2878 tandem
1243 2821 1389 2894 aliquando
1408 2825 1501 2894 Tvoho
1525 2825 1636 2882 inventu

280 2921 331 2962 sua
348 2906 508 2977 publicaret.
546 2911 631 2982 Cujus
650 2911 759 2982 quidem
782 2910 838 2965 voti
863 2925 923 2966 eum
941 2924 977 2966 ex
995 2914 1074 2980 paria
1089 2907 1148 2982 jam
1166 2909 1217 2964 sim
1240 2926 1351 2981 compos
1375 2911 1464 2970 factus
1487 2918 1517 2967 et
1539 2909 1634 2967 funda·

281 2999 374 3048 menta
391 2997 540 3067 praecipua
554 2998 630 3068 jacta
648 2995 766 3068 videam,
790 3001 870 3053 tanto
887 2999 973 3068 magis
991 2997 1027 3052 ad
1044 3013 1092 3066 ea,
1111 3013 1181 3067 quae
1199 2999 1367 3068 perficienda
1377 3007 1500 3071 11111111,
1526 3000 1635 3058 anhelo.

281 3078 341 3148 Qua
359 3078 387 3135 iu
405 3089 485 3152 parte
503 3089 531 3141 te
549 3083 730 3156 plurimorum
748 3084 889 3142 desideriis
908 3084 1111 3140 sadsfacturum
1129 3083 1204 3140 haurd
1215 3102 1285 3142 vana
1297 3101 1447 3158 speramus,
1466 3095 1594 3158 optantes
1606 3094 1636 3144 ιι1

282 3166 465 3240 difficultates,
486 3172 586 3242 quibus
605 3189 635 3229 es
654 3173 859 3245 mrcumsaptus,
879 3178 1070 3230 removeantur
1087 3179 1116 3228 et
1134 3179 1242 3230 tuorum
1263 3175 1388 3233 laborum
1404 3176 1473 3234 ratio
1491 3177 1636 3234 habeatur.

282 3255 439 3313 Simultates
457 3257 507 3315 tibi
526 3275 588 3316 curo
606 3260 770 3320 haeredibus
783 3259 920 3332 Tychonis
938 3261 1116 3333 intercedere,
1135 3261 1235 3320 invitus
1252 3263 1385 3334 intelligo,
1405 3279 1472 3333 qnae
1491 3265 1598 3336 sopitas
1610 3271 1638 3322 et

281 3343 432 3400 exstinctas
454 3361 589 3416 cuperem.
625 3349 757 3408 Rationes
781 3348 848 3406 saus
872 3347 1041 3418 ponderosas
1065 3363 1199 3420 agnosco,
1226 3345 1324 3421 quibus
1348 3351 1476 3410 inductus
1495 3369 1541 3428 ea,
1566 3368 1636 3424 quae

280 3436 451 3508 propalanda
469 3435 591 3493 nondum
609 3444 686 3506 sunt,
710 3437 781 3493 intra
799 3437 920 3508 privatos
939 3435 1029 3493 adhuc
1048 3437 1166 3508 parietes
1185 3439 1302 3497 retineas
1303 3480 1417 3498 ......
1452 3441 1637 3498 Vehementer

280 3525 406 3597 optarim,
432 3529 463 3582 ut
481 3527 639 3582 amanuensi
657 3533 705 3582 tuo
723 3525 882 3597 prospicere
899 3524 933 3582 de
951 3524 1097 3597 commoda
1111 3525 1266 3583 conditione
1287 3543 1409 3598 possem;
1435 3527 1483 3584 sed
1508 3529 1637 3600 quoniam

280 3631 354 3672 nunc
371 3617 400 3672 in
417 3613 478 3672 loco
497 3615 640 3673 minusad
658 3631 717 3672 eam
735 3627 792 3669 rem
810 3612 1023 3686 promovendam
1046 3614 1172 3683 apposito
1195 3613 1309 3688 haereo,
1335 3615 1428 3688 doleo,
1455 3635 1498 3676 me
1516 3620 1637 3691 idquod

281 3705 398 3760 manime
421 3702 502 3760 velim
528 3710 668 3774 praestare
692 3719 723 3758 re
742 3703 803 3774 ipsa
820 3689 952 3771 pa'riicere
978 3699 1087 3755 minime
1111 3716 1195 3770 posse
1196 3741 1288 3760 .....
1324 3693 1404 3776 Quod
1421 3705 1532 3764 lunares
1551 3709 1637 3780 hypo·

280 3793 374 3851 theses
393 3797 422 3848 et
440 3791 549 3848 tabulas
568 3805 584 3848 a
602 3791 731 3864 Tychone
750 3777 923 3846 const‘ructas
941 3787 969 3843 in
987 3786 1101 3844 formam
1124 3787 1274 3846 faciliorem
1292 3793 1444 3865 redegeris,
1468 3811 1525 3852 nou
1542 3797 1636 3867 poeui-

190 3909 192 3912 ·
280 3881 392 3938 tendam
413 3895 528 3952 operam
546 3885 574 3936 te
591 3879 699 3936 locasse
713 3878 816 3951 judico.
853 3875 989 3931 Audenter
1012 3881 1127 3945 expeto,
1153 3883 1185 3933 ut
1208 3877 1257 3934 iiis
1280 3887 1329 3938 tua
1354 3883 1550 3954 compendiosa
1566 3885 1635 3942 ratio

281 3986 336 4027 una
355 3987 417 4026 cum
437 3967 642 4026 Commentariis
660 3968 688 4024 in
707 3968 837 4038 Martem,
862 3961 1009 4020 Vitellioue
1025 3979 1096 4018 nova
1119 3967 1277 4024 accessione
1300 3968 1466 4041 locupletato
1484 3973 1638 4042 ceterisque

281 4073 315 4114 ex
334 4056 497 4128 politissima
521 4055 622 4127 ingenii
640 4056 680 4113 tul
699 4053 808 4112 officina
825 4050 1024 4125 prodeuntibus
1046 4051 1134 4122 primo
1153 4067 1262 4122 quoque
1285 4061 1409 4128 ternpore
1432 4057 1522 4114 lucem
1541 4057 1636 4130 adspi-

282 4150 379 4208 cienti
417 4147 529 4219 chleri
545 4146 752 4218 responsionem
770 4146 860 4202 datam
879 4156 940 4198 esse
957 4154 1050 4194 mense
1067 4139 1155 4209 Aprili
1169 4141 1246 4212 1604,
1265 4133 1330 4214 ipse
1342 4143 1427 4202 refert
1438 4147 1597 4218 Virdungus
1608 4149 1636 4202 in

282 4237 368 4295 literis
380 4234 586 4307 posterioribus,
605 4249 675 4306 quac
687 4248 751 4298 vero
763 4232 832 4290 nihil
845 4231 956 4299 habent,
974 4243 1008 4282 ex
1021 4243 1075 4298 quo
1088 4227 1153 4298 quid
1166 4230 1337 4300 responderit
1348 4233 1483 4304 Keplerus
1495 4243 1638 4306 appareat.

387 4325 541 4382 Jacobua
560 4323 837 4393 Christmannus,
856 4319 995 4391 professor
1007 4314 1254 4387 Heidelbergensis,
1273 4317 1403 4376 describit
1413 4321 1441 4378 in
1459 4321 1547 4379 literis
1561 4323 1596 4392 (d.
1610 4324 1637 4379 d.

283 4417 325 4472 11.
344 4415 425 4484 Apr.)
444 4411 583 4484 speculam
601 4411 810 4468 astronomicam
828 4406 1086 4473 Heidelbergensem
1109 4411 1136 4460 et
1153 4405 1225 4475 petit
1242 4421 1259 4460 a
1277 4405 1395 4476 lieplero
1419 4417 1467 4474 ,ut
1490 4410 1525 4465 de
1544 4411 1635 4468 obser·

282 4501 436 4577 sationibus
459 4497 622 4557 coelestibus
641 4505 668 4554 et
687 4497 818 4556 deurode
838 4493 1030 4553 astronomiam
1051 4499 1186 4564 promtam
1210 4511 1244 4550 ac
1266 4495 1373 4552 facilem
1396 4504 1553 4569 certamque
1572 4516 1636 4556 con·

284 4589 366 4646 dandi
383 4605 432 4660 per
449 4589 544 4644 literas
562 4587 695 4644 disserere
713 4606 768 4645 non
785 4587 937 4657 moretm·
962 4581 1013 4638 His
1026 4579 1101 4637 addit
1113 4579 1252 4651 professor
1264 4581 1418 4654 inguarum
1430 4585 1535 4644 sancet
1547 4588 1634 4644 orien-

283 4675 392 4732 talium:
414 4675 544 4742 ,Gratum
563 4674 644 4732 etiam
662 4675 729 4732 mihi
746 4675 837 4743 fuerit,
856 4672 879 4729 ai
898 4686 967 4742 quos
985 4667 1127 4740 scrupulos
1145 4671 1301 4740 concepisti,
1322 4673 1467 4744 exquibus
1484 4677 1635 4744 tepenitus

284 4762 408 4819 evolvere
425 4760 684 4832 nequeas,'eosdem
702 4762 767 4819 mibi
785 4757 980 4827 communicas3
1005 4755 1075 4812 dabo
1095 4756 1166 4811 enim
1185 4772 1309 4831 operam,
1329 4767 1360 4818 ut
1378 4759 1520 4818 consilium
1540 4772 1635 4820 sanum

284 4855 313 4908 et
330 4847 452 4908 solutam
469 4850 611 4922 inveniam,
629 4852 654 4911 ai
671 4867 727 4910 non
744 4851 853 4924 plenam
870 4843 1065 4906 resolutionem
1083 4859 1232 4920 surgerem
1249 4847 1380 4907 1111111.ιι
1411 4847 1549 4908 iudicium
1560 4849 1634 4920 Kep-
