3624 5554
254 399 319 468 736
760 399 825 458 vira
841 399 956 458 Joaunis
972 400 1095 473 chlcrl.

251 579 347 656 priore
363 573 459 637 ollieio
482 593 529 638 res
544 595 562 637 a
577 575 699 654 llagnll.
722 576 789 638 Tua
804 581 922 658 incepta
935 585 968 641 et
983 579 1031 641 0⁴·
1046 577 1096 639 Ml
1122 583 1274 659 proposita
1289 581 1337 653 sit,
1361 581 1410 640 O*
1425 579 1491 642 lt*
1514 581 1603 642 etiam

254 667 446 725 consenserit:
477 663 689 742 providendum
719 675 796 725 certe
819 669 889 726 mibi
917 669 988 742 luit,
1020 685 1057 728 na
1080 670 1220 745 imprimis
1244 669 1301 728 θ’·
1322 667 1404 739 blm,
1428 679 1490 730 tam
1512 671 1602 728 etiarn

253 752 353 828 Magn.
368 751 463 812 Tuam
478 752 651 827 ludificator,
675 755 744 829 quin
767 757 871 832 potius·
891 754 939 816 vcl
961 773 1026 815 enm
1050 755 1155 816 damno
1178 773 1244 817 mco
1261 757 1386 834 Pragcm
1409 759 1479 818 irem
1503 757 1603 832 ibique

252 857 313 899 rem
338 839 383 899 vel
407 841 524 917 penitus
547 841 709 901 conlectum
733 843 836 918 (quum
859 860 941 920 spem
963 843 1066 904 literae
1089 854 1158 904 tuce
1180 847 1210 902 in
1227 843 1386 905 adrentum
1405 862 1502 904 mcum
1517 861 1604 921 prac-

246 926 391 1005 beerurrt)
422 936 563 1004 quantum
593 932 691 988 inme
719 938 798 990 essct
827 929 1032 1008 amplecterer,
1063 942 1205 1008 quantum
1234 949 1304 993 vero
1327 935 1355 992 ln
1380 931 1515 1009 Principe
1538 948 1604 991 tneo

253 1017 350 1088 situm,
375 1032 426 1091 per
448 1015 577 1093 legatum
600 1015 664 1094 ejus
688 1015 724 1076 D.
748 1015 785 1076 D.
809 1017 958 1094 Doldium,
982 1021 1032 1096 qui
1054 1017 1168 1096 Progne
1191 1028 1277 1094 esset,
1301 1019 1485 1098 expedirem,
1509 1019 1556 1080 vel
1578 1021 1603 1078 ai

252 1104 348 1163 adbuc
369 1112 484 1178 praeter
507 1107 678 1181 opinionem
696 1111 777 1164 tuam
799 1108 829 1164 iu
853 1105 942 1166 dubio
965 1123 1108 1183 suspense
1134 1108 1231 1166 futura
1258 1118 1353 1183 esaei,
1376 1110 1418 1168 uti
1442 1116 1503 1167 tum
1527 1108 1604 1167 vires

253 1207 333 1250 meas
357 1192 557 1268 explorarem,
583 1201 731 1252 sumtuum
762 1196 904 1253 rationem
933 1195 1035 1255 inirem
1058 1202 1087 1254 ct
1110 1197 1281 1273 quantisper
1305 1199 1368 1256 sinc
1390 1197 1517 1272 pernicie
1540 1211 1606 1254 mea

253 1281 395 1338 incertum
417 1280 446 1336 in
471 1288 606 1340 eventum
630 1282 704 1340 meis
727 1281 881 1356 impensis,
913 1281 994 1342 nullo
1017 1281 1125 1342 salario
1149 1291 1317 1360 exspectare
1345 1285 1456 1361 possim
1478 1299 1604 1360 perpen-

254 1363 367 1442 derem3
392 1367 451 1442 nbi,
474 1369 500 1426 si
524 1375 623 1428 tantae
646 1385 754 1442 morae,
778 1377 903 1445 quantas
926 1367 1376 1447 postulataule·1mpcreteria,
1399 1387 1489 1447 supre
1509 1367 1604 1430 iacul-

253 1464 331 1513 tutes
354 1472 434 1513 rnees
459 1463 566 1528 essent,
590 1459 739 1532 negotium
762 1458 824 1533 ipsc
847 1474 985 1534 praesens
1008 1457 1137 1533 legitime
1160 1467 1190 1518 et
1212 1475 1278 1518 eum
1299 1457 1401 1537 Magn.
1423 1457 1506 1519 Tuae
1530 1459 1604 1517 mei·

254 1559 311 1619 quc
334 1543 427 1620 ipsius
450 1543 638 1602 excusatione
661 1545 777 1621 penitus
801 1543 973 1605 desererem.

358 1627 443 1704 Quod
468 1629 504 1688 ed
529 1629 665 1690 alterurn:
691 1632 745 1690 etsi
768 1629 839 1691 mihi
856 1629 977 1691 dubium
993 1649 1143 1710 nunquam
1159 1648 1253 1710 neque
1276 1631 1331 1691 luit
1346 1647 1440 1708 neque
1456 1639 1510 1711 est,
1533 1633 1604 1708 quin

253 1724 282 1778 et
304 1717 436 1794 impense
465 1735 511 1778 mc
535 1735 615 1778 ames
639 1725 668 1778 et
690 1719 800 1795 optime
828 1729 994 1796 promotum
1023 1720 1096 1780 velis
1118 1727 1148 1781 ct
1169 1709 1273 1797 bujua'
1287 1719 1327 1780 rei
1356 1717 1604 1780 luculentissimus

253 1806 283 1863 in
306 1803 373 1865 loco
397 1814 456 1865 tam
479 1804 648 1881 splendido,
673 1812 755 1866 tanta
777 1809 882 1866 summi
904 1807 1083 1868 Monarcbae
1104 1809 1208 1884 gretia,
1232 1807 1342 1868 babeas
1366 1809 1551 1880 occasiones,
1578 1808 1604 1866 ai

253 1893 365 1952 moiam
389 1909 446 1970 ego
467 1893 541 1954 serre
564 1897 695 1970 possein,
719 1897 979 1972 tamentationes,
1007 1897 1113 1972 quibus
1135 1911 1275 1972 praesens
1297 1911 1393 1954 meum
1416 1896 1604 1956 infortunium

255 1997 311 2058 ope
335 1979 436 2040 divina
458 1980 621 2056 sublevem,
644 1981 721 2041 aliae
740 1979 812 2042 mihi
834 1992 903 2042 sunt
924 1985 1031 2062 partim
1053 1985 1247 2056 necessariae,
1270 1986 1375 2062 partim
1399 1985 1447 2056 (ut
1469 1991 1538 2042 sunt
1558 1999 1604 2042 res

250 2085 334 2128 meae
358 2069 474 2144 tenues)
498 2071 592 2146 magis
616 2069 712 2130 utiles.
758 2069 831 2131 Cum
855 2073 931 2130 enim
951 2071 1017 2149 jure
1042 2071 1217 2148 obligatorie
1241 2079 1350 2142 tenear,
1376 2088 1494 2148 operam
1510 2088 1604 2131 meam

250 2159 345 2234 priore
374 2159 566 2234 magistratu,
598 2161 645 2217 cul
675 2158 756 2219 illem
784 2175 819 2220 cx
850 2173 990 2222 concessu
1018 2159 1162 2236 Principis
1193 2160 1251 2218 mel
1280 2159 1393 2218 nutricii
1424 2157 1603 2234 addixeram,

249 2244 419 2318 liberatem,
443 2244 538 2305 eidem
562 2248 686 2306 nutricio
709 2263 775 2306 meo
798 2249 982 2320 renunciare,-
1011 2249 1171 2308 rectissime
1194 2263 1264 2306 sanc
1287 2246 1357 2305 mibi
1382 2247 1604 2322 consuluissem,

252 2333 277 2392 ai
301 2341 381 2392 recte
406 2334 453 2392 ria
476 2331 579 2392 Gentio
603 2335 722 2394 ivissem
747 2335 775 2392 in
799 2333 1065 2409 wirtembergiem.
1111 2333 1227 2394 Certum
1251 2336 1328 2394 eninr
1352 2334 1465 2405 babeo,
1495 2335 1544 2410 qni
1568 2351 1605 2396 co

251 2422 372 2479 veniunt
400 2417 518 2495 exules,
548 2423 675 2480 maxime
703 2423 728 2481 si
750 2421 861 2480 alumni
884 2422 1000 2481 luerunt
1023 2421 1181 2498 Principis,
1210 2421 1269 2480 illis
1292 2430 1322 2481 ct
1343 2420 1380 2482 de
1403 2424 1482 2480 riettr
1507 2425 1605 2482 statim

252 2514 282 2566 et
306 2505 341 2568 dc
365 2507 581 2568 conditionibus
603 2511 696 2586 primo
728 2525 846 2585 quoque
875 2516 1004 2587 tempore
1035 2511 1172 2588 prospici.
1216 2507 1279 2586 Ego
1304 2525 1374 2568 vero
1396 2517 1510 2587 praeter
1532 2507 1606 2570 lraee

252 2597 352 2656 omnia
374 2597 462 2654 ctiam
485 2613 503 2655 a
526 2597 765 2674 praeceptoribus
787 2597 860 2657 meis
891 2599 920 2656 in
943 2595 1095 2658 academia
1117 2595 1300 2674 'lubingenai
1325 2595 1388 2673 jam
1419 2595 1530 2674 pridem
1554 2615 1605 2658 saa

250 2683 347 2743 babeo
370 2686 587 2759 promissiones,
612 2692 643 2742 ut
665 2685 767 2744 merito
792 2702 827 2744 ex
851 2685 1057 2761 conjunctione
1072 2684 1216 2760 Principis
1239 2701 1305 2743 eum
1328 2681 1479 2744 academie
1499 2701 1607 2761 magna

251 2771 321 2831 mibi
345 2788 413 2848 spes
436 2773 517 2830 nesci
541 2770 656 2831 debeat.
705 2771 897 2849 litque-bace
926 2774 976 2833 sia
998 2779 1077 2834 curel
1101 2774 1230 2832 omnium
1253 2771 1545 2848 compendiosissima
1567 2772 1605 2832 ad

251 2875 317 2918 urea
340 2859 502 2936 mitiganda
523 2857 719 2919 incommoda.
765 2859 867 2920 Altera
890 2867 950 2934 est,
973 2867 1006 2920 ut
1028 2861 1054 2920 al
1076 2877 1123 2920 me
1145 2875 1252 2919 causae
1274 2859 1371 2918 lorsan
1395 2859 1472 2919 aliae
1496 2859 1606 2936 (qualia

252 2954 297 3007 eat
319 2957 419 3018 nostra
437 2947 501 3024 jum
524 2948 673 3023 tractatio)
697 2947 823 3024 Praganr
847 2947 1040 3022 deducerent,
1064 2949 1107 3018 uti
1131 2948 1243 3006 lumin
1269 2965 1304 3008 ca
1327 2945 1412 3020 urbe,
1447 2963 1551 3024 nempe
1575 2949 1605 3008 in
1658 3019 1667 3032 ἢ

252 3043 399 3096 conventu
426 3035 589 3110 legatorum
613 3053 648 3095 cx
674 3035 821 3111 plerisque
851 3037 1010 3112 provinciis
1041 3037 1139 3095 statim
1169 3033 1241 3094 mibi
1270 3036 1481 3110 prospicerem,
1512 3036 1605 3112 primo

253 3123 382 3180 omnium
404 3121 533 3198 legatum
551 3123 822 3200 Winembcrgicum
838 3123 1010 3199 alloquerer,
1035 3138 1072 3182 an
1093 3120 1254 3193 commode,
1278 3139 1370 3198 perro
1393 3129 1499 3194 sumtu,
1525 3139 1607 3183 eom·

253 3206 491 3268 mundationibus
523 3211 615 3287 ipsius
646 3209 765 3286 adjutus
789 3211 817 3268 in
841 3209 1097 3286 wirtembergianr
1121 3211 1162 3268 ire
1184 3210 1304 3286 possim,
1328 3225 1364 3268 nn
1388 3212 1606 3270 concessionem

252 3295 323 3356 mibi
354 3298 391 3356 ab
421 3297 472 3356 illo
496 3297 630 3375 Principe
662 3299 859 3375 impetraret,
877 3297 1180 3358 commendationibus
1209 3297 1314 3356 iterum
1336 3313 1382 3356 me
1407 3297 1541 3374 juvaret,
1574 3305 1607 3360 ut

253 3391 371 3460 propter
393 3383 592 3444 redimendum
611 3387 755 3446 uiaticum
779 3388 808 3444 in
831 3387 1067 3463 propinquiorem
1090 3383 1290 3457 academiam,
1321 3384 1417 3460 qualis
1440 3393 1485 3444 cst
1508 3383 1606 3446 Wile·

148 3543 152 3550 Ι
253 3472 353 3546 berga,
375 3469 462 3542 Jena,
486 3471 588 3550 laipsia
603 3481 658 3533 ete.
675 3489 869 3550 promoverer.
908 3473 992 3532 Hace
1014 3473 1107 3532 altera
1129 3475 1180 3531 via
1195 3479 1249 3542 eat,
1274 3470 1462 3532 Nobilissima
1476 3472 1605 3533 Domine

252 3555 369 3636 Tyeho,
393 3559 582 3618 sublevandis
606 3563 679 3620 meis
702 3563 825 3622 miseriis
848 3561 943 3620 minus
971 3558 1089 3637 quidem
1112 3557 1282 3637 splendidas
1311 3559 1494 3620 conditiones
1516 3559 1607 3638 polli-

251 3663 337 3720 cens,
371 3661 459 3722 quam
482 3664 516 3708 cr
539 3646 608 3706 aula
629 3657 782 3725 sperantur
804 3649 1008 3726 Imperatoria,
1038 3647 1090 3710 sed
1113 3655 1209 3708 tamen
1233 3645 1441 3723 expeditiores,
1467 3650 1496 3706 in
1520 3665 1608 3726 prae·

250 3737 345 3796 rentia
360 3736 498 3796 certiores
514 3734 637 3809 etmihi,
661 3738 712 3812 qui
728 3737 766 3796 eb
782 3737 911 3814 inopiam
928 3753 985 3796 nou
1003 3753 1055 3815 per
1070 3752 1134 3795 snm
1149 3734 1329 3798 sustinendis
1346 3734 1489 3796 dinturnis
1506 3737 1608 3816 moris,

254 3822 445 3900 acceptiores.
774 3891 776 3898 ¹

356 3907 519 3986 Explicavi,
542 3907 612 3985 quid
636 3907 672 3970 de
695 3917 818 3988 utroque
842 3917 892 3970 tue
916 3918 1087 3988 argumento
1103 3911 1245 3986 senilam3
1265 3909 1328 3986 jam
1353 3925 1411 3986 quo
1435 3911 1533 3969 animo
1549 3909 1609 3970 huc

251 3997 380 4060 venerim
403 3997 508 4076 hicque
528 3997 589 4074 jum
613 4015 773 4059 commorer
795 4000 965 4060 recensebo.
1011 3998 1150 4059 Voluisse
1173 4016 1229 4070 me,
1253 4000 1354 4058 statim
1377 4007 1466 4075 atquc
1489 4000 1518 4056 lu
1543 4000 1609 4058 exi-

249 4085 322 4147 llum
345 4089 386 4145 irc
408 4103 473 4144 sum
492 4085 603 4161 jussus,
628 4085 883 4162 Wirtsmbcrgicm
898 4095 1038 4163 repetere,
1058 4089 1120 4163 jam
1137 4086 1249 4162 pridem
1265 4103 1302 4146 cx
1318 4085 1409 4146 literis
1423 4087 1496 4146 meis
1513 4094 1605 4146 tenea.

250 4173 488 4251 Superi-euenum
517 4171 619 4234 literae
650 4183 732 4248 tuas,
765 4190 841 4249 quae
870 4183 900 4233 et
927 4175 996 4232 milri
1028 4182 1059 4233 et
1080 4173 1216 4234 allinitati
1245 4175 1405 4248 amicisque
1434 4175 1506 4234 meis
1536 4175 1609 4232 satis

252 4261 385 4322 efficaces
409 4269 477 4321 sunt
500 4264 599 4334 sisae,
632 4279 708 4337 quae
731 4279 777 4321 me
801 4263 1010 4337 permorerint,
1036 4269 1067 4320 ut
1091 4261 1212 4320 dimisso
1236 4262 1264 4318 in
1288 4259 1329 4320 M.
1353 4259 1435 4320 Tuae
1459 4269 1488 4320 et
1511 4269 1609 4320 ustro-

252 4351 368 4410 nomiac
393 4351 517 4425 gratiam
545 4350 637 4428 inque,
657 4365 754 4408 meum
782 4351 891 4424 ipsius,
920 4351 945 4410 si
969 4349 1051 4408 Dens
1073 4351 1115 4408 ita
1138 4347 1243 4422 vellet,
1275 4347 1371 4424 majus
1398 4350 1608 4408 incrementum

252 4437 347 4496 altero
368 4438 427 4498 mci
446 4435 572 4513 juvandi
603 4435 706 4510 medo,
735 4443 848 4496 retento
878 4453 949 4496 vero
971 4435 1090 4496 alterius
1121 4437 1255 4509 arbitrio,
1287 4452 1341 4514 pro
1365 4435 1610 4512 Wirlernbergico

252 4523 443 4584 Bobcmicnm
466 4525 521 4582 iter
543 4525 709 4601 arriperem.
747 4524 832 4582 Bona
855 4539 925 4584 vero
948 4531 977 4583 ct
1001 4539 1120 4582 uxorem
1143 4541 1208 4582 eum
1232 4525 1368 4600 privigna
1390 4525 1486 4582 risum
1511 4533 1557 4584 est
1579 4526 1610 4580 in

254 4625 369 4670 omnem
392 4619 530 4671 eventum
555 4609 650 4670 laineli
673 4611 843 4687 relinquere,
868 4611 918 4671 ubi
943 4619 1040 4671 essent
1062 4614 1092 4669 in
1107 4613 1209 4670 itinere
1225 4627 1328 4670 versus
1342 4609 1610 4688 wirtembergicm.

252 4694 370 4758 Mutari
393 4699 574 4776 propositum
597 4697 633 4758 de
653 4711 746 4759 'uxore
770 4704 799 4758 et
820 4699 955 4776 privigna
972 4699 1063 4776 (bona
1078 4701 1165 4774 enim,
1189 4699 1265 4758 sicut
1288 4696 1357 4770 diri,
1383 4697 1474 4758 Lineii
1491 4699 1611 4776 reliqui)

187 4831 194 4850 t
252 4781 310 4845 b'oe
331 4795 429 4860 metu,
451 4788 503 4862 qui
522 4786 586 4862 jam
608 4788 638 4844 in
661 4803 708 4846 mc
731 4787 809 4860 erit,
831 4803 869 4846 ne
892 4787 958 4862 quis
981 4804 1017 4848 cx
1039 4786 1124 4846 trebia
1147 4793 1313 4862 aegrotaret
1334 4783 1455 4862 reliquia
1477 4788 1612 4848 absenti-

254 4870 324 4950 bus,
355 4873 430 4932 lnter
455 4875 636 4954 peregrinos.
687 4873 791 4954 ltaque
820 4871 947 4954 Pergam
974 4875 1043 4933 veni
1072 4889 1179 4952 magne
1207 4881 1322 4952 sumtup
1354 4879 1395 4936 60
1427 4873 1552 4956 sapaudi
1581 4877 1612 4934 br
