3624 5554
260 341 266 351 Ι
381 438 386 446 ,
480 379 658 444 emmenum
674 381 812 444 Historiae
829 381 1021 447 Astronomiae
1037 383 1131 444 seculo
1148 385 1220 444 xvi
1467 383 1530 464 649

167 560 354 634 revolverem,
374 559 481 620 nullam
499 576 533 616 ex
551 559 675 617 omnibus
692 559 798 632 inveni,
820 575 893 631 quae
910 561 1092 634 qualicunque
1114 562 1221 620 ratione
1238 565 1360 620 cometae
1377 563 1461 634 hujus
1471 579 1530 621 mo·

170 657 227 707 tum
245 651 389 720 salvaret,
415 651 450 706 iis
473 649 600 720 sepositis
618 648 653 704 ad
672 648 874 720 Cepernici‚
892 657 956 720 post
972 653 1159 710 Ptolemaeum
1176 652 1358 710 astronomiae
1376 668 1439 708 vere
1456 654 1530 724 prin·

173 740 253 812 cipis,
276 740 399 796 mundi
422 737 655 810 symmetriam
677 753 728 792 me
750 737 892 809 recepi.“
930 740 975 794 Ex
991 739 1061 797 libro
1079 741 1126 798 VL
1145 756 1204 812 cap.
1226 744 1249 798 l.
1275 739 1367 812 operis
1385 740 1529 811 Gopernici

174 828 393 898 deprehendisse
415 843 446 884 se
469 826 520 895 ait,
547 824 655 882 collatis
673 825 731 880 suis
749 825 995 898 observationibus,
1021 833 1154 886 cometam
1178 827 1315 884 exstitisse
1338 828 1410 884 circa
1436 826 1528 884 orbem

173 917 294 974 Veneris.
331 917 395 972 Hoc
407 913 488 970 letius
505 913 680 976 demonstrat
698 911 767 970 haec
785 929 848 970 vero
866 915 1030 986 praemittit:
1050 915 1166 984 „invitus
1183 913 1306 985 proiecto
1325 913 1442 970 deiecia
1459 931 1530 970 eoru-

174 1004 247 1062 muni
265 1003 398 1076 opinione
416 1002 451 1058 de
469 1001 645 1071 sphaerarum
662 1000 757 1057 mundi
775 1000 978 1074 distributioue3
1003 1003 1052 1060 sed
1075 1003 1140 1073 quid
1164 1017 1286 1074 agerem,
1311 1000 1530 1072 quandoquidem

174 1092 220 1149 illa
236 1109 292 1148 usu
309 1097 425 1162 recepto
443 1089 534 1160 opinio
552 1105 569 1144 a
586 1089 700 1145 veritato
717 1087 823 1158 delicit,
850 1106 901 1163 neq
919 1091 990 1148 enlm
1007 1093 1067 1164 ipsa
1085 1091 1128 1146 rel
1147 1090 1217 1149 Solis
1241 1089 1285 1146 rel
1302 1090 1418 1148 fixarum
1436 1090 1529 1150 stella·

175 1199 235 1240 rum
253 1189 378 1238 motuum
397 1178 659 1235 demonstrationum
677 1175 810 1249 ιἀριβειαν
828 1179 884 1236 ullo
897 1179 977 1236 modo
990 1187 1081 1252 polest
1093 1179 1171 1250 ferre,
1191 1195 1252 1235 cum
1264 1177 1430 1236 interimilla
1442 1182 1530 1236 altera

174 1270 218 1326 bis
242 1269 370 1326 ommbue
395 1266 560 1334 satisfaciat,
586 1271 614 1322 et
631 1265 739 1333 egregie
756 1266 830 1322 mule
848 1267 935 1322 modis
953 1267 1144 1338 aequalitatem
1162 1282 1293 1326 summam
1311 1283 1372 1323 cum
1389 1268 1531 1338 apparenti

175 1357 259 1426 luins
277 1362 403 1412 comeme
413 1353 609 1424 inaequalitate
621 1352 756 1410 conciliat.
786 1354 873 1412 Malui
891 1370 956 1426 ergo
973 1356 1003 1412 in
1020 1356 1135 1412 aliorum
1146 1371 1288 1412 censuram
1300 1355 1428 1424 incidere,
1447 1370 1530 1424 quam

173 1444 283 1500 veritati
301 1443 489 1500 testimonium
507 1457 562 1499 nou
579 1441 731 1512 perbibere
768 1441 797 1496 Si
814 1441 905 1498 tamen
931 1442 992 1515 quis
1010 1442 1124 1500 meliora
1141 1443 1300 1514 protulerit,
1324 1427 1404 1502 certis
1422 1459 1529 1516 geome-
1551 1446 1555 1454 “

172 1532 243 1589 triae
261 1530 541 1588 demonstrationibus
558 1529 673 1600 incluso,
690 1530 720 1584 in
737 1529 809 1586 viem
825 1545 870 1586 me
887 1529 979 1588 reduci
998 1537 1076 1599 grato
1095 1531 1185 1587 animo
1203 1532 1317 1602 potiar}⁴
1438 1581 1440 1584 .

277 1623 358 1676 Anno
373 1619 443 1676 1580
452 1617 524 1676 elius
542 1619 671 1690 apparuit
689 1625 804 1689 cometa,
823 1633 904 1690 quem
916 1619 1081 1676 Maestlinus
1098 1635 1116 1674 a
1134 1618 1178 1675 die
1195 1619 1221 1678 2.
1234 1617 1360 1690 Octobris
1378 1611 1407 1674 in
1422 1619 1462 1676 12.
1475 1620 1528 1674 De·

172 1706 309 1764 cembrem
332 1706 489 1762 observavit
512 1706 771 1775 observationesque
801 1722 866 1763 enas
889 1706 1087 1777 Heidelbergae
1110 1723 1182 1764 auno
1207 1708 1274 1766 158¹
1302 1707 1431 1777 vulgavit.
1475 1707 1529 1764 Hic

172 1810 283 1867 quoque
302 1794 467 1852 llaestlinue
484 1792 722 1848 Aristotelicorum
740 1793 897 1849 auctoritati
915 1809 945 1850 ee
963 1795 1077 1865 opponit
1099 1793 1181 1865 idque
1204 1795 1326 1866 apertius
1344 1811 1425 1866 quam
1442 1796 1529 1866 prins,

176 1884 270 1940 dicem
290 1883 376 1949 „haec
399 1881 453 1939 tria
470 1881 523 1936 hcc
545 1880 672 1936 octennio
690 1895 762 1937 nova
779 1885 807 1936 et
824 1881 935 1938 insolita
951 1883 980 1938 in
1005 1883 1117 1939 aethere
1141 1889 1288 1954 conspecta
1311 1889 1387 1940 astra
1404 1899 1447 1939 me
1465 1899 1527 1940 con·

171 1972 309 2039 vicerunt,
334 1976 365 2024 ut
383 1983 562 2040 quaecunque
579 1966 822 2038 peripateticorum
841 1967 893 2026 fruit
911 1971 1048 2028 sententie
1066 1971 1100 2027 de
1118 1971 1246 2042 cometis,
1273 1972 1307 2027 de
1324 1971 1393 2028 ebria
1413 1977 1441 2028 et
1458 1971 1529 2041 ignis

172 2055 330 2125 regionibns
349 2054 535 2126 superioribus
553 2060 606 2111 etc.
631 2054 697 2110 mihi
715 2063 845 2126 suspectu
867 2057 917 2128 sit,
942 2058 1015 2129 qnod
1033 2058 1081 2116 illa
1102 2073 1139 2114 ex
1154 2057 1275 2130 physicis
1301 2060 1345 2115 rel
1364 2075 1399 2114 ex
1416 2057 1527 2113 cerebro

173 2158 222 2200 sno
239 2140 366 2199 collectis
385 2141 549 2211 conjecturis
561 2139 663 2211 potius,
682 2157 763 2212 quam
776 2143 929 2200 rationibus
941 2146 1162 2216 comprobantur,
1180 2147 1249 2203 haec
1262 2162 1326 2203 vero
1338 2146 1529 2217 phaenomena

149 2287 153 2304 ,
173 2247 206 2290 ex
223 2238 341 2288 naturae
363 2229 553 2302 penetralibus
576 2246 626 2302 per
650 2230 844 2298 certissimam,
864 2248 945 2302 quam
964 2231 1059 2289 fallere
1076 2249 1160 2303 posse
1179 2233 1348 2306 impossibile
1366 2242 1422 2305 est,
1440 2234 1529 2305 parel-

172 2317 266 2375 lnxeoe
285 2318 438 2376 doctrinam
456 2318 570 2374 eruditis
588 2318 867 2377 demonstrationibus
886 2321 1052 2378 contrarium
1069 2337 1120 2378 uos
1139 2323 1265 2382 docent“.
1301 2321 1471 2394 Quamquam
1482 2321 1529 2378 bic

172 2408 334 2466 tumtunm
353 2409 441 2466 virum
459 2425 489 2466 se
505 2409 620 2480 praebet
636 2408 772 2466 liberioris
787 2409 899 2480 judicii,
923 2411 952 2465 in
973 2411 1035 2466 eliis
1054 2417 1146 2468 temen
1168 2411 1299 2482 temporis
1324 2417 1352 2467 et
1373 2409 1528 2482 aequalium

173 2495 374 2566 superetitiouis
397 2496 532 2553 rationem
554 2496 654 2564 babet,
677 2511 824 2554 recensens
844 2497 992 2564 „terribilia
1016 2497 1122 2570 aliquot
1138 2506 1168 2556 et
1189 2505 1351 2570 portentosa
1368 2499 1526 2556 chasmatal

175 2583 280 2656 (uiues,
298 2583 429 2654 balonea,
454 2600 581 2642 auroram
599 2583 753 2652 borealem,
781 2585 873 2642 lances
891 2594 920 2644 et
937 2603 1017 2644 enses
1035 2589 1116 2658 eto),
1145 2603 1232 2659 „quae
1249 2604 1347 2658 magno
1366 2604 1427 2644 cum
1445 2603 1529 2644 mem·
1592 2615 1596 2626 ·

170 2673 279 2730 brorum
305 2677 439 2728 tremore“
458 2672 632 2742 intuebatur,
657 2689 728 2742 queo
755 2673 850 2744 „louge
868 2674 1032 2732 terribiliora
1050 2674 1175 2746 luerunt,
1199 2692 1280 2746 quam
1298 2692 1369 2746 quae
1385 2675 1450 2732 ullis
1468 2692 1527 2732 ver·

170 2759 210 2814 bis
227 2757 363 2830 explicari
381 2759 514 2829 possinti,
535 2759 651 2828 „quibus
669 2761 804 2816 cernimus
822 2763 874 2818 Dei
891 2763 960 2820 irem
977 2779 1137 2820 succensam
1153 2764 1326 2836 gladiumque
1343 2764 1430 2842 ipsius
1448 2764 1527 2820 stri‘c·

171 2855 227 2902 tum
244 2863 318 2918 esse,
337 2864 392 2918 quo
410 2847 492 2904 ieriet
510 2862 606 2904 omnes
623 2847 830 2918 longanimitate
847 2851 908 2920 ejus
925 2857 1004 2912 tanto
1023 2858 1146 2922 tempore
1163 2853 1335 2910 abutentes“.
1372 2851 1417 2908 Sic
1435 2866 1525 2908 conae·

171 2943 256 2990 terum
275 2933 492 3004 significationes
515 2950 661 3004 aggressus
683 2935 804 2991 affirmet
828 2936 951 3008 quidem,
977 2953 1008 2993 se
1026 2941 1208 2996 aeconomiae
1226 2939 1318 3011 potins
1337 2955 1419 3010 quam
1437 2943 1525 2996 astro·

170 3021 256 3094 logice
269 3022 364 3080 studia
375 3038 426 3078 sua
440 3037 625 3094 consecrasse,
645 3024 839 3093 astrologicam
854 3025 987 3096 judicium
999 3026 1106 3084 nullum
1118 3025 1171 3082 sibi
1184 3041 1310 3096 arrogare
1321 3040 1412 3097 posse,
1430 3029 1527 3080 contre

173 3126 221 3176 ,ex
237 3111 384 3180 praesenti
400 3125 491 3176 rerum
509 3116 585 3168 statu
603 3118 631 3166 et
648 3112 780 3182 prodigiis
800 3113 876 3169 aliirr‘
896 3113 1073 3185 vaticinatur,
1101 3115 1198 3184 „longe
1221 3113 1399 3170 maximarum
1416 3111 1525 3168 calami·
1611 3115 1612 3121 ’

171 3205 265 3267 utum,
285 3198 423 3269 prioribus
441 3215 497 3254 non
515 3200 774 3270 comparandarum,
792 3200 903 3270 longum
920 3218 1022 3258 nexum
1040 3209 1173 3260 cometam
1192 3203 1265 3258 huuc
1283 3202 1473 3272 portendere.
1491 3233 1525 3242 -

169 3285 383 3343 Observationes
401 3284 484 3356 huius
504 3294 626 3342 cometae
642 3303 698 3342 non
717 3302 750 3344 ea
767 3287 920 3344 subtilitate
938 3305 993 3360 qua
1011 3290 1109 3360 prioris
1128 3290 1330 3346 observationes
1349 3288 1438 3346 lectae
1452 3295 1526 3360 sunt,

168 3390 227 3430 enm
246 3374 293 3430 die
311 3375 336 3430 3.
355 3371 423 3430 Nor.
441 3380 552 3432 coactus
571 3375 608 3432 sit
624 3375 688 3432 illas
705 3377 804 3446 partim
825 3383 954 3448 „propter
978 3377 1102 3449 conjugis
1125 3387 1154 3435 et
1171 3379 1272 3437 liliolus
1295 3371 1525 3452 periculosissime

168 3460 390 3520 decumbentium
407 3461 549 3520 adversam
567 3462 762 3536 valetudinem,
786 3467 886 3534 partim
904 3472 1016 3536 propter
1034 3467 1144 3523 crebras
1162 3465 1227 3522 hinc
1248 3468 1312 3525 inde
1329 3468 1523 3539 profectiones,

167 3550 286 3608 maxime
304 3565 370 3607 vero
388 3549 463 3620 qnod
481 3551 516 3608 ed
534 3551 657 3608 scholam
675 3551 934 3622 Heidelbergensem
951 3554 1017 3609 mibi
1035 3555 1264 3624 proficiscendum
1281 3555 1346 3624 fuit,
1372 3564 1403 3612 ut
1420 3557 1444 3613 si
1463 3561 1524 3614 aca-

167 3644 272 3700 demiae
290 3643 354 3714 ejne
373 3649 462 3700 status
480 3643 589 3714 locique
607 3643 815 3702 commoditates
832 3643 899 3700 milri
914 3643 1105 3714 probarentur.
1124 3646 1244 3702 oblatum
1256 3647 1451 3706 mathemetum
1462 3666 1524 3719 pro·

164 3731 316 3788 tensionem
333 3731 510 3802 reciperent
544 3733 598 3788 Dio
610 3733 654 3788 23.
668 3733 736 3790 Nor.
757 3748 793 3788 ex
810 3732 994 3802 Heidelberga
1012 3731 1156 3792 discedens
1181 3736 1279 3792 iterum
1297 3737 1365 3794 vidit
1382 3743 1523 3804 cometam,

165 3822 311 3891 peregrino
330 3821 391 3878 loco
408 3828 586 3892 pernoctans,
609 3820 674 3876 inde
698 3835 785 3892 usque
803 3819 839 3876 ad
858 3823 882 3876 5.
900 3820 967 3878 Dec.
984 3821 1029 3876 ·ob
1048 3821 1120 3878 aeris
1138 3821 1326 3894 intemperiem
1344 3830 1450 3880 cometa
1467 3840 1522 3882 non
1573 3829 1581 3853 '

166 3907 289 3978 conspici
306 3907 411 3978 potuit3
432 3908 543 3964 ultimae
561 3907 767 3964 observationes
784 3907 876 3966 iactae
894 3913 960 3964 sunt
978 3907 1074 3964 diebus
1093 3908 1117 3966 6.
1136 3917 1166 3964 et
1186 3911 1226 3968 12.
1245 3912 1310 3967 Dec
1329 3911 1522 3984 Baclnangac‚
1622 3964 1644 3998 ι,

168 4013 244 4060 ‚eum
263 3997 337 4052 enim
354 3997 483 4066 sequenti
500 3995 585 4054 biduo
602 3996 631 4052 in
641 3995 766 4067 ¹patriam
783 4010 871 4052 meam
884 3995 1081 4066 (depingam)
1100 3996 1165 4052 mihi
1184 3997 1347 4064 abeundum,
1364 3998 1521 4070 prinsquam

166 4084 375 4155 Heidelbergam
399 4083 619 4156 commigrarent,
643 4090 759 4155 etpost
783 4084 900 4141 reditum
925 4083 1018 4140 itineri
1036 4100 1080 4140 me
1103 4085 1288 4156 accingerent,
1313 4085 1456 4142 comitem
1474 4091 1522 4142 aer

166 4171 252 4228 minue
270 4171 393 4230 clemens
418 4177 478 4230 tote
495 4171 665 4243 proiectione
689 4189 741 4230 nec
762 4189 818 4228 non
842 4171 947 4242 aliquot
970 4171 1066 4235 diebus
1090 4179 1154 4244 post
1177 4174 1335 4230 omtnonee
1360 4173 1521 4230 observandi

167 4259 344 4330 praeriperet,
364 4261 456 4316 evenit
472 4267 505 4316 ut
521 4261 555 4316 ab
574 4265 608 4316 ea
626 4261 671 4318 die
687 4269 812 4320 cometae
829 4263 948 4333 positum
966 4279 1023 4320 non
1040 4260 1157 4333 amplius
1175 4267 1271 4316 notare
1289 4261 1450 4332 potuerint

264 4348 347 4404 Anno
366 4347 446 4404 1580.
469 4347 630 4418 prodierunt
655 4349 798 4420 Tubingse
823 4350 1067 4422 Eplemcridee
1093 4368 1211 4408 cocae
1235 4353 1271 4408 ob
1295 4367 1371 4410 cauo
1396 4356 1455 4404 1⁵⁷⁷
1482 4353 1521 4412 cd
1572 4391 1576 4394 -

168 4451 268 4492 m
286 4441 359 4505 1500,
378 4441 550 4516 suppetam
568 4452 603 4493 ec
622 4437 736 4496 Tabam
751 4438 912 4496 Preteaicis
924 4455 977 4510 per
994 4440 1037 4495 lli.
1056 4439 1099 4495 lu.
1118 4439 1316 4508 Maesessum
1338 4441 1377 4498 ed
1392 4435 1520 4500 horiens

165 4528 214 4578 tera
231 4523 447 4596 mess,
475 4521 555 4591 omes
576 4525 721 4596 lcapdedo
738 4532 779 4582 cat
795 4528 909 4595 29015‘,
933 4525 1054 4586 latim
1075 4541 1140 4581 cero
1159 4529 1206 4578 ed⁰
1223 4531 1273 4579 w.
1316 4526 1360 4582 Ex
1376 4527 1519 4598 privilagio

165 4611 281 4670 Geeseds
300 4609 463 4688 Rudolphi,
481 4609 546 4666 huic
563 4610 633 4666 libro
652 4613 816 4682 praemisso,
843 4621 971 4684 apparet,
996 4611 1172 4668 Maestlinum
1189 4611 1359 4682 propositum
1381 4613 1518 4689 belluinos,
1588 4619 1597 4634 '

164 4698 207 4756 boe
224 4700 305 4759 edere
317 4715 409 4772 porro
421 4697 521 4754 libros:
541 4700 730 4770 compendium
743 4702 962 4771 astronomicum,
981 4700 1204 4756 commentarium
1215 4700 1243 4754 in
1256 4697 1407 4758 doctrinam
1420 4703 1517 4772 ephes-

157 4787 242 4862 n'cem,
260 4786 483 4854 arithmeticum,
502 4784 650 4856 doctrinam
663 4788 869 4858 triangulorum,
886 4788 1108 4846 commentarium
1119 4787 1148 4842 in
1162 4787 1332 4843 cleomedem
1352 4791 1418 4846 etin
1431 4791 1519 4849 Theo·

153 4879 215 4945 dodi
226 4881 317 4946 beros
331 4877 370 4938 ds
384 4873 516 4954 sphaere
535 4872 620 4932 libros
632 4876 667 4942 do
679 4876 822 4944 emmeno·
839 4885 867 4944 ot
885 4875 946 4940 eliis
963 4875 1149 4938 instrumentis
1168 4873 1203 4936 ad
1216 4877 1420 4942 obseratione
1432 4887 1518 4940 aruc
