3662 5544
1084 269 1098 304 t

775 387 951 470 renerent
989 353 993 361 ¹
1470 411 1537 493 usq
1571 487 1572 494 Ν

181 587 224 646 Ad
242 589 273 646 o:
298 581 369 646 tion
400 581 487 663 piane
516 585 769 652 contemnendum.
823 587 901 666 Quid
928 589 1028 668 potins
1058 590 1169 654 mirer?
1206 589 1401 672 Stupommne
1428 609 1538 676 meum,

182 671 405 750 quipateiaota
426 673 499 736 mibi
518 682 641 737 naturae
663 675 825 755 penetralia
847 677 894 738 bis
916 677 1023 754 literis,
1048 695 1114 740 oum
1135 679 1203 742 illas
1225 681 1422 760 accepissem,
1443 683 1539 746 intro-

181 763 290 838 spicere
327 763 469 824 eontemsi
496 761 632 840 adeoque
666 765 827 836 oblivione,
849 765 990 842 sepelivi,
1023 773 1055 826 ut
1090 784 1126 828 ue
1160 775 1264 846 postea
1294 767 1430 846 quidem,
1470 789 1539 837 cnm

183 849 296 910 elavem
318 848 444 922 eandem
466 849 505 909 ad
527 850 601 914 baec
623 853 787 928 penetralia
809 869 979 929 quaererem
1002 861 1031 914 et
1047 855 1234 931 invenissem,
1256 857 1408 919 literarum
1431 858 1537 922 barum

181 937 282 997 luerim
304 936 499 998 reeordatus?
536 937 584 998 An
606 941 706 1017 potine
729 941 815 1000 mirer
837 942 898 1000 vim
921 943 1064 1016 veritatis,
1088 960 1165 1019 quae
1188 942 1304 1006 duobus
1318 961 1384 1008 seso
1399 963 1458 1007 nou
1474 966 1536 1010 nna

181 1026 231 1084 via
251 1024 390 1100 aperuit?
427 1025 475 1086 An
497 1033 619 1088 naturae
642 1030 802 1104 ingenium,
825 1045 902 1104 quae
925 1027 1006 1106 qued
1027 1029 1131 1092 Brutis
1156 1030 1235 1094 dedit
1257 1033 1372 1094 oooulto
1395 1035 1538 1098 instinctu
1587 1097 1591 1104 ,

182 1131 199 1172 a
219 1111 320 1188 priori,
342 1112 414 1172 mibi
437 1113 576 1176 methodo
599 1122 629 1176 et
650 1118 779 1178 numeris
794 1122 831 1178 et
854 1115 947 1176 oculis
970 1115 1131 1178 eruendum
1154 1119 1320 1182 concessit?
1364 1120 1419 1182 His
1441 1121 1542 1186 literis-

181 1207 304 1278 apparet
325 1199 530 1278 compendium
554 1201 703 1278 quoddam
725 1220 808 1264 meae
830 1203 972 1282 physices
995 1205 1143 1281 eoelestis,
1167 1207 1197 1266 in
1220 1206 1315 1270 Marte
1338 1209 1483 1286 proditae.

288 1285 374 1352 litt
399 1286 574 1366 Opticam
597 1291 872 1352 nstronomiae
894 1298 1043 1369 partem
1067 1291 1130 1354 Cal.
1155 1292 1308 1356 annariis
1331 1297 1425 1359 obtuli
1438 1303 1536 1375 (impe-

180 1379 287 1450 rotoni),
310 1375 375 1452 iam
402 1374 505 1438 laboro
533 1383 567 1438 ut
593 1369 751 1456 recipiam3
781 1379 837 1438 uisi
869 1378 925 1440 boe
950 1397 997 1442 me
1027 1381 1207 1458 impedierit,
1238 1381 1334 1445 lucem
1362 1385 1476 1450 videbit
1496 1386 1537 1448 ad

180 1464 335 1526 nundinas.

282 1563 448 1620 Absolutum
465 1579 537 1634 opus
554 1563 694 1635 inscripsit
710 1563 847 1635 Keplenns
865 1563 1024 1635 imperatori
1042 1566 1190 1639 liudolpho
1209 1569 1287 1639 (date
1304 1577 1348 1628 eet
1359 1573 1478 1642 epistole
1490 1575 1537 1633 de·

180 1651 311 1710 dicatoria
329 1649 373 1706 die
391 1653 418 1708 5.
434 1651 554 1720 Augusti
572 1652 668 1722 1604),
686 1652 772 1708 refert
789 1668 921 1708 summam
940 1669 1045 1727 eornm,
1072 1670 1143 1726 quae
1160 1655 1255 1712 insunt
1270 1655 1350 1728 libro,
1369 1664 1397 1714 et
1414 1659 1484 1718 baec
1501 1661 1542 1720 de

179 1738 476 1810 originelibrinsrrnt:
501 1733 589 1810 Mihi,
620 1736 671 1810 qui
694 1735 799 1812 optiois
822 1737 1120 1813 contemplationibus
1150 1739 1284 1800 nonnihil
1313 1745 1453 1819 temporis
1475 1745 1534 1804 im·

179 1821 353 1901 penderem,
384 1823 569 1884 occasionem
591 1821 793 1899 suppeditavit
815 1826 996 1885 astronomia
1018 1825 1206 1904 Tpobonion,
1236 1828 1321 1906 cujus
1344 1847 1390 1890 me
1412 1833 1534 1908 partici-

179 1929 245 1988 pem
269 1911 341 1971 vivo
363 1912 525 1972 etiamnum
546 1916 666 1971 auctore
687 1911 758 1972 lecit
784 1909 1023 1988 splendidissima
1054 1913 1128 1976 baec
1150 1913 1318 1992 Majestetis
1341 1917 1425 1979 Tuae
1455 1920 1533 1997 aula,

181 2007 212 2060 ut
234 1997 382 2074 quaedam
406 2000 517 2075 opticen
540 1997 735 2073 theoremate,
763 2000 863 2076 speeie
887 2001 1011 2077 exigua,
1033 2001 1086 2062 sed
1109 2020 1204 2066 rerum
1227 2005 1421 2066 maximarum
1444 2011 1535 2068 semi·

178 2088 276 2161 naria,
305 2084 484 2162 percolenda
513 2092 543 2146 et
573 2088 700 2162 penitius
723 2085 905 2147 enucleanda
934 2105 1092 2150 censerem.
1138 2089 1225 2167 Quod
1248 2109 1345 2152 meum
1367 2095 1535 2158 institutum

177 2182 336 2252 postquam
359 2173 391 2236 O.
413 2173 456 2234 Μ.
479 2173 546 2236 'l'ua
567 2174 714 2252 probavit,
737 2191 853 2234 summa
876 2191 942 2235 oum
965 2175 1109 2238 industria
1126 2181 1263 2256 persequi
1279 2179 1374 2257 coepi,
1398 2198 1535 2261 compor-

178 2263 245 2322 tatis
259 2267 290 2322 et
303 2265 333 2320 iu
346 2260 470 2322 formam
485 2261 552 2321 libri
567 2261 703 2335 redactis,
719 2279 796 2338 quae
813 2260 860 2323 vel
877 2261 946 2322 olim
963 2265 994 2324 iu
1008 2263 1116 2343 styria,
1139 2266 1371 2328 Provincielium
1385 2270 1535 2348 stipendia

175 2367 299 2423 merens,
314 2351 494 2423 inveneram,
510 2348 559 2409 vel
573 2351 701 2410 inventis
716 2356 798 2410 arant
812 2350 1057 2428 supperaddenda
1059 2393 1166 2418 .....
1200 2351 1240 2414 Ut
1255 2371 1326 2416 vero
1341 2354 1421 2418 bunc
1435 2375 1534 2420 meum

174 2437 307 2498 libellum
330 2439 361 2496 in
383 2441 571 2514 conspectum
593 2435 625 2498 S.
650 2436 683 2498 0.
706 2435 749 2496 Μ.
773 2436 859 2498 Tuae
878 2437 1053 2520 adducerem
1076 2457 1201 2518 eumque
1224 2441 1280 2502 sub
1301 2441 1391 2518 hujus
1413 2448 1534 2523 augusti

175 2526 303 2587 nominis
325 2523 449 2586 tutelam
473 2523 715 2598 commendarem,
740 2526 839 2584 omnia
860 2541 976 2586 summa
997 2525 1163 2590 suadebant
1185 2529 1297 2590 ollicia:
1327 2537 1362 2590 ut
1383 2533 1454 2607 quia
1475 2533 1533 2596 boo

175 2621 307 2690 tempore
328 2611 372 2672 Μ.
395 2611 470 2688 Tne,
493 2610 572 2672 bello
595 2619 697 2672 eontra
718 2611 830 2672 Tutoas
853 2616 983 2674 omnium
1005 2617 1134 2676 maximo
1158 2623 1188 2677 et
1210 2619 1447 2682 sumtuosissimo
1470 2619 1534 2680 dis-

175 2703 273 2774 tricte,
304 2716 364 2759 nou
395 2709 493 2762 tamen
522 2697 694 2760 indonatum
721 2702 927 2777 praetermittit
962 2704 1171 2763 astronomiam
1209 2720 1314 2780 meque
1343 2703 1534 2784 Tycbonicae

176 2790 375 2848 astronomiae
390 2786 530 2848 devotum
546 2785 662 2847 liberali
675 2787 794 2863 salario,
818 2787 903 2864 eujus
926 2804 982 2866 ope
1004 2790 1062 2850 ista
1076 2790 1194 2867 perleci,
1218 2791 1361 2851 hactenus
1376 2800 1532 2870 sustentat,

175 2893 229 2952 ego
252 2876 385 2936 vicissim
409 2890 593 2951 quacumque
622 2889 740 2951 possem
763 2875 877 2936 ratione
898 2874 1109 2951 gratitudinem
1131 2895 1242 2954 meam,
1268 2880 1326 2938 imo
1349 2885 1380 2938 et
1397 2879 1532 2957 justissi-

174 2981 253 3023 mum
282 2963 458 3039 obsequium
488 2959 670 3022 ostenderem
702 2969 732 3022 et
759 2963 871 3039 regiam
901 2962 978 3024 banc
1008 2965 1038 3022 in
1069 2963 1206 3026 liberales
1237 2971 1315 3026 artes
1345 2965 1531 3030 allectionem

174 3067 330 3112 venerarer
351 3066 463 3127 proque
485 3066 551 3109 mea
574 3049 651 3109 virili
672 3056 757 3127 parte
780 3049 819 3110 ad
840 3052 1044 3127 posteritatem
1067 3043 1310 3113 commendarem.

278 3136 393 3212 Quodsi
416 3135 486 3214 quld
508 3143 554 3198 est
576 3137 605 3198 iu
628 3137 686 3198 hoo
708 3155 806 3216 opere,
830 3137 910 3214 quod
932 3137 1003 3198 mibi
1025 3137 1164 3200 fiduciam
1185 3138 1294 3200 addere
1310 3139 1417 3202 debeat
1432 3158 1532 3206 eoram

173 3222 214 3286 Μ.
244 3225 314 3286 'ina
339 3223 497 3302 loquendi,
529 3224 587 3286 bue
615 3223 747 3301 prolecto
775 3231 841 3286 eet.
859 3269 866 3286 .
884 3268 918 3286 ..
942 3225 1022 3303 quod
1052 3243 1118 3288 oum
1141 3227 1229 3302 baec,
1261 3233 1323 3287 tum
1346 3245 1423 3305 quae
1445 3229 1532 3308 plura

175 3311 347 3390 hujusmodi
369 3315 530 3373 etiamnum
552 3312 608 3372 sub
631 3313 768 3372 manibus
789 3312 903 3388 babeo,
934 3315 1051 3391 suscepi
1074 3315 1112 3376 ad
1135 3312 1296 3375 ornandam
1318 3318 1532 3394 professionem

175 3417 283 3474 meam,
297 3418 387 3478 quam
397 3400 538 3462 hactenus
553 3399 595 3458 M.
607 3398 691 3462 Tuae
702 3399 790 3476 jussu
804 3408 835 3462 ct
847 3401 1002 3478 stipendiis
1017 3418 1125 3478 sequor
1140 3419 1206 3463 oum
1221 3401 1376 3480 dispendio
1391 3421 1450 3465 non
1463 3415 1532 3468 tau-

175 3497 235 3548 tum
251 3487 440 3563 valetudinis,
449 3485 503 3550 sod
517 3487 682 3548 studiorum
696 3490 785 3550 etiam
800 3487 933 3564 aliorum,
946 3489 1053 3566 quibus
1064 3507 1149 3555 ureae
1160 3497 1305 3564 senectae,
1322 3492 1420 3568 siqua
1433 3494 1533 3558 lutura

175 3583 228 3649 cst,
253 3586 283 3636 et
304 3575 434 3641 familiae
463 3574 643 3653 praesidium
672 3592 843 3653 comparare
866 3582 896 3638 et
916 3585 1049 3653 poteram
1072 3586 1102 3638 et
1124 3579 1285 3638 amicorum
1305 3578 1418 3655 judicio
1445 3581 1534 3659 plane

175 3663 329 3724 debebam.
368 3662 436 3738 Qua
457 3681 493 3722 ex
515 3681 547 3724 re
569 3665 594 3722 si
616 3661 689 3740 quid
711 3662 750 3724 ad
771 3681 819 3724 me
841 3662 986 3724 redundat
1008 3665 1194 3741 incommodi,
1218 3664 1247 3725 id
1271 3669 1357 3728 omne
1379 3667 1451 3728 mibi
1466 3668 1535 3734 leve

174 3750 269 3812 reddit
292 3757 322 3812 et
340 3749 505 3828 jucundum
528 3768 588 3810 una
608 3752 683 3812 baec
704 3751 823 3812 bomine
846 3749 994 3813 Germano
1017 3750 1109 3830 digna
1131 3755 1290 3832 cogitatio:
1323 3753 1404 3832 quod
1424 3755 1536 3834 pulcb-

174 3857 236 3898 runr
258 3841 301 3898 sit
323 3841 353 3896 in
376 3841 451 3900 tanti
473 3840 615 3916 principis
636 3845 697 3900 tam
719 3839 852 3900 honestis
875 3839 1026 3916 obsequiis
1056 3844 1145 3902 etiam
1167 3843 1241 3902 mori
1262 3859 1360 3920 neque
1382 3843 1431 3904 bic
1453 3845 1532 3905 vinci

175 3929 281 3987 uirtute
305 3943 325 3986 a
348 3927 504 4000 militibus,
532 3925 586 3986 sed
608 3943 714 3988 munus
737 3924 946 3987 demandatum
969 3938 1023 3986 ceu
1045 3927 1199 3990 castellum
1227 3929 1388 4007 quodpiam
1412 3937 1532 3992 suenus

173 4030 368 4092 propugnare.
397 4011 504 4089 ¹(lnam
527 4030 622 4076 meam
637 4015 884 4090 subiectissimam
906 4013 1091 4076 allectionem
1113 4018 1140 4076 ei
1154 4015 1196 4076 Μ.
1212 4015 1279 4078 Tua
1302 4017 1530 4079 clementissime

174 4102 358 4178 probaverit,
386 4109 434 4162 sat
456 4118 512 4178 ego
535 4119 581 4162 me
604 4099 719 4162 lelioem
742 4101 927 4176 existimabo,
943 4143 952 4161 .
969 4148 978 4166 .
993 4146 1025 4166 ..
1048 4103 1251 4166 felicissimum
1274 4122 1361 4180 vero,
1391 4108 1531 4181 siquam

173 4189 315 4250 baetenus
330 4196 468 4266 expertus
490 4206 555 4250 sum
570 4188 674 4250 eadem
695 4206 742 4250 mo
764 4189 919 4250 elementia
941 4192 1081 4268 prosequi
1094 4199 1208 4270 pergat
1237 4191 1288 4254 Sic
1303 4193 1379 4252 enim
1394 4198 1531 4253 metusn-

174 4277 241 4336 dnm
264 4277 339 4338 milti
361 4293 549 4354 nequaquam
573 4279 643 4352 erit,
671 4293 709 4338 ne
730 4275 768 4336 ab
791 4276 849 4337 boc
870 4293 935 4336 meo
959 4295 1094 4353 munere,
1128 4296 1181 4340 ccu
1204 4280 1242 4339 ab
1266 4295 1333 4339 arce
1356 4295 1439 4339 meae
1461 4278 1530 4339 fidei

173 4366 310 4440 creditae,
333 4367 601 4442 perniciosissimus
623 4367 731 4426 artium
752 4363 861 4438 boetis,
890 4363 1129 4442 indigentia,
1161 4385 1207 4427 me
1231 4367 1308 4434 lame
1331 4373 1532 4442 expugnatum

174 4451 309 4529 dejiciat,
338 4469 435 4529 neque
458 4451 664 4528 dubitandum,
693 4453 764 4528 quin
786 4450 829 4514 M.
853 4451 919 4514 Tua
941 4470 991 4514 eas
1015 4454 1085 4514 mihi
1109 4455 1261 4532 suppetias
1284 4460 1313 4512 et
1336 4461 1532 4514 commeatum

173 4542 298 4602 missura
319 4541 360 4600 sit
381 4543 412 4600 in
435 4547 577 4621 tempore,
599 4556 659 4616 quo
681 4547 799 4616 recepto
823 4539 1007 4602 obsidionem
1029 4541 1155 4602 tolerare
1175 4540 1369 4614 tandemque,
1394 4541 1533 4604 omnibus

174 4630 317 4705 superatis
340 4627 572 4701 difficultatibus,
595 4627 709 4704 reliqua
730 4644 797 4688 mea
818 4627 918 4690 studia
939 4628 978 4688 ad
999 4627 1124 4706 gloriam
1146 4627 1213 4702 Dei,
1237 4625 1276 4688 ad
1298 4625 1528 4692 celebrationem

174 4713 340 4789 ilnjeetatis
360 4715 453 4775 Tuae
484 4721 513 4776 et
544 4714 665 4776 bomani
698 4717 813 4792 generis
846 4717 1004 4777 utilitatem
1034 4715 1213 4793 spectantia,
1248 4712 1404 4776 absolvers
1431 4714 1528 4780 leliei·

175 4809 216 4862 ter
235 4807 358 4882 possim.
1377 4862 1382 4876 .

274 4900 444 4974 blonitione,
467 4917 550 4976 qnam
566 4903 634 4964 sede
651 4902 774 4965 modeste
791 4903 929 4978 Keplernn
945 4905 997 4964 snb
1014 4903 1097 4962 finem
1118 4906 1224 4974 moret,
1247 4900 1349 4962 temnat
1367 4909 1410 4964 est
1431 4911 1463 4965 nt
1479 4921 1531 4982 pro
