3612 5538
589 385 704 460 liepleri
719 384 859 444 literarum
878 383 970 444 stnffia
985 392 1014 445 et
1031 387 1165 447 doctrina.
1464 387 1550 460 1005

201 569 249 632 lta
270 574 425 648 unumque
446 567 477 628 ln
498 583 594 630 errore
616 563 819 630 versabatur.“
867 567 1020 629 Exclamat
1042 575 1145 632 auctor
1163 569 1298 645 jnrenis:
1324 567 1423 651 „Quid
1445 571 1470 628 si
1492 568 1550 630 alt·

201 656 320 736 quando
342 657 419 718 diam
433 656 515 718 illurn
530 655 692 733 videamus,
715 673 775 734 quo
799 656 874 717 haee
896 657 1017 716 inventu
1039 658 1194 718 conciliata
1216 655 1335 718 ornarit
1362 653 1550 733 ,Vidimns“,

166 811 168 816 ,
200 745 360 823 respondet
383 761 493 821 censer,
519 751 606 822 „post
629 751 669 806 22
692 759 786 804 annos
809 751 839 805 et
853 745 949 820 gavisi
965 761 1075 818 snmus,
1099 744 1202 805 saltem
1218 761 1283 821 ogo,
1306 755 1378 822 puto
1394 753 1423 806 et
1437 743 1550 806 Maest-

200 834 279 894 linns
302 839 331 894 st
352 832 469 910 plurimi
492 830 556 906 alii,
588 835 639 910 qni
661 833 768 893 librum
791 833 923 910 quintum
946 831 1138 892 Harmonicer
1166 841 1235 892 sunt
1256 827 1369 907 lecturi,
1392 835 1550 910 participes

204 929 289 982 erunt
310 917 442 997 gaudii.“
489 919 537 979 Ad
560 914 762 996 quaestionem
785 919 921 980 dubiam:
947 918 1045 1002 „Quid
1068 921 1093 980 si
1115 919 1183 979 irinc
1206 923 1280 980 ratio
1304 922 1551 984 eceentricitatnm

201 1009 267 1072 eltot
282 1003 420 1086 possiti“
445 1015 558 1068 monete
584 1008 650 1086 ,lta
665 1007 848 1070 somniabam
864 1007 901 1068 de
917 1009 1048 1081 tentate,
1074 1008 1177 1084 opinor
1200 1008 1276 1068 bone
1292 1007 1357 1068 Deo
1380 1011 1549 1085 inspirante.

203 1096 308 1157 illicita
330 1103 375 1156 est
397 1113 455 1156 non
474 1097 541 1154 bine
556 1095 682 1172 quidem,
706 1095 758 1156 sed
781 1112 818 1155 ex
841 1094 1000 1154 harmoniis
1015 1097 1090 1154 ratio
1107 1096 1363 1166 coesntrieitatum,
1385 1096 1436 1156 sed
1452 1103 1550 1158 tamen

202 1183 349 1244 mediante
372 1182 428 1244 hoe
450 1186 586 1260 inventu,
609 1200 663 1243 nec
686 1183 758 1241 iliud
780 1190 848 1242 ante
870 1183 932 1242 lieri
955 1184 1059 1258 potnit,
1083 1199 1171 1258 quam
1186 1182 1243 1242 hoc
1257 1182 1442 1244 emendatum
1457 1182 1551 1244 lrabe-

201 1280 288 1333 retur.
333 1270 409 1331 Nam
435 1270 510 1331 libro
534 1273 636 1347 quinto
658 1270 902 1330 Harmonieorum
926 1273 1021 1346 cupite
1045 1272 1130 1330 tertio
1159 1273 1277 1348 ponitur
1305 1272 1379 1330 inter
1408 1273 1552 1350 principis

203 1359 460 1420 demonstrationis
483 1359 558 1420 haec
571 1357 764 1435 sesquialtera
783 1353 962 1434 proportio.“
984 1357 1050 1416 -Hia
1066 1357 1159 1418 linem
1181 1358 1251 1418 iacit
1272 1361 1440 1420 aestimatur
1455 1361 1551 1436 operis

203 1449 249 1508 sui
268 1446 425 1525 juvenilis:
451 1445 593 1524 ,Ceterae
616 1445 773 1506 errantium
794 1461 979 1504 numerorum
1002 1444 1038 1504 ad
1054 1446 1207 1506 veritatem
1228 1444 1390 1506 allusiones
1411 1447 1550 1508 fortuitae

202 1544 279 1608 snat,
302 1551 357 1596 nee
379 1533 484 1610 dignas
507 1551 583 1612 quas
606 1533 803 1608 excutientem
823 1531 972 1608 jucundae
995 1541 1092 1593 tamum
1114 1532 1186 1593 mibi
1207 1535 1368 1609 recognita,
1392 1536 1461 1611 quis
1484 1550 1550 1595 mu·

162 1615 166 1624 '
203 1629 281 1695 nect,
305 1621 412 1698 quibus
432 1621 607 1696 maeandris,
631 1621 754 1698 quornm
776 1621 921 1698 parietum
943 1619 1113 1698 palpatione
1133 1637 1187 1697 per
1209 1621 1345 1681 tenebras
1366 1624 1549 1698 ignorantiae
1644 1613 1652 1626 ’

203 1709 240 1772 ed
263 1710 412 1788 pollucem
435 1711 541 1770 ostium
565 1711 696 1770 veritatis
720 1709 887 1769 devenerim
890 1751 997 1770 .....
1044 1707 1148 1782 Vides,
1172 1706 1263 1770 laetor
1280 1709 1424 1783 studiose,
1447 1710 1549 1771 libello

202 1797 258 1860 bne
279 1799 391 1860 semina
412 1815 516 1874 sparsa
538 1813 603 1858 osse
625 1796 754 1856 omnium
777 1803 808 1854 et
828 1794 1019 1871 singulorum,
1043 1811 1119 1872 qnae
1138 1811 1173 1856 er
1188 1809 1223 1856 ee
1246 1803 1376 1874 tempora
1399 1799 1428 1855 in
1452 1807 1549 1860 astre-

203 1889 303 1946 nomia
325 1901 404 1950 nove
425 1891 456 1946 et
475 1885 567 1961 vulgo
590 1883 719 1944 absurda
741 1901 776 1944 er
800 1885 968 1944 eutissimis
983 1883 1091 1944 Brabei
1110 1877 1365 1945 observationibus
1381 1903 1399 1944 a
1413 1903 1460 1946 ins
1476 1903 1548 1947 eon-

143 1997 147 2005 ·
203 1975 306 2050 stitute
329 1979 359 2033 et
381 1971 579 2032 demonstrata
601 1979 677 2034 sunt
708 1970 812 2048 ltaque
834 1987 931 2047 spero,
956 1971 1105 2047 tujanum
1128 1989 1227 2032 meum
1249 1971 1324 2032 libro
1348 1980 1453 2049 quarto
1467 1972 1548 2035 Har·

202 2065 382 2124 menlcurnm
405 2077 463 2120 non
486 2063 588 2136 iniqua
611 2075 733 2120 censura
756 2056 992 2134 flagellatorum‘
1014 2061 1081 2132 (rol
1095 2068 1127 2118 v.
1147 2077 1175 2132 p.
1195 2063 1268 2128 262).

306 2149 349 2208 Er
373 2150 417 2222 ils,
443 2165 519 2226 quae
543 2147 640 2208 adhue
662 2146 753 2206 allata
775 2153 843 2206 sunt
864 2154 894 2205 et
916 2147 1047 2223 inprimis
1063 2163 1098 2206 er
1113 2146 1233 2224 Kepleri
1251 2149 1347 2208 uerbis
1361 2148 1448 2208 mode
1466 2147 1551 2209 dictis

204 2233 261 2296 hoo
282 2251 319 2296 ne
342 2237 370 2294 in
393 2237 544 2313 minimam
567 2234 685 2311 quidem
708 2232 920 2294 dubitationem
944 2236 1042 2295 vocari
1064 2236 1187 2312 poterit,
1209 2233 1371 2312 Keplerum
1394 2239 1552 2312 cogitatio-

202 2341 268 2384 nem
291 2322 373 2383 illsm
400 2325 430 2381 in
457 2323 552 2401 primo
580 2339 634 2404 sno
662 2339 751 2400 opere
778 2322 942 2398 expositam
971 2323 1000 2380 in
1030 2323 1165 2381 omnibus
1194 2339 1312 2398 qnoque
1341 2325 1553 2401 posterioribus

202 2410 284 2471 libris
307 2427 422 2488 semper
443 2417 575 2472 secutum
605 2427 669 2470 esse
697 2407 879 2486 eandemque
906 2411 1029 2487 primam
1054 2425 1171 2470 eausam
1200 2411 1305 2483 inisse,
1334 2427 1384 2472 eur
1413 2410 1450 2472 de
1473 2411 1551 2472 Har·

202 2499 302 2558 monia
323 2497 429 2558 librum
450 2499 608 2576 scripserit.
651 2495 726 2557 Nam
754 2513 812 2556 non
842 2495 930 2557 modo
960 2505 992 2556 nt
1013 2499 1225 2558 astronomicas
1249 2499 1375 2558 rationes
1399 2507 1550 2566 statueret,
1671 2548 1675 2556 .

203 2586 241 2646 ad
263 2585 448 2663 Tychonicas
471 2587 689 2648 observationes
713 2586 879 2644 accuratius
902 2584 1122 2660 cognoscendas
1145 2583 1289 2646 adductus
1304 2593 1357 2660 est,
1381 2585 1434 2646 sed
1457 2586 1550 2664 (quod

203 2675 229 2734 ei
252 2675 448 2752 praestantius
471 2675 606 2734 omnium
636 2673 840 2749 quaestionum
869 2671 1017 2732 rideretur
1046 2674 1221 2748 praemium)
1252 2680 1285 2731 ut
1315 2691 1351 2732 ex
1382 2677 1549 2750 cognitione

203 2759 271 2822 inde
294 2759 447 2838 depromta
461 2770 540 2822 certa
554 2766 727 2837 argumenta
740 2759 856 2820 alierret
870 2759 909 2818 ad
925 2757 1180 2819 demonstrandam
1196 2757 1319 2818 illumin
1335 2779 1429 2821 rerum
1446 2770 1551 2824 natura

203 2848 395 2922 harmoniam,
419 2867 507 2925 quam
530 2857 644 2908 veteres
668 2845 875 2925 Pythagoraei,
898 2845 998 2921 Plato,
1021 2845 1210 2906 Ptolemaeus
1232 2847 1338 2908 irnstra
1360 2852 1458 2908 conati
1481 2859 1550 2908 sunt

204 2929 348 3014 detegere.
392 2935 495 3014 Neque
519 2934 679 3013 quidquam
701 2935 850 3011 antiquius
872 2933 976 2994 habuit
998 2949 1087 3010 quam
1117 2934 1190 3008 ltoe,
1221 2943 1255 2992 nt
1276 2935 1497 2998 mathematicas
1520 2946 1550 2998 et

204 3025 403 3084 muonomiae
425 3041 481 3101 ops
497 3023 716 3094 demonstraret,
740 3037 838 3100 rernm¹
857 3022 1086 3096 universitatem,
1110 3022 1204 3082 oeulis
1226 3023 1332 3082 nostris
1355 3025 1549 3100 perspicuam,

205 3110 376 3172 barmoniae
400 3111 518 3172 vinculo
540 3113 616 3171 inter
637 3126 669 3170 ss
692 3125 853 3170 connexam
876 3125 970 3186 eaque
992 3111 1058 3186 ipsa
1085 3109 1238 3170 harmonia
1259 3109 1426 3178 Creatorem
1449 3111 1550 3172 mundi

205 3206 398 3272 stornatum,
422 3201 641 3275 congruentiam
663 3205 692 3256 et
715 3197 923 3274 aequalitatum
955 3196 1075 3257 lundata
1099 3197 1238 3258 voluisse.
1283 3199 1428 3276 Keplerus
1450 3201 1548 3275 igitur,

204 3303 294 3364 quum
317 3288 435 3347 auriliis
458 3285 577 3363 adjutus
593 3304 611 3346 a
625 3283 766 3362 Tyrinum
789 3283 904 3344 mnditia
919 3285 1073 3362 diiigenter
1088 3289 1259 3361 exquireret,
1283 3289 1414 3363 quomis
1430 3287 1548 3348 modum

203 3373 387 3452 planetarum
409 3381 439 3436 et
457 3375 556 3452 justae
580 3372 736 3434 distantiae
760 3379 789 3434 et
812 3375 873 3432 reri
896 3379 992 3432 motus
1019 3374 1212 3451 pervestigari
1240 3383 1375 3450 possent,
1405 3373 1442 3436 ad
1471 3376 1549 3436 buno

205 3461 350 3540 duplicem
372 3465 507 3541 pervenit
528 3464 647 3522 exitum.
693 3459 787 3520 Veros
810 3461 923 3520 invenit
952 3460 1135 3537 planetarum
1165 3478 1265 3522 cursus
1287 3469 1316 3524 at
1346 3462 1393 3522 iris
1424 3467 1550 3526 inventis
1676 3461 1681 3472 '

203 3551 360 3627 aequales
383 3552 413 3609 in
435 3557 540 3610 natura
562 3549 730 3610 harmoniae
752 3547 833 3623 leges
855 3547 975 3608 valeant
998 3546 1142 3610 detexisse
1166 3548 1295 3610 eredidit
1342 3550 1416 3618 (ium
1439 3555 1551 3630 integro

205 3639 302 3698 animo
326 3653 421 3714 neque
444 3628 582 3714 opinione
603 3634 806 3714 praejudicata
827 3633 865 3694 ad
887 3637 1067 3712 propositum
1091 3637 1286 3710 contenderet,
1311 3655 1378 3698 uror
1394 3641 1550 3716 perspexit,

204 3715 424 3787 observationes
437 3724 632 3803 (tychonium,
643 3740 717 3800 quas
732 3724 968 3782 accuratissimum
982 3739 1047 3784 esse
1063 3741 1121 3800 que
1134 3732 1213 3786 certo
1229 3725 1358 3802 haberet,
1374 3745 1393 3786 a
1409 3725 1551 3812 Ooperni-

204 3827 286 3888 uana,
310 3830 387 3890 quae
410 3811 534 3872 eireelos
556 3811 722 3882 adhiberet,
746 3811 859 3870 ratione
882 3809 1055 3887 discrepare.
1093 3810 1236 3886 Quamvis
1261 3813 1440 3895 deterentia,
1462 3831 1550 3892 qnam

205 3900 279 3961 inter
300 3901 405 3960 Martis
434 3899 609 3962 calculatum
633 3905 663 3958 et
685 3898 872 3959 observatum
902 3897 998 3958 locum
1029 3899 1290 3975 animadverterat,
1322 3905 1443 3961 minima
1470 3907 1549 3962 esset

203 4003 298 4065 neque
321 3987 387 4066 plns
410 4003 499 4065 qnam
521 3994 588 4048 octo
610 3985 748 4063 scrupula
776 3986 870 4064 prima
891 3985 1034 4059 efficeret,
1065 3985 1196 4063 Keplero
1226 3995 1324 4048 nmen
1346 3991 1419 4049 satis
1442 4005 1549 4066 magns

204 4075 369 4149 videbatur,
394 4083 426 4134 ut
449 4074 556 4136 multos
578 4091 630 4151 per
652 4089 747 4133 annos
769 4073 912 4134 coniceret
934 4081 964 4133 et
980 4075 1067 4132 variis
1082 4075 1178 4134 modis
1193 4091 1262 4136 suas
1279 4074 1461 4154 alterumque
1476 4092 1548 4136 eon·

202 4163 333 4238 jeeturas
355 4165 398 4224 sie
419 4165 574 4222 immutare
597 4170 626 4222 et
648 4177 775 4237 sequare
797 4160 936 4234 studeret,
961 4169 993 4220 ut
1015 4161 1182 4223 observatio
1206 4169 1236 4224 st
1251 4161 1405 4222 calculatio
1430 4166 1504 4223 inter
1519 4181 1550 4225 se

204 4253 408 4311 consentirent.
439 4249 498 4312 Sed
520 4251 647 4310 maxima
662 4248 815 4324 diligentis
837 4257 866 4308 et
889 4247 1061 4310 assiduitate
1083 4257 1112 4310 st
1134 4252 1301 4326 incorrupta
1316 4253 1405 4310 animi
1427 4253 1550 4328 integri·
1653 4273 1657 4288 ·
1723 4261 1731 4278 ·

205 4343 264 4398 tate
287 4345 317 4399 et
339 4341 418 4398 mira·
434 4338 496 4412 illa,
519 4336 615 4415 qualis
630 4335 751 4413 Kspleri
775 4342 846 4408 erat,
870 4336 979 4411 ingenii
1001 4337 1166 4398 mobilitate
1188 4355 1262 4414 epus
1285 4344 1355 4410 erat,
1380 4343 1412 4398 ut
1434 4341 1551 4415 saperi-

204 4427 308 4487 mentis
324 4428 482 4485 innumeris
497 4426 603 4485 irnstra
618 4424 712 4496 lactis,
738 4439 940 4500 quaecumque
954 4425 1010 4502 ipsi
1025 4426 1098 4484 mira
1112 4424 1293 4500 imaginandi
1306 4424 1433 4486 laetitias
1449 4427 1551 4488 offerte

203 4521 334 4590 potarat,
364 4511 510 4574 indefesso
538 4511 637 4574 studio
659 4513 764 4572 iterum
787 4509 884 4570 denuo
907 4525 1046 4587 quaerere
1069 4519 1098 4572 et
1119 4513 1241 4596 serutari
1269 4513 1425 4588 inciperet,
1457 4513 1550 4576 donee

204 4601 323 4660 tandem
345 4601 420 4660 ratio
442 4603 527 4662 unice
550 4617 620 4661 rara
642 4600 763 4659 inventa
786 4606 816 4658 et
837 4615 948 4660 errores
971 4615 1107 4677 prospere
1130 4599 1244 4658 excussi
1267 4605 1373 4659 essem.
1418 4601 1457 4660 Et
1478 4601 1551 4662 haee

206 4689 255 4750 ria
276 4689 361 4749 unice
385 4705 461 4748 rora·
477 4688 640 4768 ellipsis
661 4694 713 4748 est.
749 4685 842 4746 Varie
865 4686 917 4746 illa
939 4689 1144 4763 experimenta,
1169 4699 1290 4760 quorum
1314 4702 1370 4764 ope
1392 4687 1480 4750 modo
1495 4691 1550 4750 ad·

203 4775 298 4838 bibita
319 4775 512 4855 'l'yoltomana
532 4775 620 4836 modo
645 4774 845 4853 Cepemicaua
874 4777 1004 4848 ratione,
1035 4772 1122 4832 modo
1146 4773 1294 4847 ,vicerim
1320 4773 1489 4848 conjectore
1510 4780 1549 4838 ab

203 4864 269 4948 ipso
292 4867 463 4945 excogitata
484 4865 666 4944 quaestionis
688 4879 832 4926 summam
855 4861 1056 4924 diltleultatem
1079 4859 1211 4938 frangere
1235 4857 1338 4940 vellet,
1370 4863 1443 4926 rarii
1466 4865 1549 4928 ‹tenl-
