3624 5554
225 407 229 414 '
282 395 372 478 708ι
768 400 854 474 ιιιιι.
869 391 987 464 tamnu
1003 401 1127 476 Kepleri.

281 583 343 638 tate
364 575 452 638 rebus
470 575 534 655 jam
556 581 720 658 prostratis,
742 579 826 642 nella
846 581 919 644 milri
940 585 999 645 nlal
1020 581 1107 645 valde
1129 579 1280 644 laboriosa
1301 586 1332 642 et
1344 577 1470 642 molesta
1482 578 1630 658 previdete

280 663 451 726 demandari
472 669 594 745 poterit,
627 667 745 747 qualem
767 670 866 732 lorsan
889 681 918 732 at
939 673 1106 752 provisores
1128 673 1219 732 vestri
1242 668 1419 750 detrectem,
1449 669 1496 728 cni
1525 683 1631 745 operae

278 754 305 812 ιι
327 753 423 813 minus
446 769 501 831 ego
524 763 641 835 propter
662 758 841 837 superbiam,
863 768 947 828 certe,
963 766 1082 840 propter
1094 760 1207 836 ingenii
1221 756 1437 820 volubilitatem
1453 764 1482 816 et
1495 753 1629 815 laborum

277 841 492 918 impatientiam
521 847 638 923 ineptus
667 863 749 922 sum,
779 846 832 906 alii
861 849 969 908 rectius
992 847 1219 922 adhibebuntur.
1263 846 1330 908 Non
1359 843 1432 906 latet
1453 845 1631 921 inspectores

276 943 428 990 meceres
450 931 517 1004 ista,
541 941 636 1012 coque
658 931 701 1015 tit,
724 941 758 994 ut
778 952 815 996 ne
838 935 958 1013 quidem
980 935 1210 1014 cogitationibus
1231 935 1293 994 suls
1315 949 1364 994 me
1378 931 1525 994 destinent
1545 928 1631 999 labo·

275 1015 359 1076 ribus
380 1017 573 1080 scholasticis.
618 1019 747 1100 Onpiunt
768 1039 816 1082 me
838 1025 882 1083 nti
906 1023 962 1084 boe
985 1025 1046 1084 otio
1068 1039 1134 1083 mec
1157 1019 1361 1106 philosophico
1384 1020 1421 1082 ad
1444 1016 1632 1078 illustrandas

277 1100 449 1186 disciplinas
470 1107 709 1182 mathematicas,
740 1117 771 1170 et
791 1111 817 1170 ai
840 1128 930 1190 penes
952 1113 1032 1189 ipsos
1061 1111 1191 1186 steterit,
1212 1127 1373 1187 nunquam
1395 1107 1465 1168 mihi
1492 1103 1631 1166 salarium

231 1193 236 1202 '
275 1207 374 1252 meum
403 1194 604 1272 abnegabitur.
649 1196 709 1259 Sed
731 1197 766 1258 fit
785 1199 893 1275 injuria
919 1206 1099 1278 temporum,
1130 1205 1164 1258 ut
1191 1197 1247 1257 irai
1274 1196 1330 1258 bac
1359 1198 1489 1274 ipsorum
1520 1195 1632 1272 optima

275 1277 428 1342 voluntate
451 1280 502 1343 dlu
524 1300 583 1343 non
605 1287 726 1362 possim.
772 1285 803 1346 Sl
825 1303 885 1365 qua
909 1288 954 1347 vis
976 1305 1013 1347 ex
1034 1287 1105 1346 aula
1125 1287 1265 1345 ministris
1288 1301 1439 1363 procerum
1461 1283 1580 1360 ingruit,
1604 1281 1631 1341 ei

274 1367 332 1446 ipsi
356 1385 475 1447 quoquc
502 1377 571 1430 aunt
599 1373 736 1454 obnoxii,
765 1380 879 1435 mnium
906 1375 991 1435 abest
1022 1381 1056 1434 ut
1077 1391 1124 1435 me
1148 1371 1313 1434 detendunt.
1358 1372 1403 1432 Ex
1424 1371 1519 1431 altera
1546 1375 1631 1448 parta

232 1459 235 1474 '
273 1461 342 1516 eunt
365 1458 441 1518 inter
462 1474 607 1537 proceres,
630 1462 681 1537 qul
703 1460 784 1538 quod
806 1461 975 1523 academias
996 1461 1144 1523 adiverint
1165 1462 1331 1540 opinionem
1353 1460 1464 1522 babent
1486 1456 1654 1518 eruditior

273 1543 329 1618 uls,
352 1545 460 1621 quibus
483 1545 540 1607 boc
562 1555 692 1626 praestat
714 1547 874 1622 literatura,
897 1557 930 1610 ut
952 1549 1129 1611 confidentia
1151 1547 1280 1627 quadam
1302 1553 1422 1610 utantur
1443 1549 1473 1606 in
1496 1551 1632 1606 contem·

273 1629 378 1692 nendis
407 1632 489 1694 bisce
518 1627 1030 1716 mathematicisspeculationibus3
1060 1653 1151 1717 penes
1179 1653 1255 1713 qnos
1285 1653 1351 1696 cum
1379 1637 1418 1695 sit
1439 1635 1482 1694 rei
1504 1649 1648 1707 summe,

272 1719 373 1779 neseio
396 1737 486 1797 qnam
509 1721 559 1783 diu
581 1738 628 1784 me
649 1730 781 1786 tutetura
803 1727 842 1786 eit
863 1727 1062 1805 inspectorum
1092 1727 1252 1786 auctoritas
1281 1731 1383 1784 contra
1410 1721 1526 1782 illorum
1550 1722 1632 1780 invi·

274 1803 362 1883 diam,
386 1810 439 1885 qui
461 1817 563 1872 contra
585 1829 631 1872 mc
656 1811 809 1873 clamitant
830 1813 878 1874 vel
902 1820 980 1876 certe
1001 1815 1167 1889 mussitant,
1190 1828 1249 1873 non
1270 1811 1332 1888 jam
1353 1818 1469 1887 tempus
1485 1826 1551 1870 ease
1568 1807 1633 1870 dis·

273 1893 367 1967 ccndi,
390 1894 444 1956 aed
466 1897 670 1976 belligerandi,
693 1902 765 1962 irem
780 1903 881 1978 potius
902 1904 933 1960 in
949 1899 1147 1974 Germaniam,
1172 1917 1249 1978 quac
1271 1916 1331 1960 non
1353 1900 1396 1958 lta
1409 1905 1560 1976 prematur
1583 1899 1632 1956 in·

273 1983 458 2045 curatombns
481 1985 613 2048 ancicis
616 2030 724 2050 .....
762 1987 876 2065 Quare,
908 2007 974 2051 cnm
1004 2007 1064 2049 non
1094 1989 1191 2066 possit
1212 2005 1277 2050 esse
1299 1987 1436 2048 diuturna
1466 1986 1542 2046 haec
1563 2001 1634 2046 mea

271 2067 418 2146 conditio,
449 2075 584 2134 omuibus
612 2075 709 2137 modis
731 2095 750 2138 a
772 2086 801 2137 te
824 2085 910 2154 peto,
942 2085 976 2137 ut
1005 2092 1093 2154 anper
1122 2077 1178 2138 hac
1200 2093 1266 2138 meu
1295 2091 1436 2154 perquam
1461 2075 1635 2136 neaemaria

271 2157 487 2221 consultatione
500 2159 589 2226 ,mihi
605 2165 695 2224 animi
719 2166 763 2224 tui
785 2167 1027 2243 sensaaparias:
1051 2171 1185 2224 totumne
1208 2167 1247 2226 sit
1269 2171 1299 2222 ct
1321 2162 1489 2240 expeditum
1511 2167 1544 2222 et
1566 2177 1636 2220 curu

270 2261 324 2323 spe
338 2251 532 2324 promotionis
547 2250 686 2327 laturum,
710 2254 735 2311 sl
750 2252 918 2330 Tubingam
932 2271 979 2313 me
1002 2253 1159 2326 conseram,
1183 2269 1222 2312 an
1236 2259 1367 2329 praestet
1381 2253 1410 2309 in
1426 2249 1517 2310 aliam
1534 2255 1637 2309 trana-

269 2333 312 2394 lre
334 2334 541 2397 academiam?
577 2338 609 2401 Si
631 2343 728 2401 minus
751 2347 849 2401 cetera
871 2340 930 2400 buc
950 2341 1090 2402 lactentia
1112 2339 1150 2400 ad
1172 2357 1219 2400 me
1243 2340 1289 2400 vis
1313 2339 1501 2417 perscribere,
1524 2345 1560 2396 at
1583 2335 1638 2396 illa

269 2419 407 2498 vulgaria
428 2426 534 2500 scribe,
557 2426 637 2503 qnod
659 2430 785 2506 pretinm
808 2429 879 2503 vini,
902 2428 1048 2503 frumenti,
1072 2431 1122 2506 qni
1146 2433 1328 2488 commeatus
1352 2424 1541 2503 cupediarius
1564 2423 1638 2504 (non

145 2580 147 2586 y
270 2511 347 2570 enirn
370 2515 503 2574 manavit
525 2529 600 2576 uror
621 2532 689 2576 mea
702 2515 779 2576 labis
794 2517 951 2594 victitare),
975 2517 1026 2594 qui
1041 2515 1146 2576 modus
1164 2514 1420 2578 conducendorum
1443 2511 1581 2586 aedium,
1607 2520 1638 2572 et

269 2597 301 2656 in
322 2615 430 2676 genere
453 2609 564 2678 quanto
587 2596 686 2664 sumtu
710 2605 773 2664 vita
798 2602 918 2665 tvelb
942 2604 1094 2667 hominum
1116 2603 1277 2682 vulgariter
1296 2605 1326 2661 in
1343 2618 1451 2663 annum
1467 2597 1638 2661 toleraturi

373 2699 527 2770 Responsio
544 2687 684 2758 Maestllni
702 2703 738 2768 ad
756 2703 807 2760 lias
825 2702 940 2774 Kepleri
956 2703 1050 2760 literas
1070 2703 1135 2760 data
1152 2709 1195 2759 est
1213 2702 1257 2758 die
1275 2702 1318 2758 25.
1331 2703 1394 2760 Jan.
1407 2701 1485 2758 1600.
1505 2701 1640 2756 Excusat

274 2785 411 2844 silentium
429 2787 595 2861 diuturnum,
615 2789 689 2860 quod
706 2807 756 2860 pro
774 2805 825 2847 sua
842 2791 977 2848 tenuitate
995 2791 1138 2848 alioruma
1158 2790 1258 2861 quibus
1276 2788 1437 2846 edoceretur
1454 2787 1575 2846 consilio
1593 2803 1642 2844 ne·

271 2887 348 2931 cesse
368 2873 504 2932 babuerit.
540 2876 599 2932 Hos
620 2877 744 2945 suadere,
764 2884 796 2934 ut
816 2877 951 2949 Keplcrua
966 2877 1022 2950 'per
1041 2878 1165 2935 libellum
1185 2867 1338 2948 supplicem
1362 2875 1457 2932 ducem
1479 2877 1641 2932 Wbrttem-

267 2959 377 3031 bergine
395 2963 429 3020 de
447 2977 573 3033 regressu
586 2965 715 3021 sollicitet
731 2965 815 3036 inque
829 2981 861 3022 eo
878 2965 1043 3022 mentionem
1061 2965 1146 3022 iaciat
1163 2965 1304 3021 machinae
1323 2963 1532 3032 astronomicae,
1552 2979 1641 3034 qnam

269 3048 407 3105 aurifaber
431 3049 648 3122 Stnttgartionus
673 3053 776 3122 ingenti
797 3054 890 3124 pretio
917 3051 1110 3109 aestimaverit.
1159 3053 1255 3107 Finem
1278 3049 1346 3106 lacit
1368 3051 1535 3107 Maestlinus
1566 3067 1642 3107 vana

270 3137 470 3211 consolatione,
487 3133 678 3209 Tubingenses
696 3140 848 3212 Styrlorum
866 3146 967 3198 sutum
985 3140 1129 3212 deplorare
1146 3147 1174 3196 et
1186 3140 1275 3195 Deam
1292 3137 1438 3219 implorare
1455 3154 1507 3209 pro
1522 3137 1643 3195 afflictis

269 3224 378 3281 illorum
396 3226 487 3282 rebus.
525 3227 636 3282 Interim
654 3227 805 3298 Keplerus,
823 3228 927 3284 frustra
943 3229 1148 3298 responsionem
1166 3233 1343 3299 exspectans,
1362 3227 1390 3286 d.
1408 3227 1450 3283 22.
1468 3225 1645 3283 Novembris

269 3311 406 3383 prioribus
424 3311 512 3370 addit:
537 3310 759 3372 Provinclarum
783 3329 884 3391 agens,
908 3315 958 3390 qui
973 3311 1088 3391 Pragae
1105 3313 1168 3388 luit,
1192 3313 1251 3373 lrnc
1265 3315 1381 3374 vinctus
1403 3320 1471 3373 ante
1486 3319 1639 3372 semestre

270 3396 396 3474 allatus,
418 3401 563 3482 superiori
585 3415 685 3462 menae
708 3407 801 3461 tortus
825 3407 878 3461 eat.
915 3399 1283 3480 aeeretsrtuestyrieram
1308 3403 1444 3478 captivus
1467 3399 1639 3460 detinetur.

269 3483 394 3560 Ferunt,
424 3485 617 3548 deliberatum
649 3487 686 3549 de
715 3487 775 3549 alio
803 3491 935 3566 principe
963 3488 1089 3566 ideoque
1117 3488 1238 3568 capitali
1265 3489 1411 3568 supplicio
1434 3486 1639 3566 plectendum

268 3570 353 3632 illum
374 3582 521 3651 agentem.
567 3575 684 3637 Interea
706 3577 818 3654 templa
840 3585 908 3637 ante
930 3577 1041 3655 paucos
1064 3595 1158 3638 annos
1181 3575 1336 3637 aedificata
1358 3583 1553 3651 evertuntur,
1585 3577 1641 3653 qni

269 3666 372 3721 conus
385 3663 525 3740 principia
541 3663 682 3724 mandata
696 3665 842 3725 ministros
859 3665 990 3726 detinent
1004 3666 1084 3727 cives
1107 3663 1292 3744 oppidorum,
1315 3666 1404 3724 armis
1427 3663 1465 3724 ed
1482 3663 1641 3725 obedien·
1690 3679 1691 3683 ¹

269 3747 342 3808 tlam
363 3750 580 3827 protrahuntur,
604 3752 723 3813 vincula
746 3753 855 3828 iniecta
878 3758 919 3814 20
943 3769 1079 3829 numero,
1111 3755 1162 3830 qni
1185 3751 1247 3812 beri
1270 3751 1353 3812 allati
1375 3759 1444 3812 sunt
1466 3752 1643 3830 desperata

268 3853 324 3899 sua
346 3838 452 3899 salute.
498 3839 565 3900 Hoc
588 3839 736 3902 decretum
759 3850 790 3902 ct
811 3841 997 3901 sanctissimo
1016 3841 1185 3919 juramento
1209 3839 1411 3900 confirmatum
1431 3846 1476 3900 est
1490 3842 1642 3918 principi,

268 3923 382 3987 nullum
405 3929 523 3987 omnino
547 3930 710 3989 ministrum
734 3928 876 3990 ecclesiae
898 3932 961 4006 pati
983 3931 1013 3988 in
1036 3931 1097 3990 suis
1119 3929 1295 4008 provinciis,
1319 3945 1356 3988 ne
1379 3927 1501 4005 quidem
1527 3929 1563 3988 in
1588 3946 1644 3989 ar-

270 4014 363 4075 cibus.
409 4013 499 4076 Givea
521 4015 610 4092 hujus
632 4018 722 4091 urbis,
746 4017 798 4094 qni
821 4033 932 4076 novum
951 4017 1150 4094 juramentum
1172 4023 1322 4094 praestare
1345 4033 1377 4076 se
1392 4033 1480 4092 posse
1507 4024 1643 4094 negant,

269 4109 393 4180 agentur
415 4104 444 4161 in
468 4103 605 4180 exilium,
636 4121 692 4164 nec
714 4105 817 4166 licebit
845 4106 917 4182 ipsis
940 4107 995 4165 sub
1023 4105 1139 4165 nobiles
1161 4106 1302 4181 migrare3
1336 4103 1480 4163 decimam
1516 4112 1644 4182 partem

268 4189 413 4251 bonorum
441 4197 509 4269 post
531 4209 564 4253 ee
586 4191 762 4269 relinquent.
807 4190 871 4269 Ego
895 4209 995 4252 omnes
1018 4193 1188 4254 occasiones
1211 4194 1313 4263 rimor,
1342 4194 1405 4251 aine
1421 4207 1505 4251 ,meo
1531 4203 1645 4254 sumtu

267 4276 396 4355 Pragam
418 4279 609 4355 perveniendi
632 4279 669 4339 ad
692 4279 880 4358 Tychonem,
910 4280 977 4341 inde
1001 4297 1036 4341 eo
1060 4283 1124 4342 viso
1148 4277 1218 4339 milri
1247 4279 1321 4338 lorte
1343 4286 1482 4340 nascetur
1509 4283 1642 4342 occasio

269 4364 451 4429 deliberandi
474 4365 510 4427 de
539 4365 675 4444 eligendo
705 4366 790 4442 loco,
820 4370 956 4445 quemvis
985 4385 1072 4429 nemo
1103 4385 1149 4428 mc
1172 4365 1330 4445 expelleret
1352 4373 1381 4427 et
1403 4365 1644 4445 prudentissimi

268 4455 379 4532 quique
403 4471 439 4516 ex
462 4454 613 4515 ordinibus
634 4461 734 4516 ament
755 4471 881 4533 meaque
903 4455 1052 4535 colloquia
1074 4454 1113 4517 ad
1136 4457 1275 4516 convivia
1297 4454 1397 4516 crebro
1420 4463 1585 4532 expetant.

305 4579 310 4586 ·
373 4553 520 4628 Keplcrus,
540 4555 663 4625 quamvis
682 4553 842 4612 difficillimo
858 4571 952 4612 rerum
970 4573 1080 4614 auarum
1103 4563 1177 4613 statu
1195 4559 1223 4609 ιι
1239 4553 1318 4610 melia
1336 4551 1456 4624 undique
1475 4554 1646 4627 ingruenti-

268 4636 321 4696 bus
339 4640 488 4710 plurimnm
506 4641 626 4714 agitatus
644 4643 697 4700 hoc
716 4657 795 4710 anno,
814 4643 900 4698 nihilo
913 4644 1002 4700 minna
1015 4643 1112 4700 studiis
1126 4645 1182 4702 suis
1194 4644 1323 4702 alacriter
1333 4643 1458 4701 incubuit
1472 4650 1505 4700 et
1517 4647 1646 4718 privatis

268 4733 297 4782 et
314 4728 440 4797 publicis.
470 4731 546 4802 Quae
565 4747 627 4788 cnm
639 4729 784 4787 Maestlino
803 4737 831 4785 et
842 4729 983 4786 Hernarto
1001 4738 1111 4802 praeter
1130 4747 1174 4787 res
1193 4748 1256 4789 snas
1276 4731 1440 4788 domesticae
1456 4730 1491 4786 in
1506 4733 1646 4805 epistolis

268 4814 326 4872 auis
345 4819 439 4889 egerit,
457 4833 541 4891 snpra
551 4820 730 4876 indicavimus
742 4819 830 4888 iisque
843 4817 976 4884 addimus,
994 4818 1168 4875 continuasse
1181 4819 1272 4876 studia
1284 4819 1481 4888 chronologica
1494 4821 1563 4890 (IV.
1575 4825 1646 4899 iot,

267 4901 410 4966 Ηιιιιιιιο
421 4907 596 4980 respondisse
608 4905 643 4966 ad
652 4905 739 4968 varies
749 4905 1073 4982 qmesuonesztanuario
1085 4923 1179 4965 mense
1191 4907 1226 4965 de
1234 4906 1375 4980 eclipsium
1388 4907 1649 4973 observationibus
