3662 5544
287 399 354 477 754
641 458 647 466 ,
780 397 861 464 itta
877 401 992 464 Joannis
1008 401 1130 478 Kopion.
1234 395 1237 404 λ

286 603 349 648 rem
369 581 442 646 miti
462 581 647 662 pollicearis,
679 581 807 647 andam.
851 583 927 647 idam
949 585 1006 648 boc
1028 586 1097 665 iter,
1126 585 1198 648 satis
1220 589 1418 662 sumtuoanm,
1448 585 1505 646 nisi
1527 585 1637 664 optima

287 691 342 752 spe
363 689 423 734 non
445 671 573 734 libenter
595 687 789 752 capessercm.

392 759 479 838 Quod
511 763 615 823 attinet
643 762 760 822 veniam
782 759 979 838 ingrediendi,
1011 777 1078 822 cnm
1100 763 1217 824 vocatio
1239 777 1306 824 mea
1334 760 1431 824 aulica
1455 765 1523 820 ante
1545 758 1637 820 reior-

285 849 461 910 mationem
476 847 556 929 iiiam
587 855 725 927 suscepta
756 855 786 910 et
813 849 952 910 inchoata
981 866 1200 928 consensusque
1230 849 1365 911 Caesaris
1394 852 1568 925 impetratas
1590 848 1637 919 sit,

288 953 365 1014 qnae
388 935 516 1014 deniqne
538 934 710 998 c'ondrmata
731 953 784 998 scu
804 937 953 998 notificata
974 938 1030 998 init
1052 941 1186 1016 penitus,
1216 954 1375 1016 persuasus
1398 937 1458 998 iera
1481 953 1563 1010 snm,
1587 951 1640 994 ex-

285 1027 414 1104 spirasse
436 1021 518 1085 iiiam
539 1026 712 1104 eiectionem
735 1030 764 1086 et
785 1027 1003 1102 provinciarum
1025 1025 1261 1102 prohibitionem,
1283 1043 1338 1088 nec
1360 1042 1425 1086 esse
1449 1020 1641 1086 refricandam

287 1114 352 1190 eins
380 1117 551 1174 memoriam
578 1113 720 1190 petitione
749 1115 853 1174 venien
885 1112 1078 1192 ingrediendi,
1124 1113 1184 1175 Sed
1214 1131 1316 1176 vorum
1346 1121 1405 1188 est,
1436 1118 1570 1173 amantes
1594 1111 1640 1169 sni

289 1203 421 1279 ipsorum
448 1201 507 1278 ipsi
528 1201 586 1261 eibi
608 1200 722 1279 fingant
741 1199 849 1265 dulcia.
893 1200 925 1262 Si
946 1201 1130 1279 pericniosaa
1159 1208 1228 1262 sunt
1250 1201 1306 1264 hae
1327 1217 1412 1264 meae
1435 1201 1639 1278 cogitationen,

290 1297 429 1368 exspecto
452 1287 692 1350 admonitionem.

333 1439 337 1453 ,
392 1377 428 1438 In
448 1377 596 1454 prioribus
616 1376 709 1438 literis
731 1376 852 1451 scribis,
874 1375 926 1436 diu
949 1373 1239 1439 delituisss'lnnaria
1260 1393 1338 1452 mea,
1363 1375 1444 1454 quod
1464 1377 1566 1448 miror,
1587 1390 1641 1433 nec

291 1464 399 1542 injurie
427 1464 540 1542 aliquid
568 1466 718 1540 suspicor;
746 1471 819 1540 rogo
848 1465 950 1540 itaque
979 1465 1120 1542 maiorem
1147 1467 1177 1526 in
1201 1466 1334 1542 modam,
1364 1471 1397 1524 nt
1418 1481 1466 1525 mn
1489 1465 1640 1546 certiorem

290 1553 380 1614 iaciat
401 1550 504 1630 Magn.
527 1551 602 1626 Tua,
626 1569 665 1612 an
687 1554 717 1610 in
738 1551 834 1611 lituris
857 1549 1033 1628 quibusdem
1056 1563 1197 1630 agnoscat
1218 1553 1260 1613 Μ.
1283 1553 1320 1614 Τ.
1342 1569 1438 1614 meam
1460 1568 1589 1612 manum

395 1637 483 1716 Quod
503 1637 646 1702 haeredes
676 1641 781 1701 attinet
802 1637 1005 1717 Tycbonicos,
1036 1658 1111 1701 unns
1133 1648 1179 1702 est
1203 1643 1294 1702 instar
1316 1641 1445 1702 omnium
1466 1641 1640 1699 Franctscns

290 1725 432 1802 Gansneb
446 1726 596 1805 Tegeam,
618 1727 712 1789 nobiti
734 1743 841 1804 genere
862 1727 1055 1806 Westpbalns
1077 1735 1107 1789 et
1128 1731 1159 1788 in
1181 1745 1320 1808 massana
1343 1729 1507 1790 Caesareae
1528 1725 1643 1803 idajae·
1669 1785 1676 1802 ,

290 1817 361 1878 tatis
382 1815 515 1878 minister
537 1814 660 1877 anticus
695 1813 925 1876 Mathematicus
947 1818 1024 1876 anim
1046 1833 1105 1877 nnn
1127 1815 1193 1877 vnit
1214 1817 1325 1878 andire.
1354 1814 1434 1877 Nihil
1449 1816 1570 1875 bonoria
1585 1813 1642 1874 bac
1722 1853 1727 1862 ·

237 1939 243 1955 ι
289 1904 438 1966 mentione
465 1902 567 1982 uago.
591 1902 675 1964 Tuae
695 1905 825 1980 impono.
871 1901 949 1964 Volo
979 1910 1012 1966 ut
1033 1921 1086 1981 pro
1115 1921 1195 1966 moro
1222 1905 1342 1966 arbitrio
1372 1919 1428 1964 sno
1450 1901 1552 1979 Magn.
1575 1900 1642 1962 Tea

290 1997 362 2069 egat
383 2007 450 2053 enm
471 1990 518 2052 bis
539 1990 650 2052 tabulis
651 2031 757 2054 .....
794 1989 830 2050 In
851 1991 925 2052 meis
941 1989 1056 2068 Opticis
1079 1992 1197 2054 andam
1220 1992 1279 2054 Dei
1300 1992 1395 2070 gratia
1413 1990 1451 2051 ad
1474 1989 1561 2051 finem
1574 2005 1644 2066 per·

248 2117 257 2142 .
290 2079 370 2154 neni,
392 2085 538 2156 quotenne
560 2078 664 2139 titntns
686 2085 768 2156 patet
789 2080 1006 2140 Asborromine
1024 2097 1102 2156 pora
1126 2079 1245 2156 Option.
1291 2079 1375 2156 Quae
1397 2078 1550 2140 additurus
1565 2093 1641 2149 sum,

289 2183 376 2228 mam
398 2169 429 2226 in
452 2166 633 2245 exquiraada
654 2183 726 2228 vera
747 2172 879 2228 motuum
901 2165 1050 2228 lanariam
1076 2167 1236 2246 hypothesi
1257 2169 1447 2246 patciacient.
1491 2165 1549 2225 lita
1572 2179 1643 2225 vero

289 2263 358 2318 sunt
372 2271 441 2332 pars
456 2270 565 2332 magne
578 2255 776 2316 astronomiae
796 2256 1003 2331 geometricas,
1025 2271 1131 2333 nempe
1153 2255 1205 2320 tib.
1221 2255 1275 2331 IV,
1294 2255 1330 2330 V,
1346 2255 1398 2318 VI.
1421 2253 1525 2332 Operis
1541 2251 1643 2329 tingui

289 2339 463 2406 Ptolemaei.
509 2341 581 2404 dam
608 2349 638 2404 et
668 2341 705 2405 ds
727 2341 933 2404 occasionibus
962 2341 1069 2404 edendi
1099 2351 1130 2405 et
1151 2342 1187 2404 de
1209 2343 1410 2421 extorquendo
1438 2341 1548 2402 salario
1575 2355 1642 2400 meo

290 2431 390 2506 cogito
412 2433 501 2508 inquo
524 2429 570 2491 his
591 2445 658 2492 sam
681 2436 851 2508 occupatus.
881 2427 916 2489 In
939 2429 1054 2492 theoria
1067 2430 1172 2492 Martia
1188 2437 1285 2496 nebia
1298 2437 1368 2494 sant
1381 2427 1644 2508 expeditarum

291 2516 390 2580 adbuc
412 2516 528 2579 desunt.

392 2604 469 2668 Vale
491 2604 593 2682 Magn.
616 2602 671 2665 Vir
692 2610 722 2666 et
742 2621 790 2665 me
811 2621 912 2668 amare
933 2623 1032 2686 perge.

367 2729 373 2740 ι
449 2697 479 2756 5.
492 2692 568 2755 dulit
586 2697 680 2756 1608.
702 2691 828 2771 Pragae.
1248 2693 1349 2772 Magn.
1370 2693 1447 2758 Nob.
1469 2691 1554 2755 'dnae

1287 2781 1517 2844 officiosissimus

1262 2869 1392 2932 Jotann
1414 2867 1538 2946 Keptar.

391 3015 535 3080 Proximos
552 3019 588 3079 ad
603 3019 776 3090 Hernartnm
787 3020 884 3078 litarde
895 3019 1008 3092 Kepieri
1027 3019 1107 3080 datae
1119 3025 1184 3078 sunt
1195 3037 1218 3080 c.
1230 3038 1353 3081 mensem·
1362 3022 1549 3094 Septembrem
1561 3019 1642 3091 (Her-

290 3109 367 3168 tvarti
385 3111 527 3182 responsio
545 3109 581 3165 ad
599 3109 764 3182 praemissas
783 3107 879 3166 literas
897 3108 974 3166 nulla
992 3112 1096 3176 enatat)
1116 3107 1236 3181 illaeque
1253 3112 1323 3168 haec
1340 3111 1452 3168 habent.

395 3201 554 3280 Magnifice
577 3210 608 3264 et
628 3201 818 3264 Nobilissime
841 3202 910 3276 Vir,
938 3202 1049 3264 Fautor
1078 3200 1209 3266 colendo.
1253 3201 1371 3266 Monuit
1399 3221 1445 3266 me
1466 3202 1582 3266 Nobilis
1605 3199 1643 3262 D.

290 3289 399 3352 Matri.
423 3289 575 3352 Walter
597 3291 727 3352 aerarius
749 3291 879 3365 imperii,
903 3297 937 3350 ut
957 3289 1016 3350 sibi
1038 3288 1157 3350 domam
1178 3293 1336 3353 revertenti
1359 3291 1509 3354 literarum
1531 3288 1644 3366 aliquid

289 3377 329 3440 ad
359 3377 596 3455 Magnitudinem
623 3377 719 3438 Tuam
750 3375 992 3440 commendarem.
1045 3375 1295 3440 Humanissimam
1329 3379 1405 3442 banc
1438 3381 1642 3439 invitationem

289 3467 449 3544 superbum
465 3473 528 3527 erat
542 3473 736 3540 contemnere,
760 3481 910 3541 quaquam
924 3464 998 3525 nihii
1010 3464 1074 3542 jam
1088 3465 1246 3544 scriptione
1269 3466 1388 3544 dmum
1412 3467 1546 3541 occurrit,
1562 3463 1643 3542 qnod

294 3558 387 3614 artem
410 3560 541 3614 nostram
562 3554 696 3614 attineat.
732 3551 779 3628 De
802 3549 957 3630 Opticis
979 3569 1114 3630 quaeque
1137 3554 1166 3612 in
1190 3555 1225 3614 iis
1247 3558 1443 3616 astronomica
1456 3560 1550 3616 bacto
1566 3569 1643 3612 uon-

294 3640 363 3703 dum
391 3641 543 3720 rsepondit
565 3641 683 3702 Caesar.
727 3639 867 3702 Didertur
895 3638 996 3701 editio.
1042 3639 1162 3702 interim
1185 3657 1221 3704 ea
1247 3642 1311 3718 jam
1340 3649 1473 3722 tempora
1495 3645 1643 3718 ingruunt,

293 3745 371 3806 quae
394 3735 463 3790 ante
486 3745 595 3789 annum
617 3724 782 3806 providisti.
813 3725 859 3788 Do
880 3727 989 3788 salario
1011 3727 1100 3804 hujus
1123 3731 1200 3804 anni,
1224 3728 1263 3790 ad
1285 3729 1369 3808 crpus
1391 3729 1479 3792 tinem
1501 3731 1644 3790 trimestre

291 3823 348 3893 ost,
370 3815 444 3876 nihil
467 3815 564 3878 adbuc
587 3815 698 3893 accepi.
726 3814 780 3876 Sat
794 3821 906 3876 mature
921 3816 1069 3892 monuisti,
1093 3819 1118 3876 si
1140 3823 1188 3878 set
1204 3817 1509 3897 expediisprovidera
1526 3817 1643 3896 potuis·

291 3920 364 3964 sem.
409 3901 518 3965 Totam
539 3903 617 3964 hunc
639 3917 748 3964 annum
769 3901 844 3962 nibil
866 3903 947 3964 aliud
969 3921 1041 3982 ago,
1064 3905 1122 3964 nisi
1145 3913 1177 3964 ut
1200 3903 1385 3969 difficultates
1408 3907 1481 3968 istas
1502 3903 1643 3968 molliam.

289 3987 419 4054 Uxorem
441 3988 572 4052 nondum
595 3991 708 4068 recepi;
732 3983 867 4052 casalina
889 3989 940 4051 din
955 3989 1077 4052 Grastio
1100 3989 1208 4069 abfuit,
1232 3991 1304 4054 nibil
1326 4013 1392 4056 cnm
1415 4011 1450 4056 ao
1475 4010 1545 4056 uror
1567 4009 1643 4067 mea,
1720 4017 1723 4022 ·

289 4081 348 4140 nisi
370 4075 449 4158 quod
472 4078 510 4140 ad
533 4079 629 4157 ipsum
649 4079 765 4156 scripsi.
809 4077 930 4140 Summa
952 4078 1171 4141 deliberationis
1193 4098 1277 4144 meae
1298 4079 1373 4144 haec
1395 4089 1448 4150 nst.
1472 4089 1505 4142 ut
1528 4099 1549 4142 a
1568 4079 1645 4160 Cae-

289 4185 356 4230 sare
378 4173 478 4245 petam
500 4174 553 4228 aut
574 4163 795 4227 annotationem
817 4165 915 4228 salarii
937 4163 976 4226 ad
992 4165 1145 4230 Camenam
1160 4165 1350 4232 Bohemicam
1372 4178 1425 4232 aut
1446 4167 1485 4230 ad
1500 4169 1644 4230 aerarium

290 4255 417 4334 imperii.
448 4253 528 4316 illud
551 4253 680 4328 infidum,
702 4253 759 4314 hoc
780 4253 919 4318 insolens.
953 4245 1058 4332 Cogito
1082 4262 1111 4318 ct
1134 4253 1322 4320 demissione
1345 4265 1375 4318 ct
1390 4255 1645 4319 commendatione

290 4344 328 4407 ad
342 4343 620 4422 wirtembergioum
641 4339 834 4418 impetranda,
858 4359 926 4402 nam
949 4341 978 4402 in
993 4359 1029 4404 ea
1044 4342 1155 4404 ditione
1177 4343 1249 4406 mihi
1271 4345 1399 4426 paucula
1413 4346 1492 4407 bona
1507 4351 1537 4406 et
1552 4351 1646 4408 mater

290 4439 362 4493 snnt
385 4439 414 4493 et
442 4435 578 4511 princeps
608 4430 759 4492 numicius.
805 4429 918 4492 Forsan
948 4437 978 4490 ct
1007 4429 1114 4491 absens
1140 4431 1258 4497 titulum
1287 4433 1365 4496 huno
1393 4450 1459 4495 cnm
1484 4429 1593 4494 salario
1616 4433 1646 4490 in

291 4519 489 4596 profectiones
512 4517 549 4580 ad
573 4517 672 4580 aulam
694 4517 849 4596 impetrare
871 4518 991 4596 possim.
1021 4515 1179 4580 Barwitius
1202 4521 1305 4584 unicus
1326 4521 1398 4583 mibi
1412 4530 1443 4582 et
1464 4517 1544 4582 idern
1567 4519 1646 4596 opti·
1735 4573 1744 4592 ,

291 4623 356 4668 mas
378 4613 520 4686 patronus
551 4611 613 4683 ast;
643 4603 752 4666 Caesar
779 4606 868 4665 etiam
898 4604 1043 4667 interdum
1073 4605 1186 4685 aliquid
1207 4608 1279 4670 mibi
1301 4605 1422 4670 mandat
1449 4605 1645 4681 scribendum,

294 4709 379 4772 spero
402 4711 450 4756 me
472 4693 576 4754 horum
598 4690 711 4768 aliquid
733 4693 964 4770 impetraturum.

394 4777 512 4858 Rogavi
535 4789 565 4844 ct
586 4779 626 4840 D.
650 4779 814 4840 Welserum
838 4777 873 4840 de
896 4777 1033 4856 coneilio,
1065 4780 1116 4857 qni
1143 4781 1202 4842 tuis
1233 4781 1485 4845 exhortationibus
1511 4781 1645 4844 fortassis

293 4867 349 4929 erit
369 4865 532 4932 memoror.
578 4865 705 4946 Quaero,
727 4867 753 4928 si
775 4863 847 4944 qnid
867 4865 980 4930 alicubi
1001 4874 1105 4946 vacet,
1128 4869 1214 4946 cnjus
1234 4871 1347 4934 reditus
1369 4887 1514 4934 summam
1537 4875 1646 4950 aequet
