3624 5554
876 1447 931 1546 Π.

621 1709 624 1722 -
679 1607 681 1610 ¹
731 1655 931 1778 Kepleri
962 1653 1078 1754 vite

606 1843 783 1901 servato
805 1856 1010 1902 annorum
1033 1841 1195 1900 ordine.
1282 1919 1286 1930 „

332 2149 436 2226 Quells
459 2169 509 2228 ee,
541 2172 618 2231 quse
641 2155 800 2232 Keplerum
829 2158 960 2233 proxime
989 2157 1160 2227 antecessit,
1192 2153 1301 2214 eetste'
1317 2153 1467 2216 literarum
1495 2158 1583 2218 inerit

229 2245 333 2308 status,
356 2243 525 2315 praemissis
548 2244 594 2303 his
617 2242 733 2320 paginis
756 2261 902 2322 exponere
925 2247 1021 2305 conati
1046 2261 1154 2303 sumus.
1199 2241 1269 2302 Jam
1292 2241 1411 2318 Kepleri
1435 2246 1528 2320 ipsius
1552 2253 1583 2306 et

226 2345 321 2390 mores
345 2339 374 2386 et
396 2327 556 2389 doctrinam
580 2349 713 2392 errnrrerc
736 2335 928 2409 suscipientes
952 2331 1034 2390 dubii
1051 2347 1161 2404 sumus,
1184 2347 1254 2389 num
1271 2331 1416 2406 ejusmodi
1432 2335 1580 2394 enarratio

226 2417 392 2476 etiamnunc
414 2419 452 2475 sit
473 2421 647 2483 necessarie.
692 2419 793 2479 Tomis
815 2423 892 2480 enirn
912 2421 976 2496 junr
999 2419 1084 2480 editis
1108 2420 1206 2477 omnia
1229 2416 1417 2492 collegimus,
1442 2436 1518 2496 quse
1540 2421 1580 2481 ed

226 2501 429 2582 explicandam
460 2507 602 2582 cujusque
632 2509 729 2583 operis
760 2509 901 2585 originem
924 2509 1042 2584 reperiri
1071 2513 1237 2582 potuerunt.
1283 2505 1391 2565 Paucis
1413 2523 1501 2584 porro
1525 2525 1580 2568 ex-

226 2594 317 2669 eeptis
340 2605 440 2651 omnes
456 2593 575 2670 Kepleri
600 2596 741 2671 epistolae
764 2594 810 2654 lris
832 2596 920 2654 tomis
943 2599 1042 2654 insunt
1065 2601 1094 2654 et
1115 2595 1146 2650 in
1168 2593 1215 2652 bis
1239 2592 1371 2668 epistolis
1394 2601 1446 2653 eut
1461 2597 1490 2653 in
1506 2596 1580 2672 ipsis

225 2679 368 2756 cujusque
391 2684 488 2756 operis
511 2682 742 2758 praefationibus
766 2683 911 2760 Koplcrus
944 2689 1075 2754 enarret,
1107 2683 1214 2757 quibus
1245 2682 1341 2740 causis
1364 2681 1401 2740 ad
1425 2683 1581 2744 scribenda

225 2785 261 2828 ea
283 2770 322 2827 sit
345 2767 503 2844 adductus3
527 2769 572 2829 nis
596 2788 672 2847 quse
694 2769 832 2831 addenda
854 2771 964 2830 luerint
988 2773 1060 2842 risa,
1084 2772 1113 2827 in
1137 2767 1401 2828 introductionibus
1417 2777 1470 2828 aut
1484 2787 1581 2830 enno·

226 2856 384 2928 tetiouibus
407 2859 514 2916 nostris
541 2857 642 2918 efferre
671 2861 911 2919 conutt'sumus.
958 2857 1136 2932 Saepissime
1161 2857 1202 2914 ibi
1226 2857 1315 2914 etiem
1344 2857 1436 2932 ipsius
1459 2855 1580 2936 Kepleri

225 2943 412 3019 familiaeque
435 2944 499 3020 eJ'us
529 2945 607 3018 iata,
640 2947 747 3021 quibus
778 2963 849 3005 usus
879 2948 921 3004 sit
944 2939 1046 3003 amieis
1069 2952 1099 3001 et
1121 2945 1309 3019 praepositis,
1342 2943 1489 3018 quomodo
1514 2963 1580 3004 oum

97 3107 102 3116 μ
226 3031 296 3089 viris
318 3047 354 3090 ea
376 3037 474 3090 aetate
497 3031 674 3091 doctissimis
697 3035 736 3092 sit
765 3039 918 3105 versutus,
949 3033 1133 3090 nunciantur.
1179 3029 1237 3104 Qui
1265 3032 1354 3106 igitur
1383 3039 1496 3108 septem
1524 3033 1580 3093 bos

225 3129 336 3190 tomos,
362 3118 468 3193 quibus
491 3119 612 3197 Kepleri
637 3138 726 3198 opere
749 3122 947 3190 continentur,
973 3117 1127 3193 diiigenter
1148 3117 1321 3194 perlegerit,
1345 3120 1408 3195 ipse
1431 3121 1487 3179 sibl
1503 3123 1581 3180 ima·

224 3209 322 3283 ginem
353 3207 463 3282 egregii
492 3209 560 3280 viri,
590 3216 619 3266 et
651 3211 699 3284 qui
729 3209 816 3267 inerit
845 3214 873 3266 et
896 3224 955 3282 quo
980 3213 1128 3265 momento
1156 3209 1186 3263 in
1214 3205 1367 3282 aequales,
1401 3221 1579 3284 componere

226 3295 340 3370 poterit,
364 3303 393 3352 et
417 3293 472 3352 hoc
494 3293 559 3354 sole
581 3311 672 3355 cause
695 3295 906 3355 dubitationem
929 3302 1058 3352 nostram
1079 3295 1189 3370 justam
1213 3293 1401 3353 existimabit.

332 3379 574 3457 Accedit‘qnod,
607 3401 643 3441 ex
667 3399 724 3457 quo
748 3399 868 3460 operum
891 3381 1012 3458 Kepleri
1036 3380 1216 3441 edendorum
1240 3382 1353 3440 initium
1376 3381 1513 3456 lecimus,
1538 3389 1582 3442 tot

215 3469 282 3527 ¹viri
305 3470 398 3544 magis
420 3469 469 3526 vel
491 3472 586 3542 minus
615 3469 712 3528 idonei
737 3469 773 3529 de
795 3469 939 3550 Keplero,
971 3469 1007 3528 de
1031 3469 1094 3545 ejus
1122 3471 1199 3542 vite,
1230 3468 1278 3527 vel
1308 3467 1344 3528 de
1367 3469 1490 3545 singulis
1515 3471 1580 3546 ejus

227 3556 294 3616 latis
318 3563 347 3614 ct
369 3557 506 3631 operibus
529 3561 719 3635 scripserunt,
751 3563 781 3617 et
804 3575 880 3632 quus
903 3556 1050 3632 Keplerus
1074 3556 1110 3616 de
1134 3555 1310 3633 quibusdam
1333 3554 1510 3634 disciplinis,
1544 3557 1580 3618 de

113 3671 117 3685 =
227 3641 376 3719 religione,
401 3642 436 3702 de
459 3643 654 3706 ecclesiaste.
680 3646 854 3721 cogitaverit
877 3653 1038 3718 cesserunt,
1061 3653 1096 3703 ut
1118 3643 1233 3703 difficile
1257 3645 1304 3716 sit,
1328 3647 1398 3704 novi
1414 3643 1527 3721 aliquid
1544 3645 1580 3705 de

227 3748 262 3791 eo
285 3729 386 3791 afferre
410 3731 556 3808 simulque
578 3733 702 3792 formam
723 3735 850 3809 reperire
874 3735 961 3792 tomis
984 3735 1152 3810 praemissis
1175 3739 1284 3807 aptent.

217 3887 218 3894 ἵ
331 3818 429 3893 Quum
452 3828 550 3880 eutem
573 3819 610 3880 ad
633 3820 875 3898 subscriptionem
900 3819 1036 3880 editionis
1058 3825 1176 3879 nostrae
1199 3820 1357 3878 invitantes
1380 3821 1472 3880 vitam
1495 3819 1580 3899 Kep-

225 3906 278 3968 leri
302 3905 433 3965 additum
457 3909 492 3964 iri
514 3907 636 3984 polliciti
665 3910 756 3968 simus
787 3915 816 3968 et
843 3925 933 3984 quum
965 3909 1016 3966 vix
1045 3907 1133 3966 liceat
1161 3915 1345 3983 exspectare,
1375 3907 1483 3967 multos
1514 3926 1580 3969 esec

228 4012 345 4072 operam
369 3993 544 4055 daturosnt
567 4014 618 4068 ee,
648 4013 724 4072 quae
745 4012 798 4072 per
820 4003 932 4072 septem
954 4002 1051 4053 toruos
1074 3994 1204 4070 dispersa
1227 3993 1347 4070 Kepleri
1370 3997 1449 4054 vitae
1473 3997 1580 4073 imagi-

216 4101 293 4150 ¹nem
316 4084 491 4142 constituere
521 4086 650 4160 possint,
682 4081 822 4159 colligent
845 4091 875 4142 et
897 4081 1066 4158 disponent,
1096 4099 1185 4156 quum
1214 4081 1340 4157 denique
1369 4098 1447 4141 nove
1477 4083 1580 4161 eliqua

226 4171 384 4232 lectoribus
414 4171 521 4230 nostris
552 4173 654 4231 offerre
684 4173 846 4248 possimus,
878 4171 1030 4246 promissis
1059 4168 1195 4228 standum
1226 4186 1290 4228 csse
1317 4177 1454 4246 putamus
1482 4189 1579 4248 neque
1637 4237 1641 4262 Ι

227 4268 324 4319 temen
350 4255 488 4334 celamus,
511 4258 587 4317 hane
609 4259 728 4334 Kepleri
753 4259 844 4316 vitam
867 4256 946 4315 haud
969 4255 1035 4316 altis
1056 4272 1149 4331 paene
1165 4258 1207 4314 uti
1224 4256 1401 4329 auctoribus,
1425 4274 1512 4333 quarn
1528 4261 1580 4335 qui

228 4349 257 4404 in
281 4344 453 4406 collectione
481 4345 670 4422 epistolarum
692 4345 813 4422 Kepleri
836 4345 874 4404 eb
897 4343 1097 4403 Hansehio
1129 4341 1208 4402 edite
1238 4346 1297 4403 sint
1319 4347 1471 4420 praemissi
1490 4349 1578 4419 (coni.

227 4445 283 4492 tom
295 4439 316 4492 1.
336 4453 362 4506 p.
374 4437 433 4506 59);
458 4435 493 4492 iis
509 4451 586 4510 quae
601 4435 642 4493 ibi
658 4433 693 4494 de
710 4435 915 4508 manuscriptis
937 4431 1184 4491 Pulkoriensibus
1208 4429 1333 4490 diximus
1354 4430 1500 4507 reddimus,
1524 4449 1579 4493 nos

228 4539 263 4581 ex
287 4519 338 4580 illo
361 4529 492 4598 tempore
516 4523 614 4582 omnin
636 4524 833 4597 manuscripts
856 4519 1067 4578 Pulloniensia
1090 4525 1118 4577 et
1135 4517 1314 4578 Viennensis
1328 4517 1578 4596 Monacensiaque

122 4607 125 4612 ’
228 4609 349 4684 (quibus
373 4609 576 4670 Bernartiann
600 4611 797 4684 continentur)
824 4609 953 4668 tenuisse
981 4608 1076 4682 iisque
1106 4622 1175 4665 usos
1206 4623 1285 4666 csse..
1325 4598 1481 4668 Pru'ctcrea
1502 4607 1579 4668 hane

228 4697 318 4754 vitem
346 4699 432 4756 tomis
457 4698 520 4775 jsrn
548 4696 634 4757 editis
663 4697 833 4773 praesertim
860 4695 915 4753 niti
943 4693 1085 4768 diximus,
1114 4693 1253 4752 nonnulle
1282 4695 1370 4754 etiem
1398 4711 1434 4754 ex
1457 4695 1577 4754 Brett-

228 4781 422 4843 schwertii
450 4785 591 4862 opusculo
621 4783 755 4866 (,Lebeu
787 4783 845 4843 und
876 4781 997 4842 Wirlren
1025 4778 1182 4859 Keplcrs“.
1222 4781 1468 4860 Stuttg.1831),
1501 4780 1576 4843 libro

226 4867 388 4934 secuudum
418 4871 601 4935 Henschiunr
631 4889 740 4956 magna
770 4889 835 4934 eum
864 4868 1016 4946 diligentia
1046 4878 1076 4930 et
1108 4868 1166 4930 tide
1198 4871 1376 4947 composito,
1410 4887 1507 4947 peuce
1540 4887 1576 4932 cx
