3612 5538
540 385 654 462 Kepleri
671 385 812 448 murrum
829 385 921 448 studia
937 393 966 447 at
983 387 1117 472 duptrine.
1443 387 1507 462 995

154 572 225 630 atta
246 565 394 630 illiristrnu
417 575 447 632 u
469 569 509 634 alr
530 571 741 648 antiquitatis
756 571 922 647 ignoratam
936 587 1003 632 osae
1016 573 1263 647 rummandum,
1287 571 1340 632 illu
1362 570 1508 632 turnum

153 653 239 716 illum
261 659 423 722 oettamlrtt
444 659 581 734 partium,
603 659 661 720 leue
683 658 741 722 looi
764 659 881 718 obtueri
901 672 1049 720 morarum
1070 659 1227 724 literarum.
1258 659 1356 720 littam
1369 659 1507 736 gentibus

153 759 212 804 non
245 744 442 806 omnimodam
474 745 693 808 damnationem
726 749 908 823 propositam
945 749 1141 820 existimavit,
1175 755 1272 809 motus
1305 747 1507 824 speculatione

154 829 373 893 misericordiae
400 833 528 896 diriuae.
572 833 607 893 Iu
629 833 756 896 matlresi
777 832 871 894 multa
892 835 1014 894 rimatus
1038 843 1084 895 art
1105 835 1189 911 quasi
1212 851 1271 896 non
1294 837 1353 894 aiut
1374 837 1506 909 tursum,

154 935 233 995 puae
262 928 330 994 pust
354 921 417 997 iem
448 930 518 984 anta
545 923 668 982 iuventa
696 920 778 982 vidit.
827 920 1023 998 Horologium
1051 923 1179 984 eoeleste
1207 923 1361 996 confluxit,
1397 939 1507 986 noram

83 1047 86 1052 -
155 1005 299 1072 theoriam
322 1015 352 1068 at
374 1009 505 1086 inprimis
526 1011 656 1086 quinqua
678 1025 809 1086 eorpora,
834 1008 966 1069 difficilis
989 1010 1097 1072 omnis.
1135 1010 1169 1069 iu
1191 1010 1321 1072 historiis
1343 1009 1508 1072 hebdoma-

155 1093 209 1154 das
232 1093 370 1155 Danielis
391 1095 485 1156 elitar⁴
498 1097 658 1174 erplieevlt
680 1100 743 1170 (etr.
762 1101 815 1158 rol.
835 1101 897 1157 vlt.
915 1119 942 1170 p.
960 1103 1013 1158 803
1032 1103 1094 1171 ιι),
1116 1115 1226 1160 novem
1244 1099 1421 1176 Assyrireaa
1442 1113 1508 1157 mo-

154 1181 293 1242 rtaroluiaa
327 1183 478 1244 historiam
513 1187 631 1260 scripsit
657 1185 1095 1258 er.133sa),0slandarinm
1126 1184 1290 1245 Romanuin
1319 1188 1508 1261 investigavit

154 1273 372 1343 (Villtdflss).
411 1271 446 1330 la
468 1275 545 1332 omni
568 1289 676 1348 genere
697 1273 912 1350 proiesslonpra
934 1271 1111 1350 disputando
1133 1272 1268 1346 inhaesit,
1291 1273 1433 1334 leotiones
1455 1289 1509 1332 ex·

155 1357 282 1418 tralreas.
319 1357 370 1418 Sia
391 1361 479 1422 etism
501 1359 618 1423 elamat
640 1362 763 1436 exiguas
776 1377 794 1420 a
809 1377 842 1420 sa
856 1361 980 1436 toriptsa
1001 1363 1181 1433 asservavit,
1204 1361 1293 1421 libros
1317 1376 1508 1436 qnosoenque

155 1444 274 1506 oblatos
294 1450 435 1522 tanquam
456 1447 543 1507 utiles
566 1447 763 1508 olim·iuturos
779 1447 926 1508 mordiens
947 1449 1075 1512 retinnit.
1105 1448 1235 1525 Tempus
1250 1449 1401 1507 minimum
1416 1447 1509 1508 dilabi

154 1549 242 1608 aegra
265 1533 344 1606 tulit,
376 1536 519 1594 abstinuit
549 1533 700 1598 honriuurs
726 1538 873 1596 oonsortio
904 1541 1005 1595 eontra
1028 1534 1204 1621 eupiditatas
1225 1553 1305 1596 anas.
1349 1535 1453 1595 'lensx
1476 1538 1506 1594 ln

155 1637 186 1680 re
207 1622 378 1696 panonnia
400 1623 538 1695 nimium,
561 1625 591 1680 in
615 1625 789 1684 oaoonomia
808 1622 935 1700 rigidus,
967 1625 1227 1683 minutissimorum
1251 1639 1366 1696 oensor,
1398 1624 1506 1699 quibas

155 1709 292 1770 omnibns
306 1715 422 1786 tempus
437 1709 607 1774 extrahitur.
639 1711 763 1771 Laboris
779 1713 891 1770 interea
906 1713 1150 1786 pertseaissimas,
1174 1710 1249 1774 adeo
1264 1717 1298 1770 ot
1312 1710 1377 1770 tols
1391 1710 1508 1788 eupidi-

155 1803 217 1856 tate
238 1797 405 1858 retineatur.
451 1797 488 1857 lit
509 1805 606 1858 tamen
630 1797 752 1874 pulelrra
781 1806 851 1858 strut
872 1813 950 1874 qnae
971 1801 1096 1876 appetiit
1118 1800 1218 1859 urnula
1240 1800 1454 1875 veritatemque
1477 1806 1510 1859 ut

157 1883 315 1959 plurimum
343 1883 398 1944 luit
424 1887 627 1946 oonsonuttts.“

259 1970 330 2030 dam
360 1971 540 2048 astrologum
564 1991 654 2048 agana
676 1991 711 2034 ex
734 1971 917 2049 planetarum
942 1972 1017 2034 loeis
1044 1973 1100 2034 luas
1129 1973 1200 2034 dioit
1228 1973 1317 2032 animi
1341 1981 1371 2033 et
1392 1990 1506 2034 morum

153 2064 234 2120 ortus
256 2076 323 2124 etro
337 2058 510 2134 qualitates:
537 2059 718 2136 ,Mercurius
740 2063 770 2118 iu
791 2063 917 2137 septima
932 2060 1111 2122 celeritatem
1135 2069 1165 2122 et
1186 2061 1298 2122 laboris
1320 2061 1434 2134 odium,
1458 2061 1511 2121 Sol

153 2146 184 2204 in
213 2145 312 2208 sextili
334 2145 453 2206 Saturni
482 2147 665 2224 diligentiam
688 2153 719 2208 et
745 2151 933 2210 tenacitatem
960 2148 1137 2224 significant.
1182 2147 1266 2208 Haeo
1297 2148 1356 2208 duo
1384 2153 1453 2208 sunt
1481 2151 1511 2206 ln

154 2231 272 2296 homine
296 2237 458 2294 contraria:
482 2243 624 2312 perpetuo
646 2237 796 2312 poenitere
818 2243 934 2312 tempus
957 2237 1097 2300 emissum
1120 2244 1150 2297 st
1172 2243 1270 2296 tamen
1286 2253 1402 2314 semper
1423 2239 1512 2296 amd-

155 2325 217 2380 tara
239 2330 354 2397 sponte.
401 2319 529 2400 Qeuim
558 2323 635 2400 jonis
665 2330 695 2384 et
716 2321 795 2384 lusui
818 2323 948 2384 daditum
976 2324 1047 2384 iaoit
1078 2335 1107 2384 et
1130 2322 1378 2386 deleutstiuuilrnt
1402 2325 1514 2401 ingesti

154 2409 184 2468 in
206 2408 296 2470 rebua
318 2409 488 2472 levioribus.
532 2410 607 2470 llam
630 2412 660 2469 lu
682 2411 808 2487 pueritia
830 2411 886 2470 luit
907 2411 985 2472 lusui
1009 2410 1217 2486 deditissimus,
1241 2419 1274 2470 ut
1296 2411 1429 2472 adolevit
1451 2412 1513 2472 alla

154 2497 286 2560 animum
308 2495 503 2558 delectabant.
550 2497 624 2558 Cum
647 2507 745 2558 antem
767 2499 913 2558 touaoltes
934 2501 1077 2577 paeoniae
1101 2519 1119 2558 a
1140 2499 1209 2583 lusu
1230 2499 1391 2572 ebsterret,
1420 2513 1511 2576 saepe

84 2601 86 2607 ’
154 2599 256 2644 seeum
271 2582 355 2646 ludit.
387 2583 467 2645 liare
490 2587 665 2663 praecipitat
686 2587 835 2662 ingenium
859 2594 889 2646 et
909 2587 1035 2647 adirem
1052 2589 1138 2662 rapit,
1162 2585 1200 2646 ad
1221 2587 1315 2660 larua,
1339 2589 1511 2661 varietates,

154 2669 223 2730 inda
247 2670 285 2730 ad
308 2671 464 2746 lristoriea,
486 2673 526 2734 ad
549 2673 642 2748 belle,
666 2672 704 2734 ed
725 2671 877 2749 patranda,
902 2673 940 2733 ad
963 2673 1133 2747 sudreiam,
1164 2674 1202 2733 ad
1225 2677 1511 2752 πολυπραγμοωηηφ,

154 2757 194 2820 ad
209 2759 476 2834 eontradieendrrrn,
493 2759 733 2837 impugnandum,
749 2759 787 2821 ad
803 2758 1056 2836 reprehendendos
1074 2777 1175 2820 omnes
1191 2759 1322 2835 ordines,
1339 2760 1378 2821 ad
1394 2763 1511 2820 uritioos

154 2861 268 2920 morea3
282 2847 367 2908 'haee
381 2851 481 2908 omnia
497 2844 606 2920 „uato“
623 2847 770 2924 adjauaot.
799 2846 858 2907 Sed
878 2847 964 2908 odeat
977 2849 1066 2908 etism
1080 2847 1253 2921 simulandi,
1275 2846 1405 2920 ialleadl,
1428 2863 1512 2907 meta·

155 2931 247 2994 tioudi
262 2933 369 3010 libido,
384 2934 546 2996 Mercurius
561 2935 618 2996 hoo
633 2935 736 3008 elficit,
753 2951 772 2995 a
787 2931 883 2994 llorto
898 2935 1044 2996 stimulus.
1079 2935 1137 2996 Sed
1154 2933 1213 2996 duo
1228 2935 1442 2996 stimulationes
1457 2935 1511 2994 iras

154 3019 331 3097 impediunt:
343 3029 438 3082 motus
453 3025 591 3084 inlamiuo
606 3030 636 3083 at
650 3021 807 3099 singularis
821 3039 932 3095 aarum,
943 3024 1148 3100 etlamoptima
1163 3031 1193 3083 at
1207 3025 1375 3082 erutustms
1392 3024 1511 3080 iustitu-

153 3115 250 3170 urum
267 3108 431 3170 ioielioitas.
466 3111 518 3170 Eat
533 3113 662 3170 omnium
677 3111 805 3173 marimo
819 3127 908 3170 versa
922 3109 1020 3170 landis
1036 3111 1160 3188 oupidus
1176 3116 1206 3170 et
1221 3113 1316 3171 omnis
1331 3111 1446 3186 generis
1462 3107 1511 3166 lai

154 3195 309 3254 lamiarum
332 3195 504 3274 impatieoa3
527 3200 660 3259 sinistros
674 3213 804 3258 remores
823 3196 964 3280 leviculos
981 3197 1028 3258 vel
1051 3199 1179 3259 maxima
1201 3199 1327 3274 peeoma
1347 3197 1510 3271 redimeret,

154 3289 186 3344 at
199 3291 405 3360 paupertatem
426 3285 502 3362 lugit
524 3291 639 3346 tanturn
660 3286 699 3344 ob
721 3285 871 3344 iniamlsm
895 3285 964 3363 (hoo
979 3301 1099 3346 neeesse
1122 3295 1167 3350 est
1189 3283 1301 3345 alote
1325 3283 1416 3359 essei3
1442 3286 1510 3366 „in-

156 3369 303 3434 ielieitaa“
328 3371 468 3449 pudorem
491 3373 571 3434 ellolt
592 3381 622 3432 et
644 3371 804 3432 oeniandit.
852 3373 994 3446 lituus,
1025 3371 1135 3434 lromlnl
1159 3374 1210 3449 qui
1233 3371 1314 3430 eliud
1342 3371 1458 3448 jndioat
1480 3379 1510 3430 et
1601 3376 1604 3382 '

155 3465 255 3522 tameo
278 3475 393 3537 temper
414 3460 569 3522 aorllrando
591 3461 695 3539 pergit,
718 3459 898 3536 signilloatar
919 3461 975 3520 lroe
997 3477 1019 3520 a
1040 3456 1111 3542 Qin
1128 3461 1166 3534 []
1190 3467 1233 3534 ἅς
1256 3459 1420 3522 Mercurius
1435 3460 1510 3519 libor

153 3545 300 3621 juditium
321 3563 442 3626 purum,
469 3547 523 3608 aed
545 3547 720 3624 quadratum
741 3545 847 3608 Martis
869 3549 1041 3624 praecipitat
1063 3547 1120 3610 hoe
1142 3559 1172 3609 et
1195 3547 1298 3624 adigit,
1321 3555 1434 3606 utnon
1458 3563 1511 3606 er·

155 3641 270 3711 apeotet
288 3633 447 3710 inditium:
477 3635 546 3696 hino
575 3636 654 3694 illius
682 3643 741 3694 tam
769 3635 871 3695 erebra
897 3637 1086 3711 peonitentia.
1111 3671 1150 3684 --
1176 3634 1263 3711 Quod
1293 3633 1386 3694 multa
1408 3637 1511 3712 insipit

156 3737 238 3782 nova
268 3723 414 3797 prioribus
444 3723 636 3800 imperieotis,
665 3739 773 3782 causae
800 3722 950 3782 naturales
978 3721 1036 3782 bae
1065 3729 1149 3782 sunt:
1184 3723 1213 3796 t)
1236 3721 1366 3782 taedium
1388 3721 1508 3794 laboris,

156 3810 223 3870 siro
244 3808 331 3870 ardor
352 3811 469 3871 subitus
492 3819 522 3871 et
542 3828 602 3870 non
625 3809 783 3884 durabills3
807 3826 874 3872 nam
897 3811 1034 3886 quamvis
1048 3818 1102 3869 est
1125 3809 1389 3882 laboriosissimus,
1412 3819 1510 3872 tarsen

157 3903 203 3958 eet
224 3895 335 3956 laboris
358 3913 426 3958 osor
448 3900 622 3973 ademimus,
645 3897 761 3957 laborat
783 3903 881 3956 autern
903 3907 1023 3974 propter
1044 3898 1236 3974 eupiditatam
1250 3899 1361 3960 soierdi
1379 3905 1408 3957 et
1423 3911 1511 3956 smo-

160 4001 222 4044 rem
246 3983 374 4061 degendi
397 3993 427 4046 et
449 3985 591 4046 lictorum.
638 3985 669 4060 t)
694 3985 793 4045 Causa
822 3983 883 4044 alia
908 3974 937 4044 iri
961 3985 1094 4044 iortuoaa
1123 3987 1244 4046 arbitrio
1274 3993 1320 4044 est
1341 3985 1388 4044 rel
1411 3985 1510 4060 potius

157 4073 188 4132 lu
210 4071 378 4132 oonditiooe
400 4081 531 4134 naturae.
561 4073 637 4134 llam
661 4071 841 4149 impossibile
864 4078 916 4143 est,
941 4079 973 4130 ut
995 4074 1094 4132 omnia
1117 4074 1182 4150 ejus
1203 4077 1320 4148 incepta
1342 4081 1406 4132 tam
1417 4071 1511 4130 multa

156 4157 325 4234 madert,
348 4169 438 4236 atque
460 4163 549 4221 etiam
572 4179 607 4221 er
630 4161 733 4220 ardore
748 4161 846 4218 omnia
861 4160 918 4218 eibi
933 4159 1032 4220 tuellis
1047 4161 1213 4236 persuadet,
1237 4175 1315 4235 quae
1328 4165 1397 4216 sent
1413 4165 1511 4218 tamen

156 4246 297 4322 inopere
326 4247 498 4308 difficillima
527 4257 580 4308 aut
608 4248 770 4324 longissimi
801 4249 948 4323 temporis.
996 4247 1028 4324 a)
1052 4246 1195 4323 Quamvis
1222 4248 1385 4306 absterrere
1412 4247 1510 4321 ipsum

158 4331 295 4408 deberat,
329 4335 409 4412 quod
437 4339 536 4413 priora
557 4344 626 4396 aunt
649 4335 832 4412 imperfecta,
865 4332 1010 4410 sapiditas
1033 4341 1130 4396 tamen
1157 4351 1235 4395 nova
1258 4332 1403 4392 tractandi
1424 4325 1542 4408 longa*

156 4420 258 4483 tortior
287 4431 342 4484 ast.
387 4422 563 4501 cupiditatis
586 4423 674 4500 hujus
696 4421 851 4502 illeopbrae
881 4427 951 4482 sunt
979 4424 1041 4482 rita
1069 4421 1246 4482 scholastlm
1273 4429 1303 4478 et
1330 4420 1511 4495 umbrau'llap

152 4525 226 4575 mm
249 4511 274 4570 si
299 4509 409 4572 disdaili
431 4527 520 4572 onere
550 4511 709 4571 tonationis
736 4510 937 4584 distineretur,
967 4525 1025 4569 roo
1053 4517 1154 4586 posset
1177 4505 1327 4582 indulgere
1357 4505 1510 4582 cupiditati

157 4595 226 4658 lrulo
248 4595 431 4675 speoolandi,
454 4608 488 4658 nt
509 4615 563 4658 nee
585 4608 657 4672 tum,
679 4599 705 4658 si
728 4595 859 4673 egestite
881 4605 1069 4674 premeretur.
1113 4593 1323 4675 (Cupiditatem
1346 4592 1423 4654 haue
1445 4595 1510 4654 eri-

156 4687 243 4744 stmro
265 4685 423 4762 significari
447 4685 627 4750 allereurio
650 4685 761 4758 veloue,
786 4683 919 4744 orientali
941 4687 972 4743 in
988 4681 1070 4764 vll.)
1105 4681 1164 4742 Sed
1185 4679 1355 4740 attenditur
1370 4688 1403 4740 nt
1416 4679 1511 4759 pluri·

156 4789 236 4838 uu
258 4773 334 4836 liaeo
357 4773 502 4852 eupiditas
524 4773 665 4851 exemplis
687 4772 811 4833 aliorum
833 4781 864 4833 et
884 4773 950 4850 ipss
973 4769 1143 4832 dilflenltete
1164 4783 1258 4829 rerum
1282 4766 1378 4844 (qoud
1393 4771 1520 4848 propria.

1246 4865 1303 4924 “⁸

1559 303 1566 336 l
