3516 5540
440 417 629 482 summarium
645 411 782 480 Historiae
799 415 990 480 astronomiae
1008 413 1100 480 aeonio
1117 418 1191 484 xvi.
1387 423 1394 519 Ἰ
1443 419 1506 493 589
1597 395 1602 404 ”

113 595 206 651 m
217 595 305 653 leber
322 597 526 657 Tabularum
542 600 731 668 mauman,
750 599 916 658 disemtabas
928 598 1023 672 primo
1034 600 1164 658 sumena
1181 589 1368 658 osaosomtoe
1384 615 1507 660 aecusa-

115 685 160 740 rias
173 691 199 742 et
217 687 442 760 utilissimum
468 688 515 746 isis
537 690 656 746 imertus
679 695 719 746 est
736 689 989 759 coemuranae,
1009 687 1048 743 ud
1065 690 1176 762 mula
1193 690 1326 759 scrupulo
1342 691 1508 761 qaodrmtts'a

118 781 293 845 propagatus.
340 773 434 832 Item
453 793 530 834 noua
548 777 644 834 tabula
660 774 813 847 obsutum,
833 777 1035 847 parallelorum
1051 781 1078 833 et
1093 775 1260 844 nummum,
1281 793 1341 834 usus
1359 779 1508 850 apparuise

122 877 252 917 mamm
270 864 414 920 samosat
432 865 504 921 libri
521 859 720 932 Maelianum,
737 868 785 936 qui
801 867 832 920 s'a
849 863 1064 937 Repioraoutaua'
1082 875 1162 936 opere
1180 866 1379 923 desiderantur.
1410 869 1507 926 Insunt
1577 927 1582 930 ,

123 947 175 1002 iaie
191 949 363 1018 appendici
393 950 517 1008 tabulae
538 953 719 1022 tangentium,
740 953 798 1021 jam
816 953 932 1022 primum
949 952 1007 1006 iere
1025 968 1042 1006 a
1059 951 1214 1008 Reiuboldo
1236 952 1272 1007 ad
1289 970 1367 1010 usum
1386 956 1506 1024 trigono·

126 1037 260 1092 natricum
281 1037 507 1099 adhibitorum.
525 1069 560 1080 -
578 1040 655 1108 Opus
673 1047 779 1109 autem,
799 1039 853 1110 quo
872 1040 924 1096 sibi
941 1040 1107 1110 singularem
1125 1043 1231 1110 pararit
1248 1041 1360 1113 gloriam
1378 1041 1507 1099 Reinbol·

129 1123 178 1195 dns,
194 1141 248 1195 per
268 1125 403 1197 longum
424 1135 535 1198 tempus
548 1128 709 1183 astronomis
727 1129 965 1197 pretiosissimum,
984 1127 1085 1182 editum
1104 1138 1146 1184 est
1164 1145 1235 1185 anno
1256 1135 1329 1189 1551.
1348 1131 1506 1202 inscriptum

134 1213 246 1272 Tabulae
269 1217 465 1274 Prartearieae
488 1219 643 1274 caeleniurn
667 1226 796 1273 motuum.
839 1218 872 1272 In
895 1217 1035 1287 privilegio
1058 1216 1181 1273 Caesaris
1207 1217 1322 1287 longiori
1350 1225 1507 1275 enumerata

135 1313 171 1360 est
186 1305 274 1362 series
292 1305 454 1375 librorum,
473 1320 542 1375 quos
562 1304 682 1362 edendos
696 1305 747 1360 eibi
765 1313 948 1376 proposuerat
960 1303 1138 1374 Reinboldns,
1158 1307 1204 1374 qui
1223 1321 1277 1374 qno
1289 1305 1378 1398 minuis
1397 1305 1508 1362 ederen·
1558 1307 1561 1320 '

139 1401 176 1448 tnr
196 1400 388 1464 praematura
411 1399 503 1448 morte
526 1399 568 1447 est
589 1392 734 1464 impeditus
753 1393 881 1464 (decessit
902 1388 1073 1448 Reinboldus
1099 1407 1170 1447 auno
1190 1393 1272 1464 1553,
1299 1408 1399 1450 annum
1421 1411 1506 1465 agens

142 1483 169 1537 ll
207 1485 225 1550 1.
262 1482 431 1538 Plurimum
450 1479 621 1538 Reinholdus
645 1480 673 1555 in
692 1481 745 1535 hoe
769 1495 851 1550 opere
874 1479 971 1535 tribuit
997 1480 1159 1550 Copernieo,
1185 1496 1266 1549 qnam
1286 1481 1439 1548 „Atlantem
1463 1485 1505 1538 rel

35 1574 36 1591 ¹
143 1571 328 1628 mmmm
348 1570 490 1626 alterum¹⁴
510 1571 645 1640 nominat,
670 1569 782 1626 tabulae
800 1584 878 1638 vero,
902 1583 971 1640 quas
995 1569 1071 1639 operi
1095 1579 1145 1624 suo
1168 1567 1216 1624 ille
1233 1569 1390 1638 addiderat,
1416 1572 1506 1628 minna

146 1657 292 1715 lieinboIdo
312 1659 446 1730 placent:
468 1658 547 1724 „Etsi
559 1657 712 1714 constitutis
726 1656 960 1714 observationibus
979 1657 1223 1712 demonstrationes
1236 1665 1264 1712 et
1275 1665 1397 1716 motuum
1409 1677 1506 1719 aeneas

150 1747 329 1804 eruditissime
348 1747 476 1816 tradidit,
494 1753 585 1802 umen
604 1747 677 1802 hune
693 1745 815 1802 laborem
833 1745 941 1800 tabulas
960 1745 1135 1801 oonsunendi
1153 1743 1222 1802 adeo
1235 1745 1346 1820 defugit,
1366 1755 1397 1804 nt
1409 1751 1432 1805 si
1446 1751 1507 1821 quis

151 1843 284 1906 conputet
303 1853 340 1890 ex
361 1836 450 1906 ipsias
469 1821 635 1905 canonibus,
659 1848 695 1889 ne
713 1833 821 1905 quidem
839 1833 875 1889 ad
893 1847 940 1888 eas
958 1833 1162 1889 observationes
1176 1836 1348 1905 oompuurio
1367 1845 1506 1908 congruat,

151 1924 242 1992 qmbns
260 1923 477 1979 tundamentum
502 1921 590 1993 operis
615 1922 746 1978 innititur.
782 1922 879 1992 Itaque
902 1919 1010 1977 collatis
1028 1921 1170 1992 (iopernioi
1194 1920 1428 1980 observationibus
1446 1936 1507 1980 enm

151 2012 300 2067 Ptolemaeo
321 2020 350 2067 et
363 2011 536 2081 Hipparche·
553 2011 619 2066 alias
638 2008 746 2066 tabulas
763 2009 877 2076 institui,
895 2023 1008 2080 quarum
1020 2025 1099 2065 usum
1117 2025 1180 2066 mox
1193 2011 1341 2070 ostendam.
1372 2013 1433 2084 Ego
1449 2017 1506 2084 jam

151 2113 230 2154 annos
254 2105 365 2169 septem
382 2099 447 2154 huie
466 2099 554 2153 labori
571 2098 691 2168 impendi
709 2097 736 2154 in
753 2097 797 2153 bis
815 2098 932 2168 publicis
954 2097 1069 2153 miseriis
1094 2102 1121 2151 et
1144 2096 1197 2152 boo
1214 2097 1285 2154 tristi
1303 2101 1408 2168 patriae
1426 2103 1507 2168 bello,

150 2186 346 2256 aliquantisper
366 2188 482 2243 exulans
501 2202 561 2242 eum
578 2186 694 2256 familia,
713 2193 741 2242 et
760 2187 924 2242 exercitatus
936 2184 1046 2250 morbis,
1064 2183 1140 2240 lueto
1156 2186 1304 2244 domestico
1323 2197 1351 2245 et
1367 2189 1408 2246 rei
1426 2191 1506 2248 lami·

149 2274 218 2330 liaris
238 2277 430 2352 detrimentis,
441 2291 523 2346 qnam
542 2290 641 2345 augere
658 2273 817 2344 potuissem,
836 2273 859 2329 si
873 2279 1051 2344 quaestuosas
1072 2287 1170 2342 operas
1188 2275 1508 2335 sutdirinationeahule

149 2363 205 2417 nuli
227 2371 257 2419 et
281 2362 390 2418 erudito
415 2361 505 2418 labori
528 2361 666 2432 praeferre
689 2359 860 2418 retunsona
889 2359 1081 2416 ·Desumslese
1106 2375 1136 2416 se
1166 2363 1204 2416 ait
1231 2365 1416 2434 aCopernieo
1439 2367 1507 2423 nibli

148 2450 235 2522 abad,
260 2466 342 2522 quam
369 2449 573 2506 observationes
597 2457 626 2506 et
649 2449 927 2515 „demonstrationum
951 2447 1098 2518 vestigiat,
1122 2463 1241 2506 canones
1265 2467 1329 2506 vero
1353 2454 1506 2524 aequalium

146 2545 267 2594 motuum
290 2547 321 2595 et
338 2539 622 2609 prosthspbnereseon
641 2535 925 2608 omnesque'reliquos
951 2535 1076 2591 donoro
1101 2537 1316 2609 recondidisse,
1339 2540 1368 2596 in
1392 2557 1506 2613 quorum

146 2627 286 2683 nonnullis
311 2627 393 2682 aliam
415 2641 529 2696 prorsus
560 2626 692 2682 rationem
717 2631 828 2680 seontus
857 2625 893 2678 sit
920 2623 1175 2680 eonsenientiorem.
1216 2626 1506 2696 Prosthapbaeresinm

146 2716 255 2771 hbulss
269 2715 379 2784 judicat
407 2722 481 2770 retro
505 2721 532 2769 et
550 2729 630 2782 porro
648 2713 683 2767 ad
707 2719 792 2768 totam
816 2711 910 2767 mnndi
934 2711 1105 2767 durationem
1132 2713 1289 2782 servituras,
1314 2715 1377 2770 anni
1403 2717 1505 2786 magni·

147 2803 268 2860 tudinem
286 2811 316 2859 et
333 2805 479 2858 maximam
498 2801 568 2856 Solis
586 2799 773 2871 obliquitatem
796 2813 830 2854 ex
854 2798 908 2855 illis
926 2800 961 2855 ad
979 2799 1093 2869 quodvis
1117 2808 1223 2872 tempus
1248 2803 1390 2874 supputari
1413 2821 1505 2877 posse,

148 2891 263 2962 eclipses
281 2893 349 2948 bino
367 2891 468 2948 certius
486 2888 604 2960 praedici
622 2903 673 2943 nee
690 2903 744 2942 non
763 2896 836 2943 retro
854 2891 997 2958 supputari
1015 2903 1110 2959 posse,
1129 2906 1209 2960 quarn
1229 2905 1262 2944 ex
1274 2891 1410 2962 prioribus
1427 2893 1505 2948 tabu-

147 2981 192 3044 lis.
207 2983 313 3038 aditum
331 2981 450 3049 denique
468 2979 530 3033 illas
547 2978 716 3048 praebituras
735 2975 770 3032 ad
788 2977 877 3032 fontes
894 2977 970 3047 ipsos
989 2977 1063 3047 apud
1079 2976 1265 3033 Ptolemaeum
1283 2985 1311 3032 et
1328 2962 1511 3048 (iopernieum¹

147 3068 349 3137 intelligendos.
367 3067 453 3121 -In
476 3065 655 3135 supputandis
673 3064 971 3134 prosthspbneresibus
996 3073 1023 3119 et
1040 3079 1104 3120 vera
1122 3065 1357 3136 aequinoctiorum
1381 3083 1506 3136 praeees-

150 3159 224 3212 sione
250 3155 430 3227 Copernionm
453 3155 584 3225 sequitur.
624 3153 703 3208 Hane
725 3150 810 3206 tradit
833 3151 955 3220 regulam
985 3153 1184 3222 computandae
1208 3154 1420 3222 praecessionis:
1446 3154 1505 3222 ,Ad

149 3244 243 3300 datum
261 3251 372 3313 tempus
390 3242 490 3311 collige
508 3257 543 3295 ex
560 3255 663 3296 oenone
681 3239 835 3310 aequalium
852 3246 973 3296 motuum
991 3246 1046 3295 tam
1065 3241 1207 3312 aequalem
1224 3247 1326 3296 motum
1338 3243 1506 3310 praesessio·

147 3335 205 3404 nis,
227 3349 309 3405 quarn
333 3330 487 3386 anomaliae
511 3329 646 3398 simplicis.
682 3331 736 3384 Per
759 3327 924 3398 duplicatam
941 3343 1007 3383 rero
1030 3327 1192 3384 anomaliam
1216 3329 1355 3396 ingressus
1373 3345 1505 3387 usonem

147 3421 439 3492 prosthaplraeresium
457 3417 687 3486 aequinoctiorum
706 3433 822 3486 excerpe
839 3415 1099 3488 prosthspbneresin
1116 3431 1149 3472 aa
1167 3417 1281 3472 suenda
1298 3432 1358 3472 eam
1375 3434 1425 3488 per
1442 3434 1504 3488 pars

149 3519 204 3564 tem
222 3506 465 3580 proportionalem,
483 3507 507 3561 si
525 3523 592 3577 opus
611 3513 662 3563 est.
698 3493 741 3561 ita
757 3521 821 3560 sero
834 3505 1004 3560 emendatam
1023 3505 1211 3572 aequationem
1229 3506 1357 3562 subtrahe
1378 3507 1421 3562 rel
1434 3507 1505 3566 adde

148 3597 256 3668 aequali
273 3595 369 3664 motui,
388 3595 411 3651 si
430 3593 569 3664 duplicato
587 3593 720 3650 anomalis
738 3593 826 3649 minor
837 3593 881 3648 vel
893 3593 979 3662 major
992 3592 1127 3648 exstiterit
1139 3592 1336 3653 semicirculo!
1364 3596 1505 3654 Calculum

149 3686 281 3741 muimae
300 3683 373 3740 Solis
392 3681 561 3753 obliquitatis
580 3683 726 3738 secundum
746 3682 924 3752 copernieum
942 3681 1000 3752 init,
1020 3681 1096 3736 addit
1114 3688 1204 3738 autem
1224 3697 1300 3738 suam
1317 3685 1404 3754 ipsius
1421 3687 1504 3742 ratio·

149 3789 218 3830 nem.
252 3773 480 3830 Praecessionem
497 3771 610 3826 mediano
629 3770 705 3838 ponit
722 3772 774 3826 50⁰
794 3769 854 3824 iim
872 3769 923 3824 5¹⁴⁰
935 3769 1005 3832 8“‘¹',
1024 3769 1094 3824 Solis
1113 3771 1342 3826 eoeentrieitatem
1359 3775 1503 3830 maximam

151 3869 288 3930 computat
302 3861 421 3931 partium
433 3859 513 3934 4170,
531 3857 666 3912 minimam
684 3857 762 3925 etta,
780 3855 900 3925 qualium
912 3855 1112 3912 semidiameter
1124 3861 1242 3915 eeeentri
1255 3861 1325 3916 Solis
1339 3868 1381 3918 est
1394 3865 1504 3920 100000.

152 3949 257 4002 Annum
275 3948 413 4003 sidereum
430 3945 511 4015 ponit
529 3947 580 4002 etio
599 3945 625 4001 d.
644 3945 682 4001 6¹²
701 3947 725 4001 9⁴
744 3945 804 4013 39⁴¹,
822 3944 958 4014 tropicum
974 3944 1093 4000 medium
1111 3947 1171 4002 365·
1182 3948 1207 4003 d.
1225 3949 1322 4006 51411
1340 3951 1400 4008 16¹¹.
1419 3983 1453 3995 -
1471 3953 1503 4007 lu

152 4035 252 4092 curuo
269 4034 439 4105 reliquorum
457 4031 628 4101 planetarum
646 4031 795 4087 Ptolemaei
812 4033 891 4087 simul
908 4038 936 4088 et
954 4021 1097 4103 Copernioi
1114 4035 1246 4091 rationem
1265 4037 1397 4107 eroplioat,
1417 4039 1502 4092 illam-

153 4137 202 4192 que
218 4123 359 4194 praeferre
376 4123 494 4178 ridetur.
513 4151 541 4160 —
565 4120 696 4176 Omnibus
708 4121 860 4191 praeceptis
873 4121 907 4176 ad
926 4137 1005 4176 usum
1017 4121 1167 4178 tabularum
1182 4123 1279 4191 jnnota
1293 4131 1356 4180 sunt
1368 4125 1501 4196 exempla,

152 4213 263 4266 maxima
275 4228 310 4266 ex
322 4215 402 4280 parte
415 4209 541 4266 desumto
555 4222 570 4263 e
583 4209 638 4262 rita
651 4207 762 4273 Alberti,
781 4207 947 4264 Marcbionis
960 4209 1239 4279 &oudenburgensis
1250 4212 1334 4266 Ducis
1346 4211 1501 4282 Borussiae,

155 4301 218 4368 qnod
236 4301 357 4356 imitatus
377 4297 552 4367 Keplerus
571 4297 599 4350 in
618 4296 729 4352 Tabulis
749 4294 927 4365 Rudolpbinis
947 4296 1072 4367 exempla
1095 4299 1177 4369 elegit
1196 4314 1230 4353 ex
1252 4299 1308 4354 rita
1326 4299 1501 4367 Imperatoris

154 4383 294 4458 Bndolphi.
330 4385 478 4442 Dediearit
496 4383 664 4440 Reinholdns
689 4401 757 4455 opus
776 4399 853 4440 snum
872 4384 985 4440 ilberto
1003 4383 1154 4454 indiditque
1172 4385 1284 4440 Tabulis
1301 4385 1410 4441 titulum
1427 4386 1501 4443 Peu-

155 4476 297 4532 tealooram
317 4481 363 4542 ,ut
382 4474 458 4529 seint
475 4473 630 4543 posteritas,
647 4472 811 4530 liberalitate
822 4473 930 4528 Alberti
947 4487 997 4528 nos
1015 4473 1123 4543 edutos
1142 4489 1202 4530 esse
1215 4481 1243 4527 et
1254 4474 1367 4528 ilberto
1387 4475 1500 4544 gratim

154 4560 185 4615 ab
199 4563 237 4634 iis,
255 4565 353 4634 quibus
372 4561 537 4634 profuturae
549 4563 612 4632 sint,
631 4561 749 4618 deberi.“
782 4551 959 4631 computatae
972 4562 1082 4617 tabulae
1094 4569 1157 4618 sunt
1169 4561 1202 4616 ad
1215 4561 1390 4616 meridianum
1403 4563 1500 4632 Regio·

152 4659 302 4725 montanum,
323 4653 409 4722 eujus
428 4647 489 4718 poli
506 4648 620 4705 altitudo
640 4650 767 4704 statuitur
786 4649 833 4704 54⁰
852 4651 904 4705 il‘.
940 4648 1111 4706 Reinboldus
1135 4654 1274 4717 comparat
1291 4649 1393 4716 passim
1411 4649 1499 4705 Ptole

148 4742 208 4797 nse·
222 4745 358 4801 rationem
373 4753 441 4796 cnm
456 4735 648 4808 Copernieana,
667 4751 756 4805 neque
773 4753 836 4793 rero
848 4753 967 4810 uuquam
978 4737 1053 4794 ilinrn
1066 4734 1293 4807 deprehendimus
1305 4734 1385 4806 plane
1399 4737 1499 4808 (loper-

139 4831 192 4890 nt'oo
208 4833 450 4896 consentientem,
469 4840 525 4879 non
542 4841 600 4881 eam
619 4835 693 4881 oerte
711 4825 746 4882 ob
765 4829 882 4897 eausam,
900 4824 1151 4896 quodutriprimas
1164 4821 1282 4877 deterret
1295 4822 1391 4880 dubins
1404 4826 1499 4882 baere-

132 4921 183 5002 lat,
203 4928 251 4987 sed
272 4922 352 5000 quod
373 4913 534 4976 muonomi
553 4915 627 4973 illius
645 4917 743 4973 aetatis
762 4917 904 4990 Copornioi
921 4931 989 4986 opus
1007 4929 1103 4985 parum
1120 4917 1293 4982 perspectum
1315 4912 1452 4971 habebant
1470 4917 1498 4974 et
