3662 5544
827 382 907 448 tuot.
1474 381 1541 458 768

186 570 250 647 jn
271 569 364 646 hibat,
385 570 449 650 jam
472 570 604 646 quiescat
620 611 628 630 .
645 611 652 628 .
668 609 702 630 ..
741 567 834 630 llocte
847 582 960 644 murs,
983 569 1017 628 rr
1030 563 1169 630 omniun
1182 563 1298 639 mmor,
1321 565 1543 642 quaemeteora

189 657 409 736 consignarunt,
434 657 562 736 indeque
584 657 794 734 experientiam
809 655 952 718 hundam.
982 653 1103 716 Faciam
1118 654 1159 730 id,
1180 653 1232 716 uhi
1253 653 1322 731 plus
1335 651 1388 714 etti
1400 649 1542 711 habuero.

189 747 229 805 Αι
252 763 312 805 neu
334 763 402 808 cnm
425 745 510 806 coelo
532 752 647 807 tantum
669 745 858 823 comparebo,
880 743 934 805 aed
949 743 1070 804 Terram
1091 756 1192 804 secum
1206 744 1310 819 ipsam.
1327 783 1336 802 .
1351 785 1359 802 .
1376 783 1384 799 .
1403 740 1447 796 Ad
1459 740 1543 798 verba

189 836 322 892 Fabricii:
350 853 418 907 ,ege
436 836 466 892 in
483 850 545 892 mea
563 836 658 908 genesi
676 836 853 892 menonem
872 840 903 900 Θ
922 833 958 892 ad
979 839 1001 902 ὅ
1022 833 1170 904 murinum
1186 833 1295 898 timortt
1311 828 1453 901 respoudit
1470 828 1543 899 Kep-

187 925 276 982 lerm:
309 919 390 983 Oto
412 921 550 982 misorum
573 930 603 982 et
626 919 788 982 inlellneml
819 923 871 998 qui
898 925 943 981 tot
961 920 1025 997 jam
1046 919 1121 980 mels
1146 915 1386 980 instructionibus
1413 911 1557 973 nendum·

186 1009 306 1072 liberari
328 1016 415 1087 petes
430 1027 451 1069 a
464 1015 544 1070 metu
567 1009 745 1084 directionis,
768 1011 839 1088 quin
862 1015 892 1070 et
915 1006 1057 1070 orandum
1072 1007 1127 1068 tihi
1140 1012 1239 1084 putas,
1260 1021 1297 1066 ua
1313 1004 1412 1066 arrimo
1425 1006 1542 1062 noceat.

178 1097 360 1160 ·Benolaclat
373 1098 457 1158 Deus
479 1103 548 1158 tuae
571 1099 695 1174 meuse,
719 1104 848 1160 ceterum
869 1103 903 1158 ut
924 1095 1067 1174 impediat
1081 1093 1281 1168 directionum,
1302 1108 1340 1152 no
1361 1089 1406 1152 illi
1427 1094 1542 1166 noceat,

186 1185 261 1248 nihil
284 1193 331 1247 set
350 1202 482 1248 necesse.

292 1287 427 1341 Desumta
444 1285 512 1340 haec
530 1289 595 1340 suut
613 1299 647 1339 ex
665 1282 789 1354 epistolis
807 1284 878 1340 datis
896 1286 923 1339 7.
939 1282 1084 1340 Februarii
1100 1283 1171 1340 root
1188 1287 1217 1338 et
1233 1281 1277 1340 ll.
1295 1281 1355 1336 θοι.
1373 1275 1452 1346 1605,
1470 1289 1544 1346 quau

187 1385 270 1428 manu
288 1371 401 1443 Kepleri
420 1373 488 1429 satis
504 1371 618 1427 minutis
635 1371 722 1428 litoris
739 1372 858 1441 scriptae
876 1371 1015 1442 enmpiont
1030 1378 1104 1429 totas
1116 1373 1151 1430 sl
1162 1370 1278 1442 paginas
1294 1369 1323 1424 ia
1339 1367 1417 1424 telio.
1444 1365 1543 1420 Insunt

184 1459 227 1514 his
244 1459 372 1530 epistolis
389 1465 499 1530 praeter
514 1459 666 1529 praemissa
682 1458 736 1516 ulia
753 1459 848 1528 multa,
866 1475 983 1529 quornm
998 1465 1106 1532 partem
1123 1459 1167 1518 his
1184 1471 1372 1516 recemundo:
1391 1454 1427 1512 de
1443 1458 1543 1509 natura

184 1555 360 1618 cometarum,
373 1547 407 1602 de
419 1546 626 1616 meteorolegin,
639 1547 675 1602 de
686 1545 795 1614 animm,
808 1546 842 1602 de
853 1553 991 1618 magneto;
1011 1561 1165 1619 apogaeum
1176 1545 1296 1615 Saturni,
1314 1543 1412 1600 hucac
1423 1539 1543 1609 theoria,

184 1633 256 1690 Solis
275 1634 477 1706 eecentfieitas;
497 1651 549 1702 ,an
568 1633 643 1690 calor
661 1639 690 1690 et
706 1633 755 1690 lux
772 1633 809 1690 ait
826 1633 982 1692 uehiculum
998 1635 1128 1692 mutum
1146 1633 1338 1692 dduahurntt
1356 1627 1492 1702 quandin
1503 1624 1539 1688 tin

184 1721 302 1778 monus
315 1721 429 1780 Veneris
444 1725 473 1778 et
483 1721 621 1792 Mercurii,
633 1719 670 1777 dr
679 1720 845 1778 Ptolomaeo.
864 1723 1026 1790 (turpinum
1036 1725 1088 1780 rel.
1100 1727 1122 1779 Ι.
1134 1741 1162 1790 p.
1174 1725 1323 1787 ueneni,
1335 1722 1381 1774 ill.
1394 1713 1538 1782 87-107.)

286 1826 515 1882 Maestlinum
533 1826 581 1898 (ah
599 1840 670 1882 eune
691 1825 759 1882 lsoo
775 1825 831 1883 huc
849 1841 937 1897 usque
954 1827 1093 1898 eflenmm)
1111 1827 1153 1884 his
1170 1827 1386 1898 adiitlieplerus
1397 1829 1451 1887 hoc
1468 1846 1540 1889 eune

184 1915 234 1982 (¹20.
254 1915 318 1972 ιῐιιιι.
338 1921 367 1971 et
385 1913 427 1970 14.
445 1914 536 1984 Dec).
571 1915 603 1971 in
622 1915 758 1984 prioribus
776 1913 862 1969 literis
888 1915 958 1984 petit
975 1915 1165 1987 chleestlino,
1190 1921 1223 1971 ut
1239 1917 1274 1972 nd
1292 1931 1322 1972 se
1340 1917 1431 1975 mitmt
1448 1927 1543 1991 ,quot-

183 2017 290 2144 mannqdue
310 2002 584 2144 pzrtialeetlrlleiectus
595 2003 699 2146 {rurae
711 2002 891 2146 'consignatus
909 2000 1043 2147 Ιιρέιιρζι),
1062 2002 1327 2149 8ριρίιὶρρρῆἰριρῃιιρρρι
1349 2003 1386 2063 rit
1403 2007 1540 2152 ιριὲῘιιίρρ·

183 2105 207 2143 ill
264 2105 309 2144 om
353 2105 425 2144 uuae
476 2105 577 2145 corinna
620 2105 652 2162 ΥΟ
691 2105 789 2147 numm.
877 2107 928 2162 pti!
958 2107 981 2146 l'l
1042 2107 1061 2146 ll
1202 2111 1209 2146 i
1314 2107 1409 2152 mmell
1458 2109 1492 2152 ll!
1524 2111 1541 2155 0

182 2174 311 2234 morinos
334 2173 439 2234 Martis
461 2177 487 2234 ei
500 2191 591 2235 -meos
615 2175 733 2236 labores
748 2191 890 2249 cerneres,
914 2177 1019 2254 opinor
1033 2172 1063 2234 id
1079 2173 1202 2251 diceres,
1226 2175 1307 2252 quod
1322 2195 1368 2238 res
1384 2185 1429 2239 cst
1443 2181 1542 2257 qued-

182 2279 238 2340 qne
262 2264 354 2322 etiam
384 2261 420 2322 de
442 2261 557 2340 Opticis
585 2261 681 2324 dicere
704 2269 733 2325 te
755 2275 814 2323 uon
838 2262 956 2339 dubito,
984 2279 1032 2323 me
1061 2261 1175 2322 scillcet
1203 2281 1264 2324 uerr
1290 2281 1356 2327 raro
1378 2266 1488 2328 nodum
1510 2270 1542 2328 lu

181 2353 278 2426 scirpo
301 2366 452 2427 quaerere.
498 2349 557 2410 cur
578 2367 648 2428 ergo
671 2367 730 2410 neu
753 2351 950 2412 communicas
972 2367 1087 2412 mecum
1115 2365 1168 2428 per
1189 2349 1314 2414 liceras?
1350 2352 1448 2433 Saepe
1468 2357 1541 2418 mihi

181 2455 238 2498 nen
263 2439 408 2514 cogitanti
431 2439 531 2514 inepta
554 2437 647 2498 multa
669 2439 848 2514 obvenient,
871 2455 949 2516 quae
970 2455 1024 2516 per
1045 2437 1146 2500 literas
1168 2439 1314 2500 ventilata
1335 2441 1422 2502 laclle
1445 2461 1541 2521 agno-

107 2557 111 2576 ·
180 2541 301 2586 serrem.
349 2523 453 2586 Omnis
475 2541 557 2586 mous
579 2526 667 2586 leber
687 2527 719 2586 in
741 2525 876 2602 hecout,
898 2533 933 2586 ut
952 2526 1016 2604 jam
1038 2541 1125 2604 porro
1148 2543 1185 2586 ex
1207 2529 1343 2603 genuinis
1365 2531 1464 2591 musis
1480 2538 1541 2592 tam

180 2615 374 2690 aequationes
397 2616 522 2674 eccentri
544 2613 650 2691 justas
676 2631 765 2692 quarn
787 2613 944 2676 distantias
966 2619 1125 2674 exstruam.
1155 2613 1272 2676 heleni
1294 2622 1394 2677 autem
1415 2633 1468 2694 per
1481 2618 1539 2682 Dei
1573 2605 1580 2616 “

179 2703 305 2779 gratiam
328 2717 365 2762 ec
388 2719 491 2778 usque,
515 2709 548 2761 ut
569 2718 628 2763 non
653 2702 720 2780 plue
744 2701 876 2764 aberrem
899 2703 931 2760 in
953 2717 1013 2761 uuo
1036 2717 1124 2778 quem
1147 2702 1179 2761 in
1193 2701 1286 2764 altero
1303 2711 1458 2782 certusque
1473 2707 1540 2783 sim,

180 2799 336 2865 utromque
358 2789 397 2850 ab
421 2789 524 2850 eadem
545 2789 705 2869 hypothesi
726 2790 882 2869 proticisci,
906 2806 941 2850 ae
955 2787 1078 2868 proinde
1094 2803 1153 2848 non
1167 2803 1255 2871 pesse
1270 2807 1337 2852 eeee
1353 2809 1439 2870 vana,
1462 2810 1540 2869 quae

179 2877 214 2938 de
237 2877 399 2937 elnothus
421 2876 592 2937 metriciboe
616 2877 733 2958 disputo
750 2923 758 2938 .
774 2925 781 2943 .
798 2923 832 2942 ..
861 2875 1043 2938 Tabularum
1065 2878 1209 2938 rariorem
1226 2877 1291 2956 jhm
1305 2880 1387 2940 iniri.
1432 2879 1538 2946 Habeo

178 2965 284 3025 liertis
308 2964 436 3038 tabulas,
460 2983 495 3026 ex
519 2965 626 3042 quibus
648 2982 708 3026 uno
731 2965 779 3027 die
800 2965 989 3045 ephemerida
1003 2963 1121 3025 conficit
1143 2963 1269 3042 diligens
1291 2966 1400 3046 aliquis
1402 3010 1539 3030 ......

178 3053 255 3113 Puto
279 3069 327 3113 ure
352 3052 465 3130 aliquid
488 3061 687 3130 consecutum,
710 3059 829 3115 etcum
851 3051 997 3113 interdum
1019 3051 1359 3132 deraletudinoangar,
1383 3055 1539 3117 consilium

178 3141 241 3218 cepi
265 3157 352 3216 opus,
376 3139 455 3218 quod
478 3139 563 3201 edere
585 3147 684 3215 retur,
713 3141 792 3220 apud
815 3141 998 3202 academiam
1020 3139 1175 3218 deponere.
1199 3147 1233 3215 (r.
1247 3163 1269 3203 r.
1281 3165 1310 3214 p.
1322 3147 1394 3216 ιιι.)
1432 3140 1538 3205 Beler-

177 3235 237 3288 tum
261 3235 308 3287 est
323 3229 503 3289 creberrimis
525 3235 555 3289 et
576 3226 743 3290 lectissimis
765 3228 915 3307 'l'ychouis
938 3227 1204 3290 observationibus.
1238 3227 1271 3289 hl
1294 3229 1447 3292 levissima
1469 3247 1538 3310 spor

177 3323 255 3376 esset
271 3313 309 3374 dc
324 3315 517 3394 Tengneglie,
542 3315 621 3393 quod
637 3315 750 3395 aliquid
764 3319 803 3378 eit
817 3316 1009 3397 perfecturus,
1031 3315 1105 3377 nihil
1127 3332 1203 3394 opus
1225 3331 1292 3378 esse
1313 3325 1448 3396 putarem
1470 3337 1537 3382 mec

175 3401 300 3463 coneilio
316 3401 495 3482 'l'ychonicis
510 3406 684 3466 observetis.
716 3405 757 3464 At
770 3403 856 3466 crede
871 3405 953 3480 mihi,
976 3420 1036 3464 nen
1050 3404 1105 3466 abe
1118 3421 1150 3466 re
1172 3411 1281 3479 metuo,
1305 3422 1342 3467 nc
1365 3423 1426 3486 quo
1447 3414 1536 3488 pacto

176 3491 310 3552 desertae
333 3500 464 3570 pereant.
511 3491 629 3569 Quaeso
652 3491 723 3572 qnid
746 3492 801 3553 tibi
823 3493 923 3567 animi,
947 3492 974 3552 el
988 3491 1139 3572 Tychents
1160 3493 1226 3556 loeo
1242 3502 1376 3581 essesot
1398 3495 1456 3559 leta
1471 3513 1535 3560 cer·

176 3597 270 3653 ιιιιιι,
293 3597 333 3640 an
356 3583 445 3641 etlam
467 3597 652 3642 succenseres
675 3581 747 3641 mihi
769 3579 826 3642 hoc
847 3595 956 3641 auenre
979 3581 1060 3658 quod
1082 3581 1187 3659 agito'l

280 3679 445 3736 Maestliuus
463 3679 605 3752 respondit
621 3681 694 3752 (Jan.
712 3681 806 3750 lhdblr
824 3679 887 3738 litai
904 3680 1037 3738 hactenus
1054 3697 1105 3754 per·
1122 3683 1226 3756 aliquot
1252 3701 1338 3743 anuos
1356 3699 1407 3757 ege
1425 3685 1454 3742 iu
1472 3687 1536 3744 scri·

176 3765 266 3822 made
285 3767 396 3836 segnior
413 3767 520 3839 inerim
538 3769 580 3824 tui
598 3775 689 3824 umen
707 3769 789 3826 animi
807 3767 1020 3840 perseuerantia,
1038 3769 1128 3839 pietas
1140 3786 1270 3843 amorque
1282 3773 1424 3844 candidus,
1443 3791 1536 3845 quern·

176 3871 257 3928 quarn
276 3855 312 3912 ad
331 3871 392 3911 earu
411 3855 512 3925 gratim
531 3862 559 3913 et
577 3857 712 3914 honorum
731 3857 905 3913 eminentiam
922 3858 961 3914 sis
979 3863 1099 3928 evemus,
1118 3859 1191 3918 unde
1203 3875 1247 3918 me
1259 3861 1400 3934 despicere
1413 3865 1436 3919 sl
1451 3863 1535 3920 relies

177 3959 281 4014 possea,
301 3960 357 3999 non
376 3943 564 4016 elanguerunt,
584 3943 632 4000 sed
651 3943 735 4000 firmis
753 3945 877 4003 nituntur
895 3945 997 4003 fulcris.
1021 3945 1109 4016 Quam
1127 3949 1227 4005 ameris
1240 3953 1421 4007 consentiam
1439 3951 1535 4020 unque

176 4033 277 4088 multus
296 4031 434 4101 praedico.
469 4031 571 4088 Verum
589 4047 659 4104 quae
677 4033 871 4104 impedimento
888 4033 983 4090 literas
1001 4049 1076 4092 meas
1094 4035 1226 4092 hacteuus
1244 4037 1450 4109 interceperint,
1469 4037 1533 4094 nolo

178 4137 329 4192 recensere,
347 4121 402 4176 hoc
420 4128 545 4195 excepto,
564 4123 638 4196 qued
658 4137 728 4193 quoe
746 4119 796 4176 tibi
813 4121 1006 4180 mathematice
1024 4121 1254 4180 excellentissime
1271 4125 1404 4194 condigne
1421 4137 1533 4194 respon·

178 4209 276 4280 dorem,
296 4218 328 4267 ut
345 4211 493 4284 plurimum
508 4227 564 4268 nen
574 4209 669 4267 habui.
699 4209 783 4266 Verbi
795 4225 879 4265 causa
896 4207 1013 4282 eclipses
1032 4212 1190 4270 observatas
1203 4229 1220 4270 a
1232 4228 1275 4270 me
1291 4211 1403 4284 petiisti.
1431 4211 1532 4267 Verum

177 4315 253 4366 quarn
267 4313 375 4368 paucae
394 4296 459 4352 illae
477 4299 541 4370 siut,
560 4297 636 4354 dolet
654 4304 682 4354 et
698 4297 783 4354 lerme
794 4295 880 4367 pudet
891 4311 935 4353 me
954 4297 1052 4354 dicere.
1078 4299 1184 4356 Deinde
1202 4299 1282 4357 lateri
1301 4313 1397 4368 cogor,
1415 4303 1446 4354 tu
1465 4315 1532 4355 nou·

177 4401 310 4454 uunquam
330 4383 498 4454 sublimiora,
508 4399 589 4456 quam
599 4384 697 4455 quibua
710 4383 846 4454 ingenium
856 4391 883 4440 et
892 4385 1009 4443 eruditio
1022 4403 1082 4444 mea
1093 4387 1251 4446 sotislocere
1262 4387 1362 4458 velem,
1372 4387 1531 4458 quaerebas.

177 4472 205 4528 ln
221 4473 298 4530 libris
311 4473 367 4528 tuis
380 4469 541 4528 sublimiora
553 4473 737 4539 continentur,
756 4487 837 4544 quem
854 4471 888 4532 de
901 4475 999 4544 qrribus
1012 4489 1063 4546 ege
1079 4475 1210 4546 judicium
1224 4473 1289 4530 mihi
1302 4489 1407 4530 sumere
1419 4475 1530 4534 nussim.

178 4559 233 4630 Ego
251 4561 387 4632 pleraque
406 4575 469 4616 curu
489 4559 669 4618 delectatione
686 4560 749 4632 lege
768 4567 897 4633 tuamque
914 4561 1048 4633 insignem
1066 4561 1246 4619 eruditionem
1263 4569 1292 4616 et
1309 4560 1446 4617 eruendae
1464 4563 1532 4618 rcri-

177 4649 235 4704 atis
253 4650 383 4722 pertinax
403 4647 569 4704 desiderium
586 4648 747 4719 felicemque
765 4664 923 4708 successum
941 4651 1060 4708 admiror
1060 4691 1151 4710 .....
1175 4649 1306 4706 Gratulor
1317 4651 1491 4708 uehementer
1502 4662 1530 4711 et

177 4737 287 4810 madeo,
312 4738 415 4795 Martis
438 4740 542 4792 motum
567 4737 621 4794 huc
644 4753 732 4810 osque
750 4753 767 4796 a
785 4744 814 4796 te
837 4739 1015 4812 constrictum
1039 4743 1122 4812 teque
1143 4737 1233 4808 ipsum
1254 4751 1341 4810 prope
1367 4737 1528 4802 debellasse.

153 4821 157 4826 '
175 4825 203 4884 lu
219 4827 316 4888 ceteris
335 4823 485 4886 cousdiuur
502 4829 580 4882 tuum
597 4825 693 4900 probo.
1222 4861 1231 4878 ·
