3516 5540
168 453 174 462 ,
279 393 346 468 590
578 395 771 458 aromatum
789 397 927 456 Historiae
947 400 1138 460 Asbonouiae
1155 400 1249 462 merlo
1267 403 1340 464 xvi.

280 573 383 718 wilm
400 573 471 721 ἷξε,
490 570 513 632 ai
530 571 619 630 solum
636 573 672 630 ad
691 574 834 644 coparnici
852 575 984 634 radonem
1001 577 1104 636 etatae
1122 583 1227 648 esunt,
1249 577 1358 638 nonnisi
1374 593 1478 652 panem
1495 579 1534 638 ati
1552 595 1629 652 posse

280 671 337 718 mm
360 679 421 808 lgleit
438 669 538 808 babeat
554 749 652 820 lector,
669 768 723 822 quo
741 753 875 810 rationem
892 753 1059 826 procedendi
1077 753 1224 812 Reinboldi
1242 755 1382 827 dijudicet,
1400 757 1469 816 haec
1486 771 1520 813 ex
1539 771 1628 828 ,prae

280 839 393 909 septim,
411 853 482 908 quaa
499 843 563 895 sont
580 855 693 896 numero
710 840 929 911 tesserulae
947 844 985 914 sm
1002 841 1122 900 editione
1134 843 1301 915 'lhbiugenai
1319 845 1384 902 anni
1402 845 1479 915 1562)
1496 848 1629 911 conmuta,
1732 859 1734 880 ²

250 939 255 946 ·
280 923 467 984 des'umsimus.

383 1016 429 1072 De
445 1017 591 1088 mado
608 1021 729 1088 tmpore
747 1019 781 1076 ob
798 1019 1025 1091 amputatae
1036 1020 1144 1078 dimas
1153 1021 1335 1080 naturalium.
1362 1021 1629 1090 Duacsuotaanaae,
1732 1025 1734 1058 ²

278 1121 362 1178 quare
380 1105 549 1176 propositum
568 1103 677 1174 aliquod
696 1112 804 1176 tempus
822 1107 933 1177 aequari
955 1107 1090 1168 interdum
1115 1115 1254 1178 oporteat:
1280 1108 1366 1164 altera
1389 1116 1432 1164 cst
1455 1107 1629 1180 inaequalitas

279 1195 383 1250 dierum
401 1192 573 1263 naturalium,
593 1193 680 1250 altera
697 1195 907 1252 meridianorum
925 1196 1051 1256 varietas.
1085 1197 1223 1267 Perpetua
1240 1203 1269 1252 ct
1286 1195 1448 1254 universalis
1465 1198 1630 1268 experientia
1729 1201 1734 1236 -“

277 1289 408 1352 testatem,
425 1296 480 1338 non
498 1281 586 1338 solum
603 1281 675 1351 quod
694 1281 827 1340 coelestes
846 1290 936 1340 motus
953 1283 1096 1342 rideantur
1118 1285 1198 1341 nobis
1217 1283 1362 1342 dimimilea
1385 1292 1414 1341 et
1430 1285 1587 1356 inaequales
1604 1285 1629 1340 in
1730 1295 1733 1326 2

277 1369 456 1442 unoquolibet
477 1367 603 1438 plancta,
629 1369 855 1440 quemadmodum
872 1369 921 1426 Sol
938 1371 1067 1443 aequales
1089 1371 1194 1428 aodiaoi
1217 1371 1401 1430 semicirculos
1423 1371 1496 1430 haud
1515 1371 1628 1442 aequali·
1729 1383 1734 1416 ε

280 1459 332 1515 bus
350 1467 502 1526 temporum
521 1457 617 1526 spatiis
635 1463 771 1528 permeat,
791 1475 883 1514 rmum
900 1458 983 1516 etiam
1000 1457 1073 1530 quod
1090 1458 1171 1514 iidem
1188 1475 1219 1516 re
1237 1477 1302 1517 sera
1319 1460 1375 1517 aint
1393 1467 1564 1524 constantes,
1581 1457 1630 1514 rati
1728 1471 1734 1508 t

278 1553 307 1602 et
323 1543 497 1616 aequabiles,
521 1543 585 1616 quia
602 1545 776 1602 manifestum
795 1553 850 1618 est,
872 1547 1001 1617 periodos
1019 1563 1068 1604 scu
1086 1547 1207 1618 integras
1225 1549 1359 1620 cnjusqnc
1376 1547 1505 1618 planetae
1523 1561 1630 1602 conver
1711 1535 1714 1540 ’

280 1635 371 1692 aiones
390 1631 614 1701 aequabilitatem
632 1635 769 1703 quautam
786 1635 859 1692 inter
877 1649 907 1692 se
925 1650 1095 1704 conserere,
1114 1644 1145 1690 ut
1157 1635 1204 1692 Sol
1222 1651 1329 1706 semper
1346 1651 1445 1707 annuo,
1464 1635 1544 1692 Luna
1561 1649 1630 1690 uen-
1729 1653 1734 1686 .·

277 1730 354 1782 suno
372 1722 462 1793 spatio
479 1721 614 1792 percurrit
631 1723 747 1780 eundem
763 1723 934 1794 aigniiemns,
959 1723 1010 1780 etsi
1028 1731 1119 1780 tamen
1136 1723 1164 1778 in
1182 1739 1238 1779 una
1259 1729 1338 1793 perte
1355 1722 1428 1777 orbis
1453 1721 1559 1776 interca
1577 1719 1630 1775 diu·
1732 1749 1734 1760 ·

277 1812 332 1868 tius
349 1817 531 1868 commoratur
548 1825 630 1882 quarn
646 1811 675 1866 in
693 1801 761 1880 alia,
785 1809 1012 1882 quemadmodum
1033 1809 1062 1866 in
1080 1810 1222 1868 elementia
1245 1817 1273 1868 ct
1290 1809 1489 1882 hypothesibus
1513 1815 1630 1864 motuum
1725 1831 1734 1866 s

231 1937 234 1952 .
277 1897 346 1958 baec
365 1898 550 1956 controversia
567 1899 601 1954 de
620 1898 732 1956 desidio
751 1899 873 1970 aequalis
891 1905 919 1954 et
936 1899 1093 1969 appareatis
1110 1904 1202 1954 metius
1225 1898 1335 1968 eopiosa
1358 1896 1521 1967 explicatur.
1557 1895 1631 1950 Hanc
1730 1921 1734 1956 2

279 1986 315 2042 ob
334 2000 445 2042 causam
463 1985 612 2044 astronomi
628 1985 657 2042 in
675 1993 797 2044 motuum
815 1987 974 2046 coelestium
990 1987 1166 2055 inquisitione
1183 1987 1299 2056 primum
1316 1985 1419 2042 medios
1438 2000 1488 2040 seu
1506 1981 1632 2054 aequales
1730 2039 1734 2046 ,

277 2081 366 2128 motus
384 2080 552 2144 proponunt,
575 2080 686 2144 aptast
710 2074 842 2132 macinae
861 2075 1021 2134 distributos
1038 2073 1067 2130 in
1084 2073 1175 2144 spatis
1197 2072 1322 2142 aequalia
1344 2079 1514 2142 temporum,
1537 2069 1630 2126 dante
1726 2097 1734 2108 .

277 2175 341 2217 vero
359 2160 471 2230 docent,
495 2169 627 2230 quantum
647 2161 703 2220 illis
726 2162 886 2233 aequalibus
904 2163 1023 2218 motibus
1046 2159 1114 2218 alias
1132 2159 1286 2217 addendum
1305 2161 1353 2227 sit,
1375 2161 1443 2216 alias
1461 2157 1631 2226 demendum,
1729 2211 1734 2222 ,

278 2255 309 2304 ot
326 2249 430 2319 absque
448 2247 543 2306 labore
560 2249 767 2319 observationis,
785 2266 865 2321 quem
882 2249 973 2306 locum
991 2264 1054 2306 aare
1066 2254 1189 2304 transeat
1200 2249 1282 2306 stella
1299 2249 1352 2304 boc
1370 2253 1418 2304 aut
1434 2247 1482 2303 illo
1501 2255 1630 2318 tempore,
1729 2277 1734 2312 :

277 2353 411 2394 canonum
429 2337 563 2394 duntaxat
580 2343 610 2393 et
626 2352 798 2394 numerorum
816 2335 949 2394 beneficio
967 2345 1155 2406 cognoscatur.
1186 2337 1229 2393 bd
1247 2337 1319 2392 huno
1337 2337 1409 2392 enim
1425 2353 1541 2408 prorsus
1553 2337 1631 2394 finem
1730 2367 1734 2402 ς

277 2425 476 2485 uconoutcus
494 2425 617 2484 calculus
635 2426 766 2496 dirigitur.
788 2457 821 2468 -
839 2426 919 2484 Nunc
935 2433 967 2480 nt
984 2425 1138 2490 instiwtnm
1156 2440 1284 2494 memus,
1303 2426 1372 2482 aciat
1389 2424 1484 2497 lector,
1503 2425 1631 2496 aequales
1727 2457 1729 2464 =

276 2521 366 2570 motus
391 2521 448 2570 tura
473 2513 639 2585 respondere
662 2513 824 2585 aequalibus
842 2511 1024 2584 temporibus,
1046 2519 1103 2570 tum
1121 2529 1155 2568 ex
1173 2511 1322 2569 canonibus
1346 2514 1403 2570 auis
1425 2513 1506 2568 aliter
1525 2513 1632 2582 excerpi
1721 2545 1730 2576 ‚—

275 2619 331 2660 non
349 2619 443 2674 posse,
468 2604 521 2660 nisi
539 2603 653 2674 aequale
671 2598 755 2658 inerit
772 2606 893 2670 tempus,
912 2599 956 2656 cui
973 2615 1126 2672 congruens
1148 2600 1269 2671 aequalia
1287 2607 1376 2656 motus
1399 2599 1519 2670 alicnjns
1537 2599 1631 2658 cunae
1723 2633 1734 2675 3,

277 2691 449 2763 quaerendus
467 2697 517 2748 est
554 2691 727 2761 Quapropter
751 2687 898 2745 astronomi
922 2694 980 2744 turn
997 2687 1116 2759 reliquas
1135 2689 1264 2758 temporis
1282 2686 1387 2758 species
1405 2688 1537 2760 aequales
1560 2705 1631 2746 assu
1725 2731 1734 2760 ,

276 2787 355 2836 munt
378 2780 406 2836 in
431 2779 634 2850 computatione
660 2784 797 2843 motuum,
823 2783 882 2832 tum
909 2791 973 2830 vero
998 2775 1114 2832 maxime
1139 2776 1211 2847 dies,
1239 2775 1320 2846 vulgo
1343 2776 1494 2842 naturales,
1525 2777 1632 2834 Graecia
1723 2821 1733 2854 (Α

275 2876 455 2940 ευχθημερους
477 2866 643 2940 appellatos,
669 2865 716 2936 qui
739 2871 831 2922 tamen
852 2879 885 2920 re
907 2877 970 2920 vera
994 2864 1204 2935 haudquaquam
1228 2864 1357 2934 aequales
1381 2865 1630 2936 deprehenduntnr,
1726 2907 1733 2944 ¹,

275 2957 329 3012 etsi
345 2955 415 3012 haee
432 2953 613 3024 inaequalitas
631 2969 681 3010 asu
699 2951 852 3008 dissentia
870 2967 921 3008 nec
938 2953 977 3008 ito
994 2967 1092 3021 magna
1110 2958 1164 3022 eat,
1188 2967 1238 3008 nec
1255 2953 1346 3010 subito
1364 2953 1489 3024 sentitur,
1508 2953 1563 3010 nisi
1579 2953 1630 3008 ccl·
1727 2995 1730 3002 .

276 3043 340 3100 latia
358 3043 465 3102 duobus
483 3045 555 3100 inter
572 3058 603 3100 ae
621 3041 717 3098 ffiebna
735 3057 790 3098 non
807 3038 947 3109 proximis,
967 3038 1015 3096 sed
1033 3038 1100 3095 satis
1118 3038 1200 3108 longo
1218 3041 1332 3096 invicem
1349 3039 1491 3096 intervallo
1511 3039 1631 3098 distanti·
1719 3085 1733 3112 ,.

271 3131 338 3190 bus.
373 3132 452 3188 Diem
471 3130 541 3188 enim
560 3129 712 3186 naturalem
730 3129 873 3199 aequalem
891 3137 919 3186 et
936 3139 1030 3200 aptum
1041 3131 1216 3187 numerandis
1228 3130 1347 3186 motibus
1365 3127 1499 3184 deliniunt
1516 3127 1630 3200 spatim

276 3220 420 3290 temporis,
444 3235 498 3291 quo
522 3219 554 3276 iit
570 3218 677 3288 integra
694 3217 763 3274 coeli
781 3215 825 3274 vel
843 3217 1050 3290 aequinoctium
1067 3217 1161 3274 circuli
1179 3217 1320 3272 conversio
1338 3231 1371 3271 ac
1389 3225 1534 3296 praeterea
1551 3217 1632 3288 parti·
1721 3261 1733 3298 ,Ἴ

276 3307 363 3376 aulae
386 3307 509 3379 aequalis
526 3308 564 3378 ei,
591 3322 672 3380 quam
691 3304 738 3360 Sol
762 3306 790 3358 iu
815 3303 926 3362 achaeo
944 3320 962 3360 a
979 3305 1067 3363 medic
1085 3305 1256 3378 aequinoctio
1275 3301 1426 3375 aequaliter
1447 3301 1554 3360 interea
1571 3319 1631 3358 con·
1724 3349 1732 3362 .

276 3394 351 3474 lecit.
387 3395 423 3450 Αι
445 3409 525 3452 verna
549 3394 606 3450 sire
630 3397 766 3464 apparens
784 3391 843 3447 dies
864 3391 997 3450 naturalis
1015 3390 1138 3448 similiter
1160 3393 1279 3462 apetium
1300 3389 1430 3462 temporis
1448 3397 1503 3462 est,
1531 3406 1585 3463 quo
1602 3389 1631 3446 dt
1717 3366 1732 3389 Ν

276 3483 384 3553 inape
401 3481 606 3554 aequinoctialis
629 3481 769 3538 conversio
787 3496 819 3538 ac
835 3490 979 3552 praeterea
1000 3479 1149 3551 particulae
1168 3478 1290 3552 ejusdem
1316 3479 1534 3550 aequinoctialis,
1562 3493 1631 3550 quoe
1720 3537 1732 3563 ἢ

277 3586 341 3630 rero
359 3569 444 3624 motui
463 3568 535 3626 Solis
552 3569 580 3625 in
597 3567 709 3625 aodiaco
727 3570 762 3626 ab
780 3569 922 3639 apparenti
941 3567 1112 3639 aequinoctio
1135 3569 1290 3638 respondet
1327 3567 1394 3624 Cum
1417 3573 1510 3622 autem
1528 3565 1556 3620 in
1574 3570 1630 3621 toto

278 3656 382 3712 ambitu
399 3655 607 3728 aequinoctialis
625 3662 749 3726 tempore
766 3663 942 3714 numerentur
960 3656 1020 3726 360,
1039 3663 1129 3712 motus
1147 3663 1238 3712 autera
1256 3651 1329 3710 Solis
1348 3653 1460 3709 diurnus
1479 3653 1631 3722 aequalisa
1731 3651 1732 3656 ’

249 3795 254 3812 ,
278 3745 367 3802 medio
386 3743 559 3816 aequinoctio
577 3745 614 3800 sit
632 3746 674 3802 59'
692 3745 729 3802 δ”
746 3745 816 3817 20“¹,
835 3745 1008 3802 manifestum
1027 3749 1076 3811 εει,
1094 3743 1165 3799 diem
1183 3744 1334 3799 naturalem
1351 3757 1401 3800 aen
1420 3743 1631 3800 astronomicum
1722 3729 1732 3820 {J

277 3831 424 3902 aequatem,
437 3839 571 3901 perpetuo
583 3839 710 3890 censure
728 3832 896 3904 temporibus
909 3833 969 3888 ³60.
989 3831 1032 3886 ὅθ’
1043 3831 1078 3888 δ”
1090 3832 1158 3902 20'⁴‘,
1177 3831 1226 3888 aed
1243 3846 1324 3886 veros
1343 3828 1400 3884 dies
1412 3829 1548 3886 naturalis
1565 3829 1632 3886 aliae

277 3928 390 3992 superet
407 3919 481 3976 bunc
498 3921 625 3992 medium,
643 3921 711 3978 alias
729 3921 817 3978 minor
833 3926 884 3990 cst,
903 3925 1016 3990 propter
1033 3917 1101 3974 duas
1118 3934 1229 3981 cauam:
1249 3919 1348 3989 partim
1365 3916 1440 3989 quod
1457 3924 1551 3974 motus
1563 3917 1631 3973 Solis
1717 3910 1727 3993 y]

275 4025 357 4066 serus
376 4022 539 4079 quamquam
557 4024 669 4079 puunn,
692 4016 783 4064 minen
806 4005 975 4077 insinqulos
994 4005 1203 4076 discretiatus,
1225 4006 1268 4082 bis
1292 4013 1398 4064 tantum
1422 4005 1451 4062 in
1473 4020 1546 4062 anno
1571 4021 1631 4062 cum
1716 4078 1725 4092 .

277 4097 385 4169 aequali
403 4101 478 4152 motu
496 4111 657 4166 congruens,
675 4094 774 4166 purtim
792 4095 865 4164 quod
884 4093 1030 4164 segmentis
1052 4094 1156 4152 zodiaci
1179 4095 1261 4153 etiam
1284 4095 1444 4166 aequalibus
1468 4111 1524 4150 non
1542 4102 1632 4150 temen

277 4185 401 4257 aequalia
417 4184 586 4254 respondent
602 4182 808 4254 aequinoctialis
827 4181 920 4236 circuli
938 4189 1077 4252 seqmema
1094 4182 1121 4240 in
1140 4183 1234 4242 mundi
1252 4182 1436 4240 conversione.
1465 4180 1552 4238 Porro
1571 4197 1631 4237 cum
1694 4173 1697 4180 '
1728 4229 1731 4239 .

277 4273 468 4330 ascensionum
484 4269 555 4326 ratio
573 4269 601 4325 in
619 4270 759 4326 horizonte
777 4267 963 4338 multipliciter
984 4271 1070 4326 variet
1092 4288 1142 4341 pro
1160 4271 1294 4342 sphaerae
1311 4269 1484 4344 obliquitate,
1506 4270 1535 4324 in
1554 4269 1631 4324 meri·
1714 4273 1731 4340 ,j

278 4361 358 4417 diano
381 4368 473 4417 autem
497 4357 534 4414 sit
555 4355 650 4412 eadem
674 4347 774 4426 ubique
796 4355 917 4411 locorum
941 4373 1011 4428 quae
1033 4359 1061 4414 in
1085 4359 1203 4428 sphaera
1225 4365 1313 4426 recta,
1340 4358 1445 4427 placuit
1466 4355 1632 4412 astronomis
1719 4352 1730 4430 [f

278 4449 384 4504 initium
403 4447 457 4504 diei
475 4459 583 4504 manere
601 4460 618 4503 a
635 4443 784 4500 meridiano
806 4443 898 4513 potius
921 4457 1004 4512 quam
1021 4445 1056 4500 ab
1074 4446 1227 4512 horizonte,
1252 4452 1283 4503 ut
1300 4445 1425 4502 omnibus
1443 4444 1471 4498 in
1489 4442 1559 4500 locis
1577 4459 1631 4498 ooo
1719 4434 1730 4458 ”

278 4535 427 4607 eodemque
444 4535 525 4592 modo
543 4547 679 4602 apparens
696 4538 805 4600 tempus
822 4531 851 4584 in
863 4531 1055 4602 aequalitatem
1073 4539 1293 4590 commutaretur.
1324 4535 1450 4590 ceterum
1467 4533 1519 4588 bae
1538 4539 1632 4587 nosue
1727 4559 1730 4564 ·

279 4626 370 4676 aetate
387 4621 506 4678 maxima
523 4617 678 4676 differentia
694 4617 765 4674 iuter
781 4618 912 4686 aequales
929 4622 958 4672 et
973 4627 1137 4690 apparentes
1160 4619 1220 4676 dies
1241 4625 1381 4678 matrasta
1402 4627 1445 4676 est
1461 4621 1489 4676 in
1506 4623 1632 4690 tempora

279 4709 296 4763 'l
315 4723 375 4763 cum
393 4710 410 4766 3
428 4709 528 4778 quintis
547 4709 635 4777 unius,
653 4721 723 4777 quae
738 4721 807 4762 sane
823 4705 969 4776 aliquando
987 4723 1070 4778 supra
1088 4709 1123 4766 10
1139 4713 1263 4778 tempora
1280 4723 1340 4764 sese
1357 4713 1450 4780 potest
1473 4707 1630 4764 extendere.
1713 4691 1730 4730 *¹

279 4793 342 4850 Jem
359 4811 393 4850 ex
410 4795 454 4854 hia
472 4796 597 4852 omnibus
615 4794 747 4864 sequitur,
765 4809 825 4849 cnm
844 4791 880 4849 ed
897 4794 1091 4865 praescriptam
1109 4793 1226 4865 aliquam
1246 4795 1302 4850 reri
1319 4795 1372 4852 diei
1389 4796 1523 4852 naturalis
1535 4795 1632 4851 horam
1651 4860 1654 4871 ,
1723 4867 1728 4878 .

279 4881 421 4944 nicharon
437 4882 466 4938 in
483 4882 560 4940 cocio
578 4882 640 4941 loca
656 4879 844 4952 investiganda
861 4886 933 4954 suaa
952 4895 1006 4936 non
1024 4880 1181 4952 simpliciter
1197 4881 1328 4941 omnium
1341 4897 1402 4940 ease
1419 4881 1468 4940 illa
1484 4880 1564 4950 hora,
1583 4877 1632 4936 aed
