3624 5554
813 435 890 501 ¹⁶⁰⁰·
1455 443 1518 517 721

169 623 271 686 salaria
293 623 404 698 aulica,
428 631 462 684 et
482 622 582 699 audio,
605 621 693 684 valde
716 629 785 682 sunt
806 619 957 698 impedita.
1003 618 1205 698 (lonjiceretur
1228 641 1299 701 ergo
1321 625 1432 688 tamilla
1454 643 1521 691 mea

169 713 264 774 crebre
293 715 324 770 in
349 711 551 786 difficultates,
582 710 661 788 quod
692 712 776 770 uxori
803 727 886 770 meae
914 725 1045 768 summae
1076 711 1211 772 miseriae
1242 713 1334 772 instar
1360 713 1519 780 videretur.

171 803 206 860 nt
227 804 251 862 si
274 819 322 862 me
346 799 480 879 Tyclroui
503 801 589 860 certis
613 796 839 872 conditionibus,
863 795 941 874 quod
964 795 1104 872 postulat,
1128 799 1327 877 obstringam,
1343 802 1458 864 ridetur
1473 823 1519 866 me

170 889 222 948 sibi
243 890 370 948 nimiam
392 887 621 964 mancipaturos,
644 884 723 963 qued
747 896 800 946 nec
822 901 906 945 meac
928 883 1024 944 lamae
1048 884 1191 946 studiisre
1215 888 1389 965 consultum,
1411 907 1466 952 nee
1482 893 1520 954 ad

170 978 370 1053 nrsffltratum
392 991 489 1036 meum
512 977 644 1036 excusari
667 982 777 1050 posset.
815 973 860 1032 Ac
880 979 982 1049 posset
1002 971 1137 1033 haecres
1151 973 1225 1035 iarts
1240 979 1405 1052 praeveniri
1427 979 1522 1041 torma

170 1067 364 1126 concessionis
381 1061 600 1123 ordinariorum
615 1061 746 1138 styriae,
770 1063 821 1136 qui
842 1059 944 1135 aliqua
966 1061 995 1118 in
1017 1076 1115 1120 meum
1137 1063 1322 1124 commodum
1344 1069 1521 1144 exciperent.

269 1151 334 1230 Ego
349 1169 430 1225 sanc,
452 1153 477 1210 si
501 1157 616 1229 meopte
639 1149 703 1210 solo
723 1148 834 1226 judicio
850 1147 1004 1208 decernere
1019 1147 1126 1209 vellera
1149 1149 1241 1228 (quod
1257 1150 1346 1234 eolo),
1369 1154 1424 1215 bas
1447 1173 1520 1216 con-

170 1239 294 1302 ditiones
316 1247 458 1316 peteremr

273 1333 300 1386 1.
324 1326 356 1386 Si
380 1326 470 1388 vallet
496 1341 569 1386 uxor
598 1341 665 1384 mea
686 1325 717 1383 ln
740 1322 890 1402 Tycbonis
920 1324 1045 1385 aedibus
1060 1323 1215 1399 ¹habitare,
1247 1334 1280 1386 ut
1302 1326 1519 1406 hypocaustum

171 1425 198 1476 et
219 1431 367 1476 cameram
389 1421 420 1476 ct
441 1413 579 1486 culinam,
603 1429 691 1488 qnam
713 1428 792 1472 nunc
815 1422 962 1490 occupant
983 1410 1118 1486 studiosi,
1142 1429 1202 1472 una
1218 1430 1284 1473 cum
1299 1433 1336 1476 ea
1350 1425 1434 1494 parte
1448 1434 1521 1477 eon·

171 1504 343 1579 tignatienis
365 1502 420 1563 sub
443 1509 537 1574 tecto,
565 1517 641 1576 quae
672 1507 716 1560 est
738 1517 828 1576 supra
850 1498 880 1558 id
904 1500 1135 1578 hypoceuatunn,
1165 1502 1247 1577 prius
1271 1519 1308 1563 ex
1335 1507 1413 1563 omni
1437 1513 1521 1581 parte

139 1605 143 1613 ·
169 1591 206 1651 ad
229 1588 383 1650 commode
405 1587 597 1650 habitandum
620 1590 793 1646 instructanr
818 1594 847 1646 ct
869 1589 1052 1648 maceriebus
1075 1588 1126 1646 ubl
1148 1603 1223 1664 epus
1253 1599 1298 1650 est
1320 1592 1519 1668 interseptum,
1570 1609 1582 1615 ·

170 1695 204 1739 ae
228 1679 275 1738 cui
299 1677 350 1738 alii
371 1685 474 1754 pateat
496 1677 604 1751 aditus,
627 1675 698 1734 mihi
721 1674 865 1734 coacedet
887 1691 1092 1752 necunquam
1108 1691 1154 1734 mc
1170 1693 1312 1753 meosque
1327 1677 1395 1739 inde
1412 1681 1521 1756 ejiciat,

171 1773 222 1827 sut
243 1766 320 1825 alios
342 1765 413 1824 mibi
438 1763 654 1824 cohabitatores
678 1761 831 1836 obtrudat,
862 1762 972 1838 donec,
1004 1761 1084 1839 qued
1106 1763 1178 1822 milri
1201 1763 1346 1840 destinat,
1380 1767 1521 1829 conclave

173 1852 364 1914 meridianum
387 1853 474 1912 luerit
497 1851 676 1923 absolutum,
700 1865 758 1908 raon
775 1851 872 1910 minus
887 1851 1062 1910 habitationi
1080 1856 1180 1927 aptum
1197 1870 1285 1930 quam
1301 1852 1372 1913 illud
1388 1853 1521 1916 alterum.

276 1946 306 2000 2.
329 1935 371 2000 Ut
394 1939 430 2000 de
452 1939 540 2016 lignis
562 1938 633 1998 milri
662 1937 710 1997 rel
735 1939 798 2014 ipse
820 1955 872 2014 per
894 1947 1037 1998 aestatem
1058 1940 1235 2014 prospiciat,
1267 1939 1314 2001 vel
1338 1945 1523 2004 caesarianos

171 2026 199 2088 id
220 2027 295 2086 mihi
309 2027 479 2087 confirmare
495 2034 632 2104 procuret
654 2023 742 2102 idque
764 2028 898 2104 tempori,
923 2033 955 2086 ut
977 2028 1005 2084 in
1022 2023 1118 2088 bieme
1138 2025 1228 2087 aridis
1243 2025 1330 2104 lignis
1345 2030 1524 2092 sullieienter

137 2151 141 2164 ·
171 2118 224 2176 alm
249 2117 418 2177 instructus.

272 2209 302 2263 3.
326 2200 367 2262 Ut
389 2209 499 2264 certum
522 2217 627 2279 corpus
651 2201 782 2260 nominet
803 2200 986 2275 victualium,
1010 2219 1086 2279 quae
1109 2218 1145 2262 ex
1170 2203 1235 2279 ejus
1257 2203 1418 2266 domestico
1442 2223 1526 2266 com-

169 2296 266 2351 meatu
290 2292 437 2365 carnium,
460 2293 594 2367 piscium,
617 2289 792 2360 cerevisiae,
822 2291 899 2362 vini,
927 2291 1014 2366 panis
1036 2291 1091 2348 slrn
1114 2289 1278 2352 habiturus.
1313 2291 1372 2352 Hic
1395 2293 1525 2370 quidem,

110 2421 113 2426 -
169 2380 253 2455 quasi
277 2379 392 2438 curiose
416 2395 502 2455 agam
525 2387 556 2438 et
578 2394 649 2438 suae
672 2375 841 2435 liberalitati
870 2375 1016 2452 diffidam,
1047 2377 1117 2436 milri
1147 2378 1341 2440 succensebit.
1387 2379 1446 2441 Sed
1469 2399 1526 2458 ego

168 2461 355 2543 generalibus
369 2465 508 2543 pollicitis
523 2480 710 2542 nequaquam
726 2464 912 2540 acquiescam
927 2474 957 2526 et
971 2467 1088 2524 omnino
1104 2464 1151 2526 iric
1167 2467 1237 2526 certi
1253 2467 1324 2543 quid
1338 2471 1428 2527 statui
1446 2469 1524 2533 vole.

275 2560 304 2616 4.
328 2549 369 2613 Ut
390 2561 596 2631 praeterquam
619 2553 825 2612 astronomicis
849 2554 944 2630 lisque
966 2554 1139 2614 necessariis
1161 2553 1200 2612 sd
1215 2571 1284 2614 suas
1308 2553 1452 2617 editiones
1467 2573 1526 2618 aen
1638 2555 1639 2560 ’

169 2659 215 2702 nte
238 2648 351 2702 onaret.

274 2733 304 2790 5.
328 2726 369 2788 Ut
391 2727 503 2788 oullrrm
527 2745 624 2805 neque
647 2735 762 2804 tempus
785 2743 882 2802 neque
905 2729 1042 2787 materias
1057 2727 1220 2786 studiorum
1244 2727 1314 2788 mibi
1337 2729 1527 2806 praescribat,

168 2817 219 2877 sed
242 2815 317 2874 milri
339 2815 426 2876 tidem
450 2816 567 2886 babeat,
593 2830 797 2893 praeterquam
821 2831 867 2889 ea,
890 2831 968 2892 quaa
990 2817 1019 2871 in
1042 2817 1167 2890 gratiam
1191 2815 1343 2894 Styrorum
1368 2825 1395 2877 et
1418 2818 1526 2894 siquis

168 2903 312 2964 meterius
334 2921 419 2964 meus
441 2904 538 2964 laetor
560 2905 624 2980 luit,
649 2901 829 2964 elaboranda
851 2911 928 2977 sunt,
952 2903 1025 2962 nihil
1047 2919 1093 2963 me
1109 2905 1249 2981 temporis
1265 2903 1330 2980 ejus
1348 2903 1526 2964 editionibus

168 2994 397 3052 subtracturum.

275 3085 305 3139 6.
330 3076 370 3140 Ut
393 3079 519 3156 Pragam
542 3079 650 3138 iturum
667 3085 695 3138 et
718 3078 743 3136 si
766 3095 825 3155 quo
841 3094 913 3139 usus
927 3077 984 3138 lert
1005 3093 1063 3138 non
1085 3077 1243 3156 impediat3
1267 3077 1355 3140 modo
1377 3095 1414 3138 na
1438 3079 1528 3138 nimia

168 3169 206 3228 sit
228 3183 324 3227 mera.

274 3253 406 3314 Haec-si
430 3269 527 3312 coram
556 3258 630 3312 teste
653 3250 816 3326 confirmet,
849 3258 919 3313 tunc
946 3269 1001 3330 ego
1035 3251 1071 3314 de
1100 3270 1190 3326 uxore
1218 3253 1393 3315 adducenda
1422 3255 1529 3330 (ipsius

169 3349 270 3405 umen
294 3341 450 3416 sumtibus,
474 3338 638 3416 reiparte)
662 3339 817 3414 cogitabec
841 3342 885 3399 sin
909 3357 978 3415 non,
1002 3342 1030 3399 in
1055 3340 1182 3418 Styrinnr
1206 3343 1244 3402 ad
1267 3359 1349 3402 meos
1371 3341 1482 3404 redibo.

277 3436 306 3490 i.
331 3426 372 3490 Ut
395 3443 447 3504 pro
470 3425 615 3504 qualitate
639 3443 748 3500 eorum,
773 3444 850 3505 quae
873 3427 1029 3488 allecturus
1052 3446 1126 3505 sem,
1151 3433 1270 3490 omnino
1285 3439 1383 3490 tanrcn
1398 3430 1528 3508 aliquam

168 3519 328 3597 pecuniarn
351 3515 480 3576 redituro
502 3517 531 3572 in
554 3513 682 3592 Styriam
705 3513 883 3590 suppeditet.

276 3610 308 3666 8.
333 3603 407 3664 Corn
430 3605 459 3660 in
483 3601 605 3662 multam
634 3618 724 3677 saepe
748 3609 865 3662 nectem
886 3604 916 3662 in
938 3601 1116 3680 Tychoaicis
1146 3603 1290 3679 laborem,
1323 3623 1378 3667 nec
1400 3605 1529 3682 stimulo,

168 3692 220 3752 sed
243 3692 328 3754 irene
351 3708 427 3768 epus
449 3689 575 3750 habeam
598 3687 636 3748 ad
660 3687 827 3749 evitandam
843 3690 989 3767 phthisin:
1013 3698 1082 3767 peto
1100 3693 1238 3768 sleiseinr,
1262 3701 1293 3754 et
1316 3711 1382 3755 curn
1406 3695 1531 3756 interdiu

171 3789 293 3858 propter
315 3778 476 3838 incidentia
498 3777 660 3838 domestica
689 3795 756 3838 mea
777 3779 897 3853 negotia
927 3777 1071 3838 interdum
1095 3787 1124 3839 et
1147 3797 1212 3840 rare
1235 3781 1354 3858 quidem
1376 3785 1406 3842 in
1431 3783 1531 3844 orbem

173 3884 311 3945 masas
334 3867 428 3938 luero,
449 3882 487 3925 ne
510 3865 547 3924 D.
571 3863 674 3942 Tycbo
698 3882 730 3924 se
753 3863 918 3924 defraudari
941 3872 1036 3942 putet.

277 3962 308 4018 9.
332 3953 364 4014 Si
389 3951 459 4029 quid
483 3952 600 4029 publice
631 3952 688 4012 sub
715 3968 780 4012 mco
804 3953 921 4012 nomine
944 3951 991 4011 odl
1015 3952 1157 4024 uoluerit,
1190 3955 1220 4014 id
1247 3963 1317 4032 pcto
1348 3974 1401 4034 per
1431 3973 1532 4016 omnes

172 4046 274 4120 apices
298 4046 341 4102 ita
365 4039 555 4116 relinquatur,
579 4041 622 4100 uti
645 4039 716 4098 rnibi
739 4039 842 4098 audito
865 4047 894 4100 ct
918 4056 1046 4115 expenso
1069 4042 1108 4102 D.
1131 4042 1282 4121 Tyclronis
1301 4044 1414 4121 J'udicio
1438 4045 1533 4102 risum

171 4131 273 4207 luerit,
298 4133 346 4190 sin
371 4135 485 4189 autem:
510 4144 614 4188 nomen
638 4144 736 4188 msam
758 4129 966 4204 supprimatur.

280 4224 332 4278 10.
358 4217 461 4276 Liceat
484 4215 555 4274 rnilri
579 4233 709 4274 mensam
732 4215 769 4273 D.
794 4213 950 4274 Cataducii
973 4214 1112 4278 accedere
1143 4218 1243 4294 ibique
1275 4225 1455 4294 pernectare.
1499 4214 1538 4296 Id¹

171 4311 274 4366 autem
297 4305 351 4366 tior
374 4303 466 4364 salvis
489 4303 539 4376 iis,
570 4319 647 4380 quae
669 4303 832 4378 praemissa
852 4308 930 4361 sunt.
976 4303 1064 4363 Dabo
1089 4320 1218 4380 operans,
1241 4313 1274 4364 ut
1295 4322 1374 4382 quae
1396 4310 1473 4363 tecta
1495 4303 1533 4364 D.

171 4393 278 4472 ‘l'yelro
306 4391 436 4452 veluerit
465 4392 507 4450 ibi
535 4397 664 4450 tractans
692 4396 770 4449 tecta
799 4389 934 4452 babeam.
987 4391 1051 4450 Nisi
1081 4394 1157 4452 enirn
1181 4392 1260 4452 Η).
1285 4389 1449 4451 Garaducio
1478 4390 1537 4450 sli-

172 4480 246 4558 qaid
268 4483 361 4543 etism
385 4477 508 4540 accedat
530 4477 640 4551 salarii,
664 4483 741 4538 certe
765 4476 801 4537 dc
824 4475 957 4538 ducentis
980 4477 1098 4538 florenis
1121 4480 1222 4540 visere
1243 4484 1301 4538 no'u
1324 4495 1455 4555 possum.

283 4575 334 4632 tt.
361 4565 420 4626 Pro
443 4566 501 4626 bae
523 4583 613 4643 opera
637 4565 673 4625 D.
698 4563 803 4642 'Pytho
824 4565 991 4626 numerabit
1012 4566 1083 4626 milri
1107 4565 1145 4626 ad
1168 4566 1300 4642 singulas
1322 4567 1390 4624 anui
1414 4571 1537 4643 quartas

175 4657 397 4735 qninquaginta
419 4654 556 4728 florenos,
580 4654 622 4714 uti
648 4652 763 4724 obtulit,
787 4658 816 4712 et
839 4651 958 4729 quidem
980 4669 1073 4730 usque
1095 4653 1133 4712 ad
1156 4655 1319 4730 proximam
1341 4653 1537 4714 Pentecosten

175 4759 241 4804 eam
264 4761 433 4816 summam,
456 4759 534 4817 arrae
556 4741 595 4802 ab
618 4756 653 4800 eo
676 4747 808 4816 tempere
831 4757 890 4816 quo
912 4741 971 4800 hue
992 4743 1060 4800 veni
1084 4757 1177 4816 usqae
1207 4739 1244 4798 ad
1267 4739 1461 4802 Pentecosten
1484 4758 1538 4818 pro
1639 4731 1641 4738 ⁴

174 4839 239 4892 rate
262 4833 429 4894 debebitur.
477 4831 562 4905 Quae
591 4829 703 4888 interea
733 4829 850 4904 accepi,
879 4845 939 4888 non
967 4830 1084 4888 venient
1116 4830 1145 4886 in
1168 4827 1244 4886 bano
1266 4843 1419 4892 summam.
1462 4828 1539 4890 Nam

178 4934 254 4995 qnae
289 4923 318 4980 ln
353 4917 519 4981 conductas
552 4915 642 4977 aedes
675 4923 744 4976 sant
782 4932 930 4994 expansa,
963 4917 1154 4977 restituentur
1183 4933 1202 4978 a
1230 4914 1373 4994 Caesarar
1408 4915 1540 4995 reliquos

228 4997 494 5078 unsaramma.
1293 5015 1330 5078 tt
