3612 5538
277 403 365 478 1020
521 427 524 432 ¹
788 413 852 471 rra
867 411 984 472 rmum
1000 407 1119 484 amam.

276 589 510 669 Peralipcmenls
531 591 570 653 ad
594 591 785 656 vitellianum
807 613 897 672 quam
920 593 956 656 de
978 595 1176 656 muosomias
1203 599 1285 673 parte
1308 593 1426 673 optiea“
1453 601 1516 655 erat
1536 593 1621 656 solli·

276 681 360 738 citus.
408 679 526 759 „Locus
547 683 684 758 imaginis
698 683 769 742 mibi
784 688 937 762 negotium
959 683 1141 757 iunuebat,
1162 684 1229 746 rici.
1261 681 1374 742 Netnra
1395 682 1468 742 lucis
1489 683 1623 744 dmauda

276 767 350 826 init:
373 765 451 826 banc
472 771 597 830 tractavi
620 771 814 832 mediocriter.
860 771 973 832 Oculus
994 769 1140 831 secundus
1162 777 1239 844 erat,
1263 769 1435 848 perlustravi
1458 776 1622 833 anatomos.

275 853 477 916 Beiraetlones
499 857 683 918 metiendae:
706 859 754 920 bio
774 861 891 923 haereo.
927 860 1009 920 Deus
1031 859 1126 919 bonel
1150 857 1245 933 Quam
1267 858 1382 918 occulta
1403 860 1511 918 ratiul“
1537 859 1622 920 llaec

274 959 311 1001 ex
335 941 462 1021 epistola
483 944 521 1003 ad
543 945 727 1006 llerrrartnm
750 946 821 1008 deta
842 965 943 1011 mense
965 947 1048 1023 llajo
1073 951 1165 1006 1603.
1188 963 1330 1006 summam
1353 945 1490 1006 exhibent
1512 965 1622 1019 eornm,

276 1046 353 1105 quss
377 1033 528 1092 continent
549 1037 646 1111 capita
670 1034 794 1096 l.-—Vl.
818 1033 942 1115 Optiese
964 1035 1095 1113 Kepleri,
1119 1035 1216 1112 capita
1238 1033 1407 1092 Vll-XI.
1430 1038 1624 1098 astronomica

276 1125 414 1188 tractant,
438 1137 516 1196 quae
538 1138 574 1180 ex
597 1129 679 1200 parte
698 1124 762 1200 jam
784 1141 862 1184 anno
888 1128 981 1184 1598.
1004 1129 1101 1182 mente
1123 1131 1303 1199 conceperat.

382 1206 425 1264 Es
448 1223 536 1285 opero
558 1211 623 1286 ipso
638 1209 712 1270 haec
726 1211 908 1291 excerpenda
921 1213 1088 1271 censuimus
1103 1213 1208 1287 partim
1222 1227 1309 1282 nora,
1332 1210 1436 1286 partim
1458 1211 1625 1286 antiquiora

275 1295 305 1352 in
328 1293 432 1354 melius
456 1313 541 1355 rersa
563 1297 611 1357 rel
633 1300 758 1376 primum
773 1301 828 1360 rite
844 1299 1051 1360 demonstrata.
1084 1297 1276 1356 Definitiunea
1293 1296 1374 1370 lueis,
1397 1296 1512 1376 coloris,
1529 1299 1623 1375 opaci,

228 1383 234 1402 ¹
276 1379 417 1460 pellucidi
441 1389 495 1442 etc.
520 1383 558 1443 ad
581 1387 699 1444 modum
722 1387 867 1460 Euclidis,
898 1383 1004 1446 Pisani
1022 1385 1069 1445 vel
1096 1385 1263 1444 Vitellianis
1284 1379 1408 1462 (majore
1431 1401 1465 1444 es
1488 1393 1572 1462 parte
1595 1388 1622 1443 in

279 1472 512 1547 propositionum
535 1473 628 1532 torma
650 1491 715 1533 cnm
739 1473 1050 1552 demonstrationibus)
1071 1476 1309 1550 praemittuntur,
1341 1471 1397 1530 luci
1420 1473 1556 1531 tribuitur
1578 1474 1625 1530 in·

275 1557 357 1617 linita
373 1557 521 1634 celeritas;
545 1559 675 1621 densitas
690 1562 763 1622 lucis
778 1566 808 1621 in
823 1564 969 1624 connatis
984 1569 1029 1620 est
1044 1563 1157 1620 ratione
1169 1559 1385 1637 sphaericamm
1398 1559 1623 1637 superficierum,

275 1645 383 1718 qulbus
405 1647 487 1722 origo
510 1646 584 1706 lucis
607 1658 736 1708 centrum
753 1659 807 1712 est.
842 1651 1061 1710 Demonstratio
1084 1647 1286 1708 theorematis:
1313 1664 1517 1725 „repercussus
1539 1647 1572 1705 fit
1586 1647 1623 1706 ad

276 1731 417 1809 aequales
440 1734 565 1811 angulos
580 1736 619 1795 ad
635 1737 713 1796 lutus
728 1737 871 1798 alterum“
894 1735 1060 1798 absolvitur
1074 1735 1274 1813 componendo
1291 1743 1400 1794 motum
1424 1737 1452 1792 in
1469 1735 1625 1812 perpendi·

277 1819 406 1880 cularem
420 1829 451 1879 et
465 1822 647 1900 parallelum,
670 1825 803 1886 adhibito
826 1833 923 1885 motus
945 1825 1059 1901 globuli
1081 1839 1190 1900 aquam
1205 1821 1323 1899 oblique
1338 1823 1467 1882 ferientis
1481 1822 1625 1900 exemplo,

274 1908 352 1968 sicot
374 1909 463 1968 etiam
486 1909 578 1984 libra,
609 1913 659 1971 ubi
683 1913 926 1992 deprehendimus
949 1915 1034 1988 quasi
1057 1911 1361 1990 parallelogrammum
1385 1912 1506 1984 virium,
1537 1910 1625 1987 quale

274 1993 363 2056 hodie
386 1997 416 2054 in
439 2013 495 2055 usu
519 2005 564 2057 est
585 1998 724 2077 physicis.

380 2083 519 2159 Figuram
549 2085 624 2146 lueis
647 2087 726 2146 Solis
748 2105 801 2166 per
830 2087 951 2164 aliquod
981 2088 1111 2146 toramen
1140 2088 1169 2144 in
1198 2085 1294 2146 locum
1325 2085 1510 2145 obscuratum
1533 2087 1627 2169 intro7

278 2171 387 2230 missae
410 2187 579 2248 aggressus,
607 2192 626 2234 a
649 2177 764 2236 nemine
787 2175 858 2235 dicit
879 2175 1027 2254 Keplerns
1056 2175 1187 2252 legitime
1209 2172 1437 2234 demonstratum
1466 2189 1547 2246 esse,
1576 2191 1628 2232 eur

274 2257 326 2318 ille
351 2257 489 2334 „mutum
523 2261 655 2321 circulari
684 2263 777 2322 forma
800 2271 949 2341 appareat
995 2263 1122 2323 Ceusmn
1152 2261 1240 2338 hujus
1267 2262 1455 2339 apparentiae
1478 2263 1627 2337 inquirens

274 2344 332 2405 boe
354 2348 551 2425 experimento
573 2365 644 2409 usus
667 2357 731 2412 est.=
753 2351 796 2410 Ex
812 2351 929 2426 angulis
951 2351 1017 2411 libri
1033 2353 1121 2432 („qui
1136 2357 1215 2410 esset
1236 2349 1301 2408 leco
1323 2348 1447 2408 lucentia
1466 2345 1628 2428 corporis“J

274 2431 325 2496 uta
347 2449 398 2510 per
420 2435 549 2495 loremen
573 2438 787 2515 multangulum
810 2441 839 2496 in
863 2441 1062 2517 pavimentum
1078 2441 1156 2498 cirea
1177 2438 1327 2496 foraminis
1350 2436 1488 2507 terminos
1503 2439 1628 2496 choum·

275 2519 374 2598 duait,
403 2523 522 2598 singula
551 2523 601 2583 dle
627 2543 676 2586 ex·
686 2525 803 2603 angulis
833 2526 899 2585 libri
930 2527 1019 2586 ducta
1044 2527 1234 2587 imitabantur
1260 2527 1290 2582 in
1312 2525 1480 2601 parimento
1502 2523 1625 2599 liguram

275 2607 436 2684 foraminis,
461 2613 559 2672 omnia
581 2629 653 2672 vero
675 2615 763 2674 almul
786 2623 883 2674 sumta
904 2613 1028 2691 figuram
1044 2613 1121 2676 libri.
1153 2613 1254 2673 Patuit
1269 2614 1377 2687 itaque,
1401 2627 1572 2672 concurrere
1587 2611 1625 2671 ad

276 2695 430 2771 problema
445 2698 705 2760 demonstrandum
720 2701 844 2780 figuram
860 2701 985 2762 lucentis
1000 2705 1138 2778 corporis,
1156 2702 1184 2757 iu
1201 2698 1270 2760 Sole
1287 2702 1387 2774 itaque
1401 2697 1626 2773 rotunditatem,

272 2783 332 2844 tale
347 2785 416 2861 quid
431 2788 542 2863 priores
558 2797 741 2850 astronomos
758 2789 932 2850 observasse
947 2793 975 2848 in
989 2789 1065 2849 Solia
1082 2789 1250 2860 defectibus,
1260 2789 1357 2863 specie
1371 2785 1448 2845 Solia
1464 2784 1627 2846 deficientis

273 2889 325 2948 per
339 2881 494 2948 angustum
515 2875 644 2936 toramen
659 2883 784 2956 recepta.
820 2877 1059 2952 ,Demonstratio
1075 2893 1145 2936 vero
1160 2875 1248 2950 hujus
1272 2875 1458 2933 theorematis
1473 2889 1539 2933 cum
1554 2892 1627 2935 auc·

272 2967 351 3017 tores
371 2961 491 3038 lugeret,
514 2953 622 3023 iactum
645 2973 706 3038 eat,
730 2973 763 3025 ut
784 2964 956 3025 theoremati
979 2969 1042 3026 siue
1064 2963 1239 3024 limitatione
1261 2961 1411 3022 eredentes
1433 2963 1463 3019 iu
1485 2979 1625 3038 magnum

272 3063 397 3107 errorem
419 3048 607 3110 inciderent.“
639 3051 868 3112 Observationes
891 3055 968 3113 enim
988 3053 1139 3131 eclipsinm
1157 3069 1222 3110 eum
1245 3048 1327 3109 coelo
1350 3065 1407 3108 non
1432 3052 1626 3110 consensisse.

273 3133 369 3208 Quam
386 3135 424 3194 ob
453 3155 572 3197 causam
595 3139 741 3218 Keplerna
763 3140 1041 3201 demonstrationem
1068 3139 1227 3216 legitimam
1250 3139 1391 3209 instituit,
1415 3153 1628 3213 progressura

271 3221 387 3282 lucente
401 3231 509 3302 puncto
532 3233 562 3286 et
584 3227 710 3287 fenestra
723 3227 889 3304 majuscula
902 3227 940 3288 ad
955 3227 1077 3304 figuram
1091 3228 1217 3286 lucentis
1233 3227 1360 3303 corporis
1375 3241 1581 3300 quamcunque
1597 3235 1628 3285 et

271 3311 427 3370 fenestram
450 3313 480 3369 lu
503 3321 641 3390 puuctum
665 3323 841 3392 permutans.
873 3313 987 3390 Quibus
1010 3317 1065 3375 rite
1085 3313 1287 3374 demonstratis
1310 3311 1470 3372 concludit:
1497 3312 1628 3392 „Figura

271 3397 345 3456 radii
361 3399 389 3454 in
412 3399 523 3477 pariete
546 3402 732 3462 contunditur
746 3421 781 3462 ex
803 3402 928 3462 lucentis
951 3405 1069 3462 inversa
1092 3409 1121 3461 et
1135 3403 1278 3461 fenestrae
1293 3399 1403 3459 directe
1424 3399 1547 3475 figura.“
1580 3399 1627 3459 hd

275 3484 397 3560 dgnrem
419 3487 529 3564 speciei
551 3488 655 3548 solaris
678 3492 707 3548 in
731 3489 890 3568 eclipsibus
913 3493 1057 3550 transiens
1079 3489 1272 3550 demonstrat:
1306 3503 1436 3564 „cernue
1458 3503 1517 3545 non
1540 3497 1573 3546 ut
1595 3491 1627 3546 in

273 3571 358 3631 coelo
381 3579 477 3643 acum,
500 3575 551 3635 sed
575 3579 604 3636 in
628 3577 766 3637 obtusum
782 3577 902 3639 reducta
918 3574 1079 3655 apparent“
1104 3587 1146 3637 et:
1172 3575 1333 3658 „diameter
1348 3574 1450 3634 Lunae
1472 3576 1501 3632 iu
1518 3574 1626 3650 hujus-

271 3659 353 3720 modi
374 3661 457 3722 radio
480 3659 600 3742 (speeie)
623 3667 717 3726 minor
740 3673 871 3744 apparet,
895 3664 979 3741 digiti
1002 3665 1129 3744 eclipttci
1152 3665 1320 3743 peuciores,
1344 3678 1433 3739 quam
1455 3663 1486 3720 in
1509 3661 1623 3724 coelo.“

271 3747 327 3806 llis
355 3749 499 3810 immiscet
527 3751 672 3829 Keplerus
701 3751 979 3814 demonstrationem
1006 3755 1241 3832 apperentiarum
1272 3753 1301 3809 in
1334 3767 1469 3830 „camera
1499 3745 1623 3810 clausa“

272 3835 431 3908 Portae,
457 3854 565 3915 „quam
588 3847 679 3899 artem
703 3843 727 3900 is
749 3843 873 3919 primus,
904 3841 1111 3918 quodeciam,
1142 3839 1262 3900 tradidit
1284 3837 1461 3914 Magiaeque
1484 3837 1629 3898 naturalis

271 3939 328 3984 nou
359 3927 508 3985 minimam
532 3935 643 4004 partem
665 3929 742 3989 lecit.
788 3928 846 3989 Sed
875 3931 1053 4008 experientia
1080 3935 1234 3990 contentus
1262 3926 1539 3985 demonstrationem
1566 3941 1626 3986 non

271 4009 414 4071 addidit.“

375 4099 409 4158 In
443 4099 658 4176 „fundamentis
686 4102 911 4182 catoptricas“,
943 4121 1030 4180 quam
1062 4103 1158 4181 capite
1186 4101 1240 4164 ΙΙΙ.
1270 4098 1439 4176 aggreditur
1468 4097 1627 4177 Keplerus,

271 4188 412 4264 queritur,
435 4188 515 4263 quod
538 4191 629 4266 optici
651 4207 669 4249 a
691 4206 779 4250 sensu
803 4199 914 4269 petunt,
938 4191 1018 4266 quod
1041 4197 1071 4252 et
1092 4194 1187 4268 ipsum
1204 4186 1459 4250 demonstrandum
1475 4189 1523 4260 sit,
1547 4187 1628 4250 uude

270 4275 355 4333 rnnlti
378 4291 488 4335 errores
510 4277 628 4336 trahant
650 4279 804 4353 originem.
845 4278 1053 4360 „Supplendus
1076 4280 1165 4355 igitur
1187 4285 1216 4337 et
1237 4277 1286 4336 hic
1307 4275 1400 4347 locus,
1423 4273 1627 4352 dispellendse

270 4361 411 4436 nebulae,
440 4369 473 4422 ut
496 4362 547 4422 Sol
579 4366 711 4425 veritatis
741 4365 849 4424 clarius
878 4367 1056 4427 elucescat.“
1103 4364 1187 4442 Quae
1210 4362 1346 4424 Euclides
1375 4379 1500 4438 eumque
1532 4365 1629 4424 secuti

273 4451 443 4510 hlharonus
466 4459 496 4510 et
520 4451 641 4511 Vitellio
664 4451 701 4512 de
723 4451 843 4530 speculo
867 4453 956 4530 plano
979 4455 1102 4530 ejusque
1133 4453 1284 4512 effectibus
1307 4451 1467 4528 proterant,
1496 4467 1534 4510 ee
1561 4469 1628 4512 esse

270 4540 375 4616 purtim
397 4537 486 4616 plane
509 4537 593 4612 falsa,
616 4541 721 4617 purtim
744 4541 831 4598 nimis
855 4541 980 4602 obscura
1002 4541 1152 4602 contendit
1174 4538 1328 4618 Keplerus.
1357 4537 1403 4596 Ad
1429 4555 1550 4612 ,reram
1574 4537 1629 4599 de·

269 4622 532 4684 monstrationem“
550 4629 711 4704 praemittit
724 4629 940 4704 propositiones
956 4631 1069 4705 (potius
1085 4627 1281 4705 definitiones)
1298 4625 1334 4686 de
1349 4627 1486 4701 imagine,
1511 4628 1627 4686 risione

271 4719 302 4772 et
324 4711 427 4785 oculo,
452 4729 526 4788 quas
549 4716 645 4792 capite
667 4714 704 4775 V.
727 4717 832 4791 repetit
854 4722 884 4774 et
906 4716 1037 4793 pluribus
1065 4715 1208 4794 explicat;
1232 4713 1300 4774 hine
1322 4715 1425 4774 hausit
1446 4711 1486 4772 ad
1507 4715 1630 4792 specula

270 4799 369 4879 plana,
392 4799 549 4876 sphaerica
570 4817 704 4861 convexa
726 4809 756 4862 et
780 4819 921 4876 concere,
946 4821 1024 4878 quae
1045 4805 1138 4864 verbo
1153 4810 1266 4863 tantum
1284 4802 1412 4877 attingit,
1436 4800 1551 4862 dicem:
1578 4803 1627 4870 ,in

270 4889 410 4950 oonoarh
432 4885 511 4950 idem
533 4891 582 4964 (ut
602 4892 632 4948 in
656 4887 809 4971 convexis)
841 4889 1055 4958 demonstretur
1081 4894 1111 4952 in
1135 4892 1321 4960 contrarium,
1366 4889 1441 4950 llam
1462 4891 1628 4952 contrario·
