3516 5540
220 365 292 468 646Ι
525 394 704 454 Summarlam
721 393 858 452 Historiae
875 393 1066 452 Asaonomiae
1084 397 1177 454 seculo
1195 397 1267 454 xvi.

220 583 338 647 qumtae
356 580 419 632 sunt
437 574 511 646 apud
528 577 602 630 vos.“
639 572 703 642 His,
725 589 796 642 qnae
814 572 924 630 Octobri
942 574 1006 629 anni
1026 575 1093 632 1587
1112 575 1273 644 scripserat,
1298 573 1443 630 Novembri
1462 592 1566 633 correc-

219 667 322 722 tionem
341 663 416 719 addit
432 662 632 732 Rothmannns,
651 679 701 732 pra
720 661 918 718 semidiametro
931 662 1031 716 Terrae
1045 661 1239 734 sexagesimam
1258 663 1447 722 semidiametri
1461 672 1567 733 partem

218 767 268 826 pro
287 750 429 808 altitudine
441 751 511 805 aeris
523 751 680 820 sumendam
698 763 758 805 esse
771 755 799 805 et
811 752 920 806 schama
938 751 976 805 ita
994 749 1195 821 corrigendum,
1213 757 1243 806 ut
1256 751 1304 806 BD
1322 751 1422 806 lineum
1434 751 1484 806 llL
1495 752 1568 807 inira

220 845 315 908 ungat
332 839 360 892 in
379 838 402 893 A
420 839 584 906 (Rothmanni
602 843 778 892 correctionem
796 839 839 902 fig.
860 842 900 891 15.
920 841 1023 906 punctis
1042 841 1200 908 notavimus).
1223 870 1251 878 —

321 923 465 980 Peculiare
483 925 517 980 de
534 925 719 980 instrumentis
742 925 798 982 ania
817 925 902 995 edidit
920 925 1013 994 Tycho
1032 941 1116 995 opus,
1135 925 1294 995 inscriptum
1312 927 1508 983 astronomiae
1525 929 1567 982 ta·

218 1019 362 1070 sternutae
380 1010 558 1078 Mechaaica,
577 1012 777 1082 Wandesburgi
790 1013 867 1068 1598.
891 1012 1090 1068 Describuntur
1107 1013 1286 1068 instrumenta
1303 1029 1415 1068 numero
1428 1013 1471 1078 21,
1490 1029 1567 1068 cnar-

219 1101 284 1154 ratis
298 1099 377 1155 simul
389 1100 470 1154 rebus
484 1099 580 1168 quibus
593 1099 770 1155 inservierant
788 1100 971 1170 observandis,
989 1099 1130 1171 relataque
1148 1108 1277 1173 ternpore,
1295 1119 1349 1170 quo
1367 1102 1569 1171 excogitaverat

219 1190 311 1260 Tycha
324 1204 395 1246 uasa
407 1204 455 1243 seu
468 1187 657 1245 emendaverat
669 1188 817 1244 inveterata
828 1187 1017 1244 instrumenta.
1043 1190 1075 1245 ln
1087 1206 1160 1246 num.
1174 1191 1198 1259 2,
1220 1189 1386 1260 „quadrante
1404 1192 1567 1246 orichalcico

219 1277 408 1347 arimathali‘,
427 1292 481 1347 qua
500 1292 566 1331 usus
585 1284 627 1332 est
644 1277 671 1331 in
691 1276 925 1332 observationibus
944 1285 1065 1332 cometae
1089 1277 1151 1332 anni
1173 1279 1252 1346 1577,
1276 1283 1385 1347 praeter
1402 1278 1485 1332 Nonii
1503 1281 1567 1334 sub·

222 1365 380 1421 divisionem
399 1364 628 1434 deprehendimus
646 1362 720 1418 illam
739 1365 825 1434 ipsius
843 1365 995 1434 Tycbanis:
1021 1364 1118 1434 singuli
1142 1363 1227 1419 totius
1246 1364 1404 1432 quadrantis
1422 1366 1524 1434 madae
1541 1367 1570 1420 in

131 1475 134 1480 ¹
219 1468 299 1510 senas
316 1451 465 1523 particulas
484 1467 567 1521 supra
586 1458 613 1506 et
630 1451 700 1506 inira
713 1452 877 1522 dividuntur,
895 1467 966 1524 quae
984 1459 1010 1506 ot
1024 1452 1099 1520 ipsae
1112 1467 1162 1521 per
1174 1452 1259 1506 lineas
1277 1453 1474 1508 bansversales
1487 1453 1567 1508 alter·

218 1541 303 1596 natim
321 1539 417 1595 ductas
435 1539 463 1593 in
481 1539 551 1596 dena
569 1539 720 1609 aequaliter
738 1539 867 1594 distantia
888 1547 991 1610 puncta
1010 1539 1111 1593 divisae
1129 1538 1236 1608 singula
1258 1540 1361 1620 minuta
1386 1539 1504 1596 discreta
1523 1557 1568 1595 ex-

219 1628 334 1683 hibent*
360 1627 460 1696 „Cujus
483 1626 621 1682 divisionis
644 1625 838 1682 demonstratio
863 1626 929 1682 licet
951 1627 978 1680 in
1002 1627 1149 1683 rectilineis
1172 1625 1432 1697 parallelogrammis
1456 1628 1567 1697 proprie
1586 1635 1589 1648 ¹

220 1716 377 1781 conveniat,
403 1714 578 1769 nihilominus
598 1714 751 1769 arcualibus
776 1715 857 1770 etiam
880 1715 959 1770 lineis
972 1715 1000 1769 in
1018 1723 1074 1770 tam
1097 1714 1161 1770 exili
1185 1715 1341 1783 intervallo,
1369 1715 1441 1785 quod
1460 1732 1477 1770 a
1495 1715 1568 1769 linea

219 1811 294 1860 ream
312 1805 351 1858 ita
367 1809 399 1860 ut
417 1804 461 1858 vix
481 1803 583 1858 sentias
602 1802 705 1874 differt,
731 1805 925 1861 convenienter
948 1805 1126 1874 applicatur.“
1165 1803 1243 1858 Hanc
1266 1802 1426 1857 divisionem
1452 1803 1521 1857 alios
1539 1803 1567 1858 in

220 1893 366 1950 Germania
385 1891 435 1946 sibi
454 1890 610 1947 attribuisse
628 1891 751 1958 queritur
769 1891 875 1961 Tycha,
902 1909 983 1962 quam
1003 1891 1111 1960 quidem
1129 1905 1196 1944 suae
1214 1888 1286 1944 domi
1305 1895 1477 1958 conspectam
1496 1890 1567 1944 Wit-

217 1980 316 2038 tichius
331 1996 385 2036 una
398 1996 458 2034 cum
471 1977 685 2047 pinnuuidiorum
698 1979 801 2034 ratione
815 1979 943 2034 (lessellis
955 1976 1115 2047 patefecerit
1127 1983 1155 2030 et
1167 1975 1236 2056 farte
1250 1977 1329 2031 etiarn
1348 1993 1399 2046 pro
1412 1991 1462 2032 sua
1475 1976 1571 2032 vendi-

216 2067 323 2141 taverit.
360 2066 485 2122 Numi.
504 2071 696 2146 sextantem
715 2065 903 2122 altitudinibus
921 2065 1111 2122 inservientem
1130 2063 1311 2132 excogitatum
1329 2079 1390 2118 esse
1410 2081 1433 2118 c.
1448 2080 1473 2118 a.
1490 2065 1567 2132 ibib,

216 2155 283 2212 licat
298 2156 345 2212 alii
368 2163 466 2226 postea
490 2155 549 2222 ejas
576 2153 759 2210 inventionem
785 2153 836 2208 sibi
862 2153 1016 2221 arrogarim
1032 2153 1190 2222 formaeque
1215 2155 1391 2210 variationem
1408 2155 1570 2211 nonnullam

217 2243 380 2320 effinxerint.
400 2244 480 2298 Num.
495 2244 519 2298 h.
533 2239 707 2312 quadrans
726 2240 864 2297 muralis
883 2242 953 2310 (sive
966 2241 1150 2311 Tychaniaus)
1163 2242 1283 2312 perbelle
1296 2259 1413 2299 excusus
1431 2249 1486 2314 cst,
1505 2261 1568 2301 con-

216 2332 370 2402 spiciuntur
387 2333 587 2399 observatores,
607 2327 721 2396 scribae,
739 2328 890 2398 horologia,
908 2330 968 2399 ipse
986 2329 1079 2400 Tycha
1098 2330 1218 2406 adstans,
1238 2331 1316 2398 quasi
1334 2330 1458 2386 indicans
1476 2334 1568 2404 sociis,

219 2420 284 2491 quid
302 2418 500 2478 observandum
518 2419 562 2474 sit.
594 2419 687 2484 ,llanc
706 2415 824 2484 effigiem
842 2433 940 2486 magna
958 2417 1069 2473 solertia
1088 2418 1223 2486 expressit
1236 2417 1355 2473 Thomas
1369 2419 1568 2492 Gemperlinus,

219 2507 303 2576 idque
321 2513 376 2561 tam
395 2512 592 2576 competenter,
611 2513 642 2560 ut
659 2504 703 2558 vix
723 2503 836 2558 similior
849 2505 906 2558 dari
925 2505 1038 2574 possit.“
1064 2505 1096 2558 Iu
1108 2505 1160 2560 hac
1174 2505 1245 2560 sieut
1262 2506 1290 2558 in
1304 2505 1365 2560 aliie
1379 2521 1448 2574 quae
1461 2509 1570 2578 Tycha·

219 2595 262 2650 nis
279 2593 403 2650 referunt
421 2594 539 2663 effigiem
557 2591 658 2650 tabulis
677 2591 845 2660 conspicitur
859 2591 1004 2659 capularis
1018 2591 1151 2658 quamam
1169 2591 1274 2646 narium
1293 2591 1389 2658 farma,
1408 2595 1447 2650 ita
1465 2603 1496 2650 ut
1507 2611 1569 2666 pcr-

132 2715 137 2726 «
219 2680 346 2751 spicuam
363 2681 407 2747 ait,
425 2680 581 2736 interiorem
593 2687 699 2749 partem
719 2685 777 2736 arte
790 2677 906 2746 quadarn
921 2677 1055 2746 superiori
1067 2677 1178 2734 airizam
1190 2693 1260 2748 esse,
1280 2680 1354 2747 quod
1366 2681 1437 2735 idern
1449 2689 1570 2738 testatur

127 2829 133 2834 ,
217 2775 422 2826 monumentum
441 2769 587 2839 Tychonis,
606 2768 680 2839 quod
699 2783 762 2823 aere
780 2765 928 2822 conflatum
946 2767 973 2819 iu
992 2765 1060 2820 aede
1078 2765 1210 2833 Pragensi
1228 2764 1392 2821 collocatum
1411 2775 1462 2824 est.
1499 2769 1570 2824 (ion-

216 2860 285 2923 stat,
299 2854 394 2923 iuveni
413 2855 537 2925 Tychoni
554 2855 697 2913 Boutadai
709 2871 780 2911 anna
795 2855 862 2912 1566
880 2855 1058 2909 commoranti
1075 2856 1103 2908 in
1116 2853 1264 2908 aemaminc
1282 2855 1415 2924 singulari
1432 2863 1569 2913 nocturno

218 2959 302 3000 nasus
319 2950 427 3012 partem
445 2943 600 3000 interiorem
623 2945 773 3000 abscissam
799 2957 868 2998 esse.
904 2941 1053 2997 Philaadsr
1079 2942 1112 2996 dc
1130 2941 1271 2996 Weietrita
1294 2941 1321 2995 in
1345 2943 1401 2996 vita
1419 2943 1567 3014 Tychanis,

217 3047 299 3101 quam
317 3046 352 3086 ex
370 3032 463 3100 lingua
481 3032 585 3086 Danica
604 3031 676 3086 Olafi
695 3031 793 3100 Bangii
811 3032 838 3084 ia
856 3030 1038 3098 germanicam
1056 3031 1136 3084 vertit
1155 3032 1264 3102 (list),
1290 3033 1387 3102 refert,
1406 3031 1565 3104 Tychoaam

218 3118 366 3174 abscissam
384 3135 467 3174 nasus
486 3126 592 3188 partem
606 3137 645 3175 cx
665 3136 730 3175 auro
750 3127 778 3174 et
795 3125 907 3187 argento
932 3116 1077 3172 conflatam
1096 3123 1125 3173 et
1143 3118 1279 3175 coloribus
1303 3121 1339 3174 ad
1356 3129 1480 3176 naturam
1498 3123 1567 3176 tinc-

215 3213 273 3262 tam
289 3207 452 3276 restituisse,
472 3206 590 3262 addens:
611 3209 712 3272 „Wilh
731 3201 887 3274 Jansanius,
907 3206 955 3260 der
972 3205 1022 3259 mit
1040 3204 1100 3259 dem
1119 3206 1214 3277 Tycha
1232 3207 1346 3264 2Jahra
1364 3209 1500 3280 mgieng,
1518 3210 1569 3264 hat

218 3295 344 3358 ambiat,
363 3294 426 3350 dass
439 3295 533 3366 Tycha
552 3294 663 3349 allezeit
681 3297 741 3350 aine
759 3294 850 3350 hlaine
869 3293 1017 3350 Schachtel
1034 3292 1090 3348 vall
1107 3293 1156 3349 mit
1167 3294 1245 3350 Leim
1263 3296 1330 3351 oder
1343 3295 1424 3352 Balbe
1442 3297 1495 3367 bey
1508 3297 1568 3352 sich

216 3387 287 3452 trag,
306 3383 409 3440 welche
427 3398 457 3437 cr
475 3381 585 3439 assazeit
602 3383 743 3452 branchia
763 3381 814 3448 aui
829 3381 873 3438 die
891 3383 964 3438 Naue
981 3401 1014 3438 za
1034 3383 1155 3440 sslbsn‘t

320 3471 361 3525 De
386 3470 620 3528 observationibus
644 3474 701 3529 suis
726 3473 779 3528 hae
801 3473 854 3528 iart
879 3473 1004 3542 Tychoy
999 3470 1141 3526 adiciam:
1172 3472 1247 3540 Quas
1270 3472 1403 3542 Lipsiis
1395 3489 1423 3528 ιιι
1447 3475 1569 3542 pueritia

216 3557 416 3630 (tata—1569)
429 3560 530 3629 peregi,
548 3559 665 3628 pueriles
685 3568 712 3614 ct
731 3561 827 3616 dubias
844 3559 983 3630 appellare
996 3559 1081 3614 soleo.
1107 3559 1181 3627 Quas
1194 3576 1258 3615 vero
1271 3570 1368 3630 pastea
1381 3563 1568 3630 (tota-tata

216 3649 357 3716 tamtus
370 3646 573 3703 vindelicorum
586 3655 613 3703 et
625 3649 653 3702 in
664 3649 766 3716 Dania)
786 3647 902 3717 adeptus
921 3663 995 3716 surm,
1010 3649 1147 3717 Juvenilcs
1161 3657 1188 3702 et
1200 3649 1372 3716 mediocriter
1391 3665 1420 3706 se
1432 3652 1569 3709 hahentes

188 3771 190 3778 ν
220 3753 298 3794 vaco.
335 3735 442 3792 Tertiae
460 3741 565 3802 autem,
585 3750 654 3803 qaus
671 3735 846 3805 postmodum
865 3734 1032 3803 Uraniburgi
1050 3735 1229 3790 excausaimis
1247 3737 1302 3792 illis
1319 3737 1507 3796 instrumentis
1527 3741 1566 3796 di·

218 3840 329 3881 measns
348 3823 827 3894 sum(1sve-1597)virives.raas
847 3829 876 3876 et
893 3823 1058 3878 certissimas
1077 3823 1186 3893 appello
1205 3829 1233 3879 et
1251 3839 1357 3880 censeo.
1394 3825 1499 3893 Quibus
1519 3832 1567 3885 ab·

218 3911 415 3970 assuetionibus
434 3912 503 3966 baec
521 3925 551 3965 se
570 3909 693 3964 effecisse
711 3911 864 3981 praedicat:
885 3909 955 3966 Solis
974 3919 1002 3964 et
1013 3911 1107 3965 Lunae
1125 3913 1248 3968 theorias
1267 3929 1298 3970 sa
1315 3917 1474 3971 emendasse
1493 3931 1568 3972 erre·

218 4015 316 4072 reaque
333 4001 455 4069 priorum
474 3998 638 4067 correxisse,
664 3999 779 4054 fixarum
798 4001 859 4054 loca
878 4015 983 4054 summa
1000 4005 1028 4054 et
1046 3997 1183 4055 infallibili
1207 4003 1382 4058 accuratione
1399 4003 1567 4062 verificasse.

216 4087 351 4144 Theoriaa
375 4085 446 4143 Solia
464 4094 492 4143 et
509 4087 605 4144 Lunae
628 4089 681 4142 hoc
704 4093 810 4142 tantum
836 4087 869 4144 ad
888 4087 1084 4156 perfectionem
1107 4089 1217 4159 deesse,
1244 4092 1317 4159 qnod
1336 4092 1425 4146 omniu
1444 4091 1569 4148 nondum

217 4179 342 4250 pluribus
360 4177 460 4234 seculis
479 4179 609 4248 adaptata
627 4183 654 4232 et
672 4178 868 4234 universaliora
884 4175 993 4232 reddita
1017 4177 1082 4247 sint;
1109 4179 1137 4232 in
1155 4177 1217 4232 fixis
1243 4177 1377 4233 sideribus
1401 4179 1468 4233 nihil
1493 4179 1569 4238 aliud

217 4266 377 4335 desiderari,
405 4283 486 4336 quam
504 4274 535 4322 ut
553 4283 646 4322 eornm
663 4275 755 4322 motus
774 4265 936 4322 universalis
954 4265 1076 4321 redditus
1096 4267 1219 4322 omnibus
1237 4265 1366 4320 mundani
1383 4267 1443 4321 aevi
1463 4268 1566 4324 seculis

217 4354 376 4426 adaptetur,
400 4362 428 4410 et
452 4361 482 4410 ut
501 4355 703 4410 ohservationes
722 4361 849 4409 accurate
866 4353 1042 4408 instituantur
1064 4356 1091 4410 in
1110 4353 1210 4408 Terrae
1232 4352 1401 4409 meridionali
1424 4362 1518 4425 parte;
1545 4357 1569 4412 si
1663 4345 1671 4364 ⁸

219 4443 280 4510 quia
297 4444 351 4498 hac
370 4457 439 4512 opus
459 4443 598 4512 suscipere
616 4441 644 4496 in
663 4449 752 4496 mente
770 4440 882 4508 habeat,
902 4455 944 4508 se,
964 4455 1017 4509 quo
1031 4440 1125 4495 minus
1143 4441 1323 4496 instrumenta
1342 4449 1370 4496 et
1388 4444 1492 4500 auxilia
1510 4446 1567 4502 huc

125 4563 128 4570 -
219 4528 400 4586 conducentia
419 4529 613 4598 subministret,
632 4543 686 4583 non
705 4523 916 4582 detrectatumm
936 4543 1005 4584 esse.
1043 4529 1074 4582 ln
1091 4527 1208 4597 planatis
1227 4528 1295 4583 nibil
1313 4529 1389 4584 aliud
1410 4533 1569 4596 ,exantlan-

217 4615 297 4670 dum“
316 4625 422 4673 restare
439 4624 528 4687 putat,
547 4633 628 4686 quam
646 4623 678 4670 at
696 4614 773 4679 haec,
794 4627 866 4680 quae
884 4615 956 4670 circa
967 4615 1149 4684 longitudines
1162 4621 1190 4670 et
1202 4615 1360 4671 latitudines
1374 4625 1458 4688 atquc
1476 4622 1569 4676 omnia

217 4702 272 4758 huc
288 4705 453 4772 pertinentia
471 4705 552 4760 aliter
570 4719 600 4759 se
619 4704 736 4771 habere,
755 4715 835 4771 quam
852 4701 942 4755 ierant
961 4703 1077 4758 usitatae
1094 4702 1218 4771 tabulae,
1244 4705 1380 4760 accuratis
1400 4707 1570 4765 observatio·

217 4787 296 4845 uibus
311 4790 369 4860 jam
387 4791 459 4847 ultra
476 4792 509 4847 25
529 4807 614 4852 annas
633 4789 747 4846 coelitus
767 4788 889 4845 deductis
908 4791 1078 4862 exploratum
1090 4799 1118 4846 st
1130 4791 1308 4862 contutatum
1327 4793 1387 4860 ipae
1406 4793 1520 4859 haheat,
1539 4796 1568 4848 in

218 4891 303 4936 uaros
326 4883 354 4938 ct
372 4885 556 4955 competentes
573 4893 692 4936 canones
709 4878 820 4934 redacta
837 4877 957 4934 numeris
978 4877 1161 4948 exponantur.
1196 4876 1349 4952 quaeipsis
1367 4879 1488 4938 noudum
1506 4895 1569 4952 per·

1011 5179 1022 5212 t
