<?xml version="1.0" encoding="UTF-8"?>
<!DOCTYPE html PUBLIC "-//W3C//DTD XHTML 1.0 Transitional//EN"
    "http://www.w3.org/TR/xhtml1/DTD/xhtml1-transitional.dtd">
<html xmlns="http://www.w3.org/1999/xhtml" xml:lang="en" lang="en">
 <head>
  <title>
</title>
<meta http-equiv="Content-Type" content="text/html;charset=utf-8" />
  <meta name='ocr-system' content='tesseract 3.04.00' />
  <meta name='ocr-capabilities' content='ocr_page ocr_carea ocr_par ocr_line ocrx_word'/>
</head>
<body>
  <div class='ocr_page' id='page_1' title='image "./joanniskepleria25frisgoog_0235.png"; bbox 0 0 3662 5544; ppageno 0'>
   <div class='ocr_carea' id='block_1_1' title="bbox 244 415 1096 494">
    <p class='ocr_par' dir='ltr' id='par_1_1' title="bbox 244 415 1096 494">
     <span class='ocr_line' id='line_1_1' title="bbox 244 415 1096 494; baseline -0.007 -8"><span class='ocrx_word' id='word_1_1' title='bbox 244 415 309 486; x_wconf 73' lang='lat'><strong>780</strong></span> <span class='ocrx_word' id='word_1_2' title='bbox 761 417 825 479; x_wconf 78' lang='lat' dir='ltr'><strong>Vita</strong></span> <span class='ocrx_word' id='word_1_3' title='bbox 841 417 957 480; x_wconf 78' lang='lat' dir='ltr'><strong>loannis</strong></span> <span class='ocrx_word' id='word_1_4' title='bbox 974 417 1096 494; x_wconf 84' lang='lat' dir='ltr'><strong>liepleri.</strong></span> 
     </span>
    </p>
   </div>
   <div class='ocr_carea' id='block_1_2' title="bbox 202 590 1603 1371">
    <p class='ocr_par' dir='ltr' id='par_1_2' title="bbox 202 590 1603 1371">
     <span class='ocr_line' id='line_1_2' title="bbox 247 590 1600 674; baseline 0.004 -24"><span class='ocrx_word' id='word_1_5' title='bbox 247 591 350 657; x_wconf 85' lang='lat' dir='ltr'><strong>literas,</strong></span> <span class='ocrx_word' id='word_1_6' title='bbox 368 594 395 649; x_wconf 90' lang='lat' dir='ltr'><strong>in</strong></span> <span class='ocrx_word' id='word_1_7' title='bbox 413 591 513 665; x_wconf 91' lang='lat' dir='ltr'><strong>quibus</strong></span> <span class='ocrx_word' id='word_1_8' title='bbox 531 591 586 665; x_wconf 90' lang='lat' dir='ltr'><strong>ille,</strong></span> <span class='ocrx_word' id='word_1_9' title='bbox 605 595 751 666; x_wconf 86' lang='lat' dir='ltr'><strong>instigatus</strong></span> <span class='ocrx_word' id='word_1_10' title='bbox 769 593 840 652; x_wconf 77' lang='lat' dir='ltr'><strong>torte</strong></span> <span class='ocrx_word' id='word_1_11' title='bbox 856 597 893 654; x_wconf 88' lang='lat' dir='ltr'><strong>ab</strong></span> <span class='ocrx_word' id='word_1_12' title='bbox 912 596 1068 669; x_wconf 77' lang='lat' dir='ltr'><strong>heruarto,</strong></span> <span class='ocrx_word' id='word_1_13' title='bbox 1087 599 1204 668; x_wconf 82' lang='lat' dir='ltr'><strong>petierat</strong></span> <span class='ocrx_word' id='word_1_14' title='bbox 1221 603 1252 654; x_wconf 87' lang='lat' dir='ltr'><strong>ut</strong></span> <span class='ocrx_word' id='word_1_15' title='bbox 1270 590 1323 656; x_wconf 85' lang='lat' dir='ltr'><strong>&#39;sibl</strong></span> <span class='ocrx_word' id='word_1_16' title='bbox 1339 607 1493 674; x_wconf 76' lang='lat' dir='ltr'><strong>magnetem</strong></span> <span class='ocrx_word' id='word_1_17' title='bbox 1510 601 1600 656; x_wconf 78' lang='lat' dir='ltr'><strong>mittat</strong></span> 
     </span>
     <span class='ocr_line' id='line_1_3' title="bbox 202 679 1600 758; baseline 0.006 -22"><span class='ocrx_word' id='word_1_18' title='bbox 202 737 205 742; x_wconf 17' lang='grc' dir='ltr'><strong>Δ</strong></span> <span class='ocrx_word' id='word_1_19' title='bbox 247 679 397 754; x_wconf 81' lang='lat' dir='ltr'><strong>Mullorus3</strong></span> <span class='ocrx_word' id='word_1_20' title='bbox 425 681 559 747; x_wconf 71' lang='lat' dir='ltr'><strong>„mudum</strong></span> <span class='ocrx_word' id='word_1_21' title='bbox 582 689 611 738; x_wconf 89' lang='lat' dir='ltr'><strong>et</strong></span> <span class='ocrx_word' id='word_1_22' title='bbox 633 688 775 752; x_wconf 84' lang='lat' dir='ltr'><strong>regctnm“</strong></span> <span class='ocrx_word' id='word_1_23' title='bbox 799 691 953 754; x_wconf 72' lang='lat' dir='ltr'><strong>magnetem</strong></span> <span class='ocrx_word' id='word_1_24' title='bbox 972 701 1002 742; x_wconf 89' lang='lat' dir='ltr'><strong>se</strong></span> <span class='ocrx_word' id='word_1_25' title='bbox 1020 703 1074 742; x_wconf 92' lang='lat' dir='ltr'><strong>non</strong></span> <span class='ocrx_word' id='word_1_26' title='bbox 1092 685 1193 743; x_wconf 89' lang='lat' dir='ltr'><strong>habere</strong></span> <span class='ocrx_word' id='word_1_27' title='bbox 1212 687 1295 754; x_wconf 83' lang='lat' dir='ltr'><strong>dicit,</strong></span> <span class='ocrx_word' id='word_1_28' title='bbox 1312 689 1417 758; x_wconf 87' lang='lat' dir='ltr'><strong>suadet,</strong></span> <span class='ocrx_word' id='word_1_29' title='bbox 1435 696 1465 744; x_wconf 91' lang='lat' dir='ltr'><strong>ut</strong></span> <span class='ocrx_word' id='word_1_30' title='bbox 1483 689 1512 744; x_wconf 91' lang='lat' dir='ltr'><strong>in</strong></span> <span class='ocrx_word' id='word_1_31' title='bbox 1528 689 1600 745; x_wconf 87' lang='lat' dir='ltr'><strong>valle</strong></span> 
     </span>
     <span class='ocr_line' id='line_1_4' title="bbox 247 767 1600 846; baseline 0.01 -25"><span class='ocrx_word' id='word_1_32' title='bbox 247 767 415 824; x_wconf 82' lang='lat' dir='ltr'><strong>doachimics</strong></span> <span class='ocrx_word' id='word_1_33' title='bbox 432 770 460 824; x_wconf 89' lang='lat' dir='ltr'><strong>in</strong></span> <span class='ocrx_word' id='word_1_34' title='bbox 478 769 610 826; x_wconf 87' lang='lat' dir='ltr'><strong>Bohemia</strong></span> <span class='ocrx_word' id='word_1_35' title='bbox 627 769 800 840; x_wconf 72' lang='lat' dir='ltr'><strong>requiratur.</strong></span> <span class='ocrx_word' id='word_1_36' title='bbox 822 773 931 844; x_wconf 61' lang='lat' dir='ltr'><strong>„Grata</strong></span> <span class='ocrx_word' id='word_1_37' title='bbox 950 774 1051 844; x_wconf 87' lang='lat' dir='ltr'><strong>pergit,</strong></span> <span class='ocrx_word' id='word_1_38' title='bbox 1066 775 1132 830; x_wconf 92' lang='lat' dir='ltr'><strong>mihi</strong></span> <span class='ocrx_word' id='word_1_39' title='bbox 1145 782 1209 832; x_wconf 89' lang='lat' dir='ltr'><strong>sunt</strong></span> <span class='ocrx_word' id='word_1_40' title='bbox 1227 776 1326 843; x_wconf 91' lang='lat' dir='ltr'><strong>omnia,</strong></span> <span class='ocrx_word' id='word_1_41' title='bbox 1345 777 1463 846; x_wconf 83' lang='lat' dir='ltr'><strong>quaeda</strong></span> <span class='ocrx_word' id='word_1_42' title='bbox 1481 785 1527 834; x_wconf 90' lang='lat' dir='ltr'><strong>tuo</strong></span> <span class='ocrx_word' id='word_1_43' title='bbox 1541 783 1600 834; x_wconf 90' lang='lat' dir='ltr'><strong>tuo-</strong></span> 
     </span>
     <span class='ocr_line' id='line_1_5' title="bbox 244 856 1601 936; baseline 0.008 -27"><span class='ocrx_word' id='word_1_44' title='bbox 244 871 359 925; x_wconf 78' lang='lat' dir='ltr'><strong>rumque</strong></span> <span class='ocrx_word' id='word_1_45' title='bbox 370 861 444 912; x_wconf 87' lang='lat' dir='ltr'><strong>statn</strong></span> <span class='ocrx_word' id='word_1_46' title='bbox 457 863 484 912; x_wconf 89' lang='lat' dir='ltr'><strong>et</strong></span> <span class='ocrx_word' id='word_1_47' title='bbox 503 856 601 926; x_wconf 86' lang='lat' dir='ltr'><strong>salute,</strong></span> <span class='ocrx_word' id='word_1_48' title='bbox 619 857 737 927; x_wconf 89' lang='lat' dir='ltr'><strong>itemque</strong></span> <span class='ocrx_word' id='word_1_49' title='bbox 755 859 790 914; x_wconf 88' lang='lat' dir='ltr'><strong>de</strong></span> <span class='ocrx_word' id='word_1_50' title='bbox 807 860 963 916; x_wconf 89' lang='lat' dir='ltr'><strong>conditione</strong></span> <span class='ocrx_word' id='word_1_51' title='bbox 975 863 1123 918; x_wconf 79' lang='lat' dir='ltr'><strong>haeredum</strong></span> <span class='ocrx_word' id='word_1_52' title='bbox 1136 863 1273 934; x_wconf 84' lang='lat' dir='ltr'><strong>Tyehonis</strong></span> <span class='ocrx_word' id='word_1_53' title='bbox 1291 865 1434 934; x_wconf 76' lang='lat' dir='ltr'><strong>scripsisti.</strong></span> <span class='ocrx_word' id='word_1_54' title='bbox 1458 865 1601 936; x_wconf 85' lang='lat' dir='ltr'><strong>Tengnag·</strong></span> 
     </span>
     <span class='ocr_line' id='line_1_6' title="bbox 245 942 1601 1022; baseline 0.008 -26"><span class='ocrx_word' id='word_1_55' title='bbox 245 942 299 999; x_wconf 91' lang='lat' dir='ltr'><strong>lius</strong></span> <span class='ocrx_word' id='word_1_56' title='bbox 317 944 340 999; x_wconf 91' lang='lat' dir='ltr'><strong>si</strong></span> <span class='ocrx_word' id='word_1_57' title='bbox 358 949 498 1012; x_wconf 86' lang='lat' dir='ltr'><strong>praestare</strong></span> <span class='ocrx_word' id='word_1_58' title='bbox 516 951 544 999; x_wconf 90' lang='lat' dir='ltr'><strong>ct</strong></span> <span class='ocrx_word' id='word_1_59' title='bbox 561 945 671 1002; x_wconf 85' lang='lat' dir='ltr'><strong>allicere</strong></span> <span class='ocrx_word' id='word_1_60' title='bbox 682 946 710 1001; x_wconf 92' lang='lat' dir='ltr'><strong>id</strong></span> <span class='ocrx_word' id='word_1_61' title='bbox 723 955 826 1015; x_wconf 82' lang='lat' dir='ltr'><strong>posset,</strong></span> <span class='ocrx_word' id='word_1_62' title='bbox 845 949 918 1017; x_wconf 92' lang='lat' dir='ltr'><strong>quod</strong></span> <span class='ocrx_word' id='word_1_63' title='bbox 936 955 974 1012; x_wconf 86' lang='lat' dir='ltr'><strong>tu,</strong></span> <span class='ocrx_word' id='word_1_64' title='bbox 993 958 1059 1006; x_wconf 90' lang='lat' dir='ltr'><strong>tunc</strong></span> <span class='ocrx_word' id='word_1_65' title='bbox 1071 950 1167 1007; x_wconf 88' lang='lat' dir='ltr'><strong>merito</strong></span> <span class='ocrx_word' id='word_1_66' title='bbox 1185 951 1330 1021; x_wconf 80' lang='lat' dir='ltr'><strong>invideret3</strong></span> <span class='ocrx_word' id='word_1_67' title='bbox 1349 957 1379 1007; x_wconf 92' lang='lat' dir='ltr'><strong>tu</strong></span> <span class='ocrx_word' id='word_1_68' title='bbox 1392 959 1483 1007; x_wconf 88' lang='lat' dir='ltr'><strong>autem</strong></span> <span class='ocrx_word' id='word_1_69' title='bbox 1500 953 1528 1006; x_wconf 92' lang='lat' dir='ltr'><strong>in</strong></span> <span class='ocrx_word' id='word_1_70' title='bbox 1541 969 1601 1022; x_wconf 89' lang='lat' dir='ltr'><strong>pro·</strong></span> 
     </span>
     <span class='ocr_line' id='line_1_7' title="bbox 245 1031 1602 1108; baseline 0.008 -24"><span class='ocrx_word' id='word_1_71' title='bbox 245 1031 335 1100; x_wconf 87' lang='lat' dir='ltr'><strong>posito</strong></span> <span class='ocrx_word' id='word_1_72' title='bbox 353 1047 466 1102; x_wconf 86' lang='lat' dir='ltr'><strong>pergas,</strong></span> <span class='ocrx_word' id='word_1_73' title='bbox 491 1039 631 1088; x_wconf 89' lang='lat' dir='ltr'><strong>aeternnm</strong></span> <span class='ocrx_word' id='word_1_74' title='bbox 655 1033 705 1088; x_wconf 89' lang='lat' dir='ltr'><strong>tibi</strong></span> <span class='ocrx_word' id='word_1_75' title='bbox 729 1034 899 1104; x_wconf 88' lang='lat' dir='ltr'><strong>comparabis</strong></span> <span class='ocrx_word' id='word_1_76' title='bbox 924 1051 1031 1094; x_wconf 88' lang='lat' dir='ltr'><strong>nomen.</strong></span> <span class='ocrx_word' id='word_1_77' title='bbox 1067 1037 1110 1092; x_wconf 88' lang='lat' dir='ltr'><strong>De</strong></span> <span class='ocrx_word' id='word_1_78' title='bbox 1133 1053 1163 1093; x_wconf 87' lang='lat' dir='ltr'><strong>se</strong></span> <span class='ocrx_word' id='word_1_79' title='bbox 1184 1038 1246 1107; x_wconf 92' lang='lat' dir='ltr'><strong>ipso</strong></span> <span class='ocrx_word' id='word_1_80' title='bbox 1268 1038 1366 1108; x_wconf 80' lang='lat' dir='ltr'><strong>refert,</strong></span> <span class='ocrx_word' id='word_1_81' title='bbox 1393 1055 1422 1094; x_wconf 90' lang='lat' dir='ltr'><strong>ae</strong></span> <span class='ocrx_word' id='word_1_82' title='bbox 1444 1038 1602 1095; x_wconf 85' lang='lat' dir='ltr'><strong>librationes</strong></span> 
     </span>
     <span class='ocr_line' id='line_1_8' title="bbox 246 1119 1602 1190; baseline 0.005 -16"><span class='ocrx_word' id='word_1_83' title='bbox 246 1135 378 1188; x_wconf 82' lang='lat' dir='ltr'><strong>aquarum</strong></span> <span class='ocrx_word' id='word_1_84' title='bbox 395 1120 508 1176; x_wconf 84' lang='lat' dir='ltr'><strong>llarilae</strong></span> <span class='ocrx_word' id='word_1_85' title='bbox 527 1127 555 1176; x_wconf 89' lang='lat' dir='ltr'><strong>et</strong></span> <span class='ocrx_word' id='word_1_86' title='bbox 572 1119 693 1190; x_wconf 88' lang='lat' dir='ltr'><strong>Oderae,</strong></span> <span class='ocrx_word' id='word_1_87' title='bbox 718 1138 787 1190; x_wconf 91' lang='lat' dir='ltr'><strong>qnos</strong></span> <span class='ocrx_word' id='word_1_88' title='bbox 805 1121 903 1179; x_wconf 80' lang='lat' dir='ltr'><strong>fluvios</strong></span> <span class='ocrx_word' id='word_1_89' title='bbox 921 1123 1122 1181; x_wconf 80' lang='lat' dir='ltr'><strong>connectendas</strong></span> <span class='ocrx_word' id='word_1_90' title='bbox 1146 1126 1273 1181; x_wconf 88' lang='lat' dir='ltr'><strong>statuerit</strong></span> <span class='ocrx_word' id='word_1_91' title='bbox 1295 1125 1397 1181; x_wconf 84' lang='lat' dir='ltr'><strong>elector</strong></span> <span class='ocrx_word' id='word_1_92' title='bbox 1413 1126 1602 1181; x_wconf 84' lang='lat' dir='ltr'><strong>Brundenbnr·</strong></span> 
     </span>
     <span class='ocr_line' id='line_1_9' title="bbox 247 1207 1603 1284; baseline 0.006 -24"><span class='ocrx_word' id='word_1_93' title='bbox 247 1209 346 1278; x_wconf 88' lang='lat' dir='ltr'><strong>gensis,</strong></span> <span class='ocrx_word' id='word_1_94' title='bbox 361 1208 526 1278; x_wconf 86' lang='lat' dir='ltr'><strong>instituisse;</strong></span> <span class='ocrx_word' id='word_1_95' title='bbox 549 1207 625 1279; x_wconf 88' lang='lat' dir='ltr'><strong>iungi</strong></span> <span class='ocrx_word' id='word_1_96' title='bbox 643 1225 673 1265; x_wconf 89' lang='lat' dir='ltr'><strong>se</strong></span> <span class='ocrx_word' id='word_1_97' title='bbox 691 1211 831 1266; x_wconf 85' lang='lat' dir='ltr'><strong>architecti</strong></span> <span class='ocrx_word' id='word_1_98' title='bbox 849 1218 877 1266; x_wconf 91' lang='lat' dir='ltr'><strong>et</strong></span> <span class='ocrx_word' id='word_1_99' title='bbox 894 1212 996 1267; x_wconf 87' lang='lat' dir='ltr'><strong>tribuni</strong></span> <span class='ocrx_word' id='word_1_100' title='bbox 1014 1213 1111 1268; x_wconf 88' lang='lat' dir='ltr'><strong>aerarii</strong></span> <span class='ocrx_word' id='word_1_101' title='bbox 1129 1229 1240 1270; x_wconf 88' lang='lat' dir='ltr'><strong>munere</strong></span> <span class='ocrx_word' id='word_1_102' title='bbox 1257 1214 1286 1267; x_wconf 93' lang='lat' dir='ltr'><strong>in</strong></span> <span class='ocrx_word' id='word_1_103' title='bbox 1305 1213 1357 1269; x_wconf 91' lang='lat' dir='ltr'><strong>hoc</strong></span> <span class='ocrx_word' id='word_1_104' title='bbox 1374 1213 1497 1284; x_wconf 87' lang='lat' dir='ltr'><strong>negotio,</strong></span> <span class='ocrx_word' id='word_1_105' title='bbox 1523 1213 1603 1268; x_wconf 90' lang='lat' dir='ltr'><strong>simul</strong></span> 
     </span>
     <span class='ocr_line' id='line_1_10' title="bbox 246 1293 1319 1371; baseline 0.006 -21"><span class='ocrx_word' id='word_1_106' title='bbox 246 1294 274 1350; x_wconf 87' lang='lat' dir='ltr'><strong>iu</strong></span> <span class='ocrx_word' id='word_1_107' title='bbox 293 1293 388 1351; x_wconf 86' lang='lat' dir='ltr'><strong>schola</strong></span> <span class='ocrx_word' id='word_1_108' title='bbox 407 1296 502 1360; x_wconf 87' lang='lat' dir='ltr'><strong>,Nora</strong></span> <span class='ocrx_word' id='word_1_109' title='bbox 518 1294 597 1352; x_wconf 88' lang='lat' dir='ltr'><strong>Valle</strong></span> <span class='ocrx_word' id='word_1_110' title='bbox 615 1297 799 1354; x_wconf 84' lang='lat' dir='ltr'><strong>doschimica“</strong></span> <span class='ocrx_word' id='word_1_111' title='bbox 818 1299 1002 1369; x_wconf 80' lang='lat' dir='ltr'><strong>professorem</strong></span> <span class='ocrx_word' id='word_1_112' title='bbox 1019 1301 1214 1364; x_wconf 76' lang='lat' dir='ltr'><strong>mathomatum,</strong></span> <span class='ocrx_word' id='word_1_113' title='bbox 1231 1317 1319 1371; x_wconf 87' lang='lat' dir='ltr'><strong>agere.</strong></span> 
     </span>
    </p>
   </div>
   <div class='ocr_carea' id='block_1_3' title="bbox 248 1390 1603 1642">
    <p class='ocr_par' dir='ltr' id='par_1_3' title="bbox 248 1390 1603 1642">
     <span class='ocr_line' id='line_1_11' title="bbox 350 1390 1603 1467; baseline 0.004 -20"><span class='ocrx_word' id='word_1_114' title='bbox 350 1392 493 1462; x_wconf 80' lang='lat' dir='ltr'><strong>Epistulae</strong></span> <span class='ocrx_word' id='word_1_115' title='bbox 510 1390 623 1462; x_wconf 88' lang='lat' dir='ltr'><strong>Kepleri</strong></span> <span class='ocrx_word' id='word_1_116' title='bbox 642 1399 670 1447; x_wconf 90' lang='lat' dir='ltr'><strong>et</strong></span> <span class='ocrx_word' id='word_1_117' title='bbox 688 1393 836 1462; x_wconf 86' lang='lat' dir='ltr'><strong>Brenggeri</strong></span> <span class='ocrx_word' id='word_1_118' title='bbox 855 1401 966 1452; x_wconf 87' lang='lat' dir='ltr'><strong>mutuas</strong></span> <span class='ocrx_word' id='word_1_119' title='bbox 984 1396 1036 1452; x_wconf 91' lang='lat' dir='ltr'><strong>hoc</strong></span> <span class='ocrx_word' id='word_1_120' title='bbox 1058 1401 1129 1451; x_wconf 81' lang='lat' dir='ltr'><strong>anno</strong></span> <span class='ocrx_word' id='word_1_121' title='bbox 1148 1397 1266 1467; x_wconf 83' lang='lat' dir='ltr'><strong>scriptae</strong></span> <span class='ocrx_word' id='word_1_122' title='bbox 1284 1396 1402 1450; x_wconf 82' lang='lat' dir='ltr'><strong>maxima</strong></span> <span class='ocrx_word' id='word_1_123' title='bbox 1420 1411 1454 1450; x_wconf 84' lang='lat' dir='ltr'><strong>cx</strong></span> <span class='ocrx_word' id='word_1_124' title='bbox 1472 1402 1550 1465; x_wconf 84' lang='lat' dir='ltr'><strong>parts</strong></span> <span class='ocrx_word' id='word_1_125' title='bbox 1569 1395 1603 1452; x_wconf 87' lang='lat' dir='ltr'><strong>de</strong></span> 
     </span>
     <span class='ocr_line' id='line_1_12' title="bbox 248 1478 1601 1556; baseline 0.001 -22"><span class='ocrx_word' id='word_1_126' title='bbox 248 1479 339 1549; x_wconf 87' lang='lat' dir='ltr'><strong>optica</strong></span> <span class='ocrx_word' id='word_1_127' title='bbox 357 1485 397 1542; x_wconf 87' lang='lat' dir='ltr'><strong>(il.</strong></span> <span class='ocrx_word' id='word_1_128' title='bbox 419 1485 452 1533; x_wconf 80' lang='lat'><strong>60</strong></span> <span class='ocrx_word' id='word_1_129' title='bbox 468 1485 528 1550; x_wconf 79' lang='lat' dir='ltr'><strong>sa),</strong></span> <span class='ocrx_word' id='word_1_130' title='bbox 554 1478 589 1535; x_wconf 90' lang='lat' dir='ltr'><strong>do</strong></span> <span class='ocrx_word' id='word_1_131' title='bbox 615 1481 728 1535; x_wconf 89' lang='lat' dir='ltr'><strong>cometis</strong></span> <span class='ocrx_word' id='word_1_132' title='bbox 747 1483 814 1552; x_wconf 81' lang='lat' dir='ltr'><strong>(vll.</strong></span> <span class='ocrx_word' id='word_1_133' title='bbox 836 1487 878 1544; x_wconf 78' lang='lat'><strong>12)</strong></span> <span class='ocrx_word' id='word_1_134' title='bbox 901 1489 929 1536; x_wconf 90' lang='lat' dir='ltr'><strong>et</strong></span> <span class='ocrx_word' id='word_1_135' title='bbox 953 1483 1118 1539; x_wconf 87' lang='lat' dir='ltr'><strong>harmonicis</strong></span> <span class='ocrx_word' id='word_1_136' title='bbox 1142 1483 1295 1540; x_wconf 88' lang='lat' dir='ltr'><strong>rationibus</strong></span> <span class='ocrx_word' id='word_1_137' title='bbox 1311 1489 1396 1552; x_wconf 89' lang='lat' dir='ltr'><strong>agunt</strong></span> <span class='ocrx_word' id='word_1_138' title='bbox 1414 1487 1457 1556; x_wconf 85' lang='lat'><strong>(11.</strong></span> <span class='ocrx_word' id='word_1_139' title='bbox 1478 1489 1527 1538; x_wconf 78' lang='grc' dir='ltr'><strong>ιιι</strong></span> <span class='ocrx_word' id='word_1_140' title='bbox 1548 1483 1601 1551; x_wconf 76' lang='grc' dir='ltr'>ιι).</span> 
     </span>
     <span class='ocr_line' id='line_1_13' title="bbox 248 1565 1144 1642; baseline 0.004 -20"><span class='ocrx_word' id='word_1_141' title='bbox 248 1568 272 1622; x_wconf 85' lang='grc' dir='ltr'>Ε</span> <span class='ocrx_word' id='word_1_142' title='bbox 291 1567 402 1636; x_wconf 88' lang='lat' dir='ltr'><strong>Kopleri</strong></span> <span class='ocrx_word' id='word_1_143' title='bbox 419 1566 599 1637; x_wconf 82' lang='lat' dir='ltr'><strong>responsione</strong></span> <span class='ocrx_word' id='word_1_144' title='bbox 616 1565 657 1642; x_wconf 92' lang='lat' dir='ltr'><strong>(d.</strong></span> <span class='ocrx_word' id='word_1_145' title='bbox 676 1568 702 1626; x_wconf 90' lang='lat' dir='ltr'><strong>d.</strong></span> <span class='ocrx_word' id='word_1_146' title='bbox 723 1571 746 1624; x_wconf 79' lang='lat'><strong>5.</strong></span> <span class='ocrx_word' id='word_1_147' title='bbox 765 1569 846 1640; x_wconf 87' lang='lat' dir='ltr'><strong>Apr.)</strong></span> <span class='ocrx_word' id='word_1_148' title='bbox 865 1571 935 1626; x_wconf 86' lang='lat' dir='ltr'><strong>haec</strong></span> <span class='ocrx_word' id='word_1_149' title='bbox 953 1569 1144 1627; x_wconf 87' lang='lat' dir='ltr'><strong>desumsimus.</strong></span> 
     </span>
    </p>
   </div>
   <div class='ocr_carea' id='block_1_4' title="bbox 248 1657 1605 2004">
    <p class='ocr_par' dir='ltr' id='par_1_4' title="bbox 248 1657 1605 2004">
     <span class='ocr_line' id='line_1_14' title="bbox 353 1657 1603 1738; baseline 0.002 -20"><span class='ocrx_word' id='word_1_150' title='bbox 353 1657 448 1720; x_wconf 84' lang='lat' dir='ltr'><strong>Credo</strong></span> <span class='ocrx_word' id='word_1_151' title='bbox 471 1677 552 1732; x_wconf 90' lang='lat' dir='ltr'><strong>sane,</strong></span> <span class='ocrx_word' id='word_1_152' title='bbox 577 1677 679 1720; x_wconf 90' lang='lat' dir='ltr'><strong>verum</strong></span> <span class='ocrx_word' id='word_1_153' title='bbox 702 1677 767 1721; x_wconf 88' lang='lat' dir='ltr'><strong>esse</strong></span> <span class='ocrx_word' id='word_1_154' title='bbox 792 1662 871 1738; x_wconf 93' lang='lat' dir='ltr'><strong>quod</strong></span> <span class='ocrx_word' id='word_1_155' title='bbox 893 1663 1006 1738; x_wconf 89' lang='lat' dir='ltr'><strong>scribis,</strong></span> <span class='ocrx_word' id='word_1_156' title='bbox 1030 1665 1124 1724; x_wconf 87' lang='lat' dir='ltr'><strong>teneri</strong></span> <span class='ocrx_word' id='word_1_157' title='bbox 1146 1671 1175 1724; x_wconf 92' lang='lat' dir='ltr'><strong>te</strong></span> <span class='ocrx_word' id='word_1_158' title='bbox 1198 1663 1344 1725; x_wconf 89' lang='lat' dir='ltr'><strong>desiderio</strong></span> <span class='ocrx_word' id='word_1_159' title='bbox 1367 1660 1603 1722; x_wconf 84' lang='lat' dir='ltr'><strong>Commentario-</strong></span> 
     </span>
     <span class='ocr_line' id='line_1_15' title="bbox 248 1746 1604 1829; baseline 0.002 -23"><span class='ocrx_word' id='word_1_160' title='bbox 248 1765 313 1808; x_wconf 87' lang='lat' dir='ltr'><strong>rum</strong></span> <span class='ocrx_word' id='word_1_161' title='bbox 336 1747 373 1808; x_wconf 88' lang='lat' dir='ltr'><strong>de</strong></span> <span class='ocrx_word' id='word_1_162' title='bbox 396 1747 524 1808; x_wconf 90' lang='lat' dir='ltr'><strong>motibus</strong></span> <span class='ocrx_word' id='word_1_163' title='bbox 548 1746 663 1808; x_wconf 83' lang='lat' dir='ltr'><strong>Martis.</strong></span> <span class='ocrx_word' id='word_1_164' title='bbox 708 1747 778 1808; x_wconf 76' lang='lat' dir='ltr'><strong>dam</strong></span> <span class='ocrx_word' id='word_1_165' title='bbox 801 1750 847 1809; x_wconf 93' lang='lat' dir='ltr'><strong>bis</strong></span> <span class='ocrx_word' id='word_1_166' title='bbox 870 1754 946 1810; x_wconf 90' lang='lat' dir='ltr'><strong>enim</strong></span> <span class='ocrx_word' id='word_1_167' title='bbox 968 1753 1081 1829; x_wconf 86' lang='lat' dir='ltr'><strong>scripsi,</strong></span> <span class='ocrx_word' id='word_1_168' title='bbox 1104 1752 1224 1828; x_wconf 92' lang='lat' dir='ltr'><strong>publico</strong></span> <span class='ocrx_word' id='word_1_169' title='bbox 1247 1752 1366 1814; x_wconf 88' lang='lat' dir='ltr'><strong>venales</strong></span> <span class='ocrx_word' id='word_1_170' title='bbox 1388 1769 1447 1810; x_wconf 90' lang='lat' dir='ltr'><strong>non</strong></span> <span class='ocrx_word' id='word_1_171' title='bbox 1468 1751 1547 1824; x_wconf 86' lang='lat' dir='ltr'><strong>soro,</strong></span> <span class='ocrx_word' id='word_1_172' title='bbox 1572 1759 1604 1811; x_wconf 91' lang='grc' dir='ltr'><strong>ιιι</strong></span> 
     </span>
     <span class='ocr_line' id='line_1_16' title="bbox 249 1835 1604 1915; baseline 0.001 -19"><span class='ocrx_word' id='word_1_173' title='bbox 249 1853 337 1911; x_wconf 89' lang='lat' dir='ltr'><strong>vero,</strong></span> <span class='ocrx_word' id='word_1_174' title='bbox 370 1843 402 1894; x_wconf 89' lang='lat' dir='ltr'><strong>ut</strong></span> <span class='ocrx_word' id='word_1_175' title='bbox 424 1835 521 1896; x_wconf 92' lang='lat' dir='ltr'><strong>solent</strong></span> <span class='ocrx_word' id='word_1_176' title='bbox 543 1841 692 1910; x_wconf 88' lang='lat' dir='ltr'><strong>amantes,</strong></span> <span class='ocrx_word' id='word_1_177' title='bbox 725 1854 778 1914; x_wconf 91' lang='lat' dir='ltr'><strong>spe</strong></span> <span class='ocrx_word' id='word_1_178' title='bbox 807 1845 908 1898; x_wconf 88' lang='lat' dir='ltr'><strong>contra</strong></span> <span class='ocrx_word' id='word_1_179' title='bbox 931 1857 1013 1915; x_wconf 90' lang='lat' dir='ltr'><strong>spem</strong></span> <span class='ocrx_word' id='word_1_180' title='bbox 1043 1841 1231 1914; x_wconf 87' lang='lat' dir='ltr'><strong>sustentaris,</strong></span> <span class='ocrx_word' id='word_1_181' title='bbox 1263 1847 1291 1899; x_wconf 88' lang='lat' dir='ltr'><strong>ta</strong></span> <span class='ocrx_word' id='word_1_182' title='bbox 1321 1839 1387 1898; x_wconf 87' lang='lat' dir='ltr'><strong>illos</strong></span> <span class='ocrx_word' id='word_1_183' title='bbox 1409 1838 1604 1898; x_wconf 84' lang='lat' dir='ltr'><strong>Frankolurto</strong></span> 
     </span>
     <span class='ocr_line' id='line_1_17' title="bbox 250 1923 1605 2004; baseline 0 -20"><span class='ocrx_word' id='word_1_184' title='bbox 250 1931 497 2001; x_wconf 86' lang='lat' dir='ltr'><strong>comparaturum.</strong></span> <span class='ocrx_word' id='word_1_185' title='bbox 542 1923 711 2000; x_wconf 81' lang='lat' dir='ltr'><strong>Spacimina</strong></span> <span class='ocrx_word' id='word_1_186' title='bbox 743 1928 940 2001; x_wconf 83' lang='lat' dir='ltr'><strong>experientiae</strong></span> <span class='ocrx_word' id='word_1_187' title='bbox 972 1927 1007 1988; x_wconf 90' lang='lat' dir='ltr'><strong>da</strong></span> <span class='ocrx_word' id='word_1_188' title='bbox 1031 1927 1201 2003; x_wconf 79' lang='lat' dir='ltr'><strong>aspectibus</strong></span> <span class='ocrx_word' id='word_1_189' title='bbox 1230 1926 1356 2004; x_wconf 88' lang='lat' dir='ltr'><strong>plurima</strong></span> <span class='ocrx_word' id='word_1_190' title='bbox 1386 1925 1455 1986; x_wconf 88' lang='lat' dir='ltr'><strong>dare</strong></span> <span class='ocrx_word' id='word_1_191' title='bbox 1476 1943 1605 2002; x_wconf 88' lang='lat' dir='ltr'><strong>possem,</strong></span> 
     </span>
    </p>
   </div>
   <div class='ocr_carea' id='block_1_5' title="bbox 251 2009 1716 2090">
    <p class='ocr_par' dir='ltr' id='par_1_5' title="bbox 251 2009 1716 2090">
     <span class='ocr_line' id='line_1_18' title="bbox 251 2009 1716 2090; baseline 0.001 -18"><span class='ocrx_word' id='word_1_192' title='bbox 251 2012 303 2072; x_wconf 89' lang='lat' dir='ltr'><strong>sed</strong></span> <span class='ocrx_word' id='word_1_193' title='bbox 333 2028 391 2070; x_wconf 95' lang='lat' dir='ltr'><strong>non</strong></span> <span class='ocrx_word' id='word_1_194' title='bbox 421 2019 509 2072; x_wconf 82' lang='lat' dir='ltr'><strong>vacat</strong></span> <span class='ocrx_word' id='word_1_195' title='bbox 537 2009 700 2071; x_wconf 87' lang='lat' dir='ltr'><strong>describere</strong></span> <span class='ocrx_word' id='word_1_196' title='bbox 731 2013 954 2074; x_wconf 86' lang='lat' dir='ltr'><strong>observationes</strong></span> <span class='ocrx_word' id='word_1_197' title='bbox 986 2033 1076 2074; x_wconf 89' lang='lat' dir='ltr'><strong>meas.</strong></span> <span class='ocrx_word' id='word_1_198' title='bbox 1122 2013 1182 2076; x_wconf 86' lang='lat' dir='ltr'><strong>Sed</strong></span> <span class='ocrx_word' id='word_1_199' title='bbox 1213 2024 1301 2088; x_wconf 90' lang='lat' dir='ltr'><strong>nota,</strong></span> <span class='ocrx_word' id='word_1_200' title='bbox 1332 2014 1406 2073; x_wconf 90' lang='lat' dir='ltr'><strong>nihil</strong></span> <span class='ocrx_word' id='word_1_201' title='bbox 1435 2014 1605 2090; x_wconf 88' lang='lat' dir='ltr'><strong>aspectibus</strong></span> <span class='ocrx_word' id='word_1_202' title='bbox 1713 2074 1716 2082; x_wconf 72' lang='grc'><strong>,</strong></span> 
     </span>
    </p>
   </div>
   <div class='ocr_carea' id='block_1_6' title="bbox 250 2100 1606 2442">
    <p class='ocr_par' dir='ltr' id='par_1_6' title="bbox 250 2100 1606 2442">
     <span class='ocr_line' id='line_1_19' title="bbox 252 2100 1603 2180; baseline 0.001 -20"><span class='ocrx_word' id='word_1_203' title='bbox 252 2100 359 2174; x_wconf 89' lang='lat' dir='ltr'><strong>tribuo,</strong></span> <span class='ocrx_word' id='word_1_204' title='bbox 383 2101 442 2158; x_wconf 90' lang='lat' dir='ltr'><strong>nisi</strong></span> <span class='ocrx_word' id='word_1_205' title='bbox 464 2102 493 2158; x_wconf 89' lang='lat' dir='ltr'><strong>in</strong></span> <span class='ocrx_word' id='word_1_206' title='bbox 515 2115 622 2176; x_wconf 88' lang='lat' dir='ltr'><strong>genere</strong></span> <span class='ocrx_word' id='word_1_207' title='bbox 645 2103 947 2162; x_wconf 90' lang='lat' dir='ltr'><strong>commotionem</strong></span> <span class='ocrx_word' id='word_1_208' title='bbox 969 2111 1100 2176; x_wconf 89' lang='lat' dir='ltr'><strong>naturae,</strong></span> <span class='ocrx_word' id='word_1_209' title='bbox 1125 2121 1201 2179; x_wconf 90' lang='lat' dir='ltr'><strong>quae</strong></span> <span class='ocrx_word' id='word_1_210' title='bbox 1224 2105 1319 2180; x_wconf 89' lang='lat' dir='ltr'><strong>gignit</strong></span> <span class='ocrx_word' id='word_1_211' title='bbox 1342 2109 1472 2161; x_wconf 90' lang='lat' dir='ltr'><strong>meteora</strong></span> <span class='ocrx_word' id='word_1_212' title='bbox 1473 2143 1603 2162; x_wconf 87' lang='grc'><strong>......</strong></span> 
     </span>
     <span class='ocr_line' id='line_1_20' title="bbox 251 2186 1605 2268; baseline -0.001 -20"><span class='ocrx_word' id='word_1_213' title='bbox 251 2187 372 2248; x_wconf 87' lang='lat' dir='ltr'><strong>Summa</strong></span> <span class='ocrx_word' id='word_1_214' title='bbox 394 2205 526 2247; x_wconf 90' lang='lat' dir='ltr'><strong>mearum</strong></span> <span class='ocrx_word' id='word_1_215' title='bbox 547 2186 783 2264; x_wconf 84' lang='lat' dir='ltr'><strong>speculationum</strong></span> <span class='ocrx_word' id='word_1_216' title='bbox 806 2188 880 2248; x_wconf 91' lang='lat' dir='ltr'><strong>haec</strong></span> <span class='ocrx_word' id='word_1_217' title='bbox 903 2198 964 2248; x_wconf 90' lang='lat' dir='ltr'><strong>est:</strong></span> <span class='ocrx_word' id='word_1_218' title='bbox 987 2192 1117 2250; x_wconf 83' lang='lat' dir='ltr'><strong>musicae</strong></span> <span class='ocrx_word' id='word_1_219' title='bbox 1141 2201 1170 2250; x_wconf 87' lang='lat' dir='ltr'><strong>et</strong></span> <span class='ocrx_word' id='word_1_220' title='bbox 1186 2192 1354 2268; x_wconf 85' lang='lat' dir='ltr'><strong>aspectibus</strong></span> <span class='ocrx_word' id='word_1_221' title='bbox 1369 2189 1427 2250; x_wconf 91' lang='lat' dir='ltr'><strong>hoc</strong></span> <span class='ocrx_word' id='word_1_222' title='bbox 1442 2207 1508 2250; x_wconf 89' lang='lat' dir='ltr'><strong>esse</strong></span> <span class='ocrx_word' id='word_1_223' title='bbox 1523 2205 1605 2248; x_wconf 88' lang='lat' dir='ltr'><strong>corn-</strong></span> 
     </span>
     <span class='ocr_line' id='line_1_21' title="bbox 251 2275 1606 2354; baseline 0.003 -22"><span class='ocrx_word' id='word_1_224' title='bbox 251 2292 355 2348; x_wconf 89' lang='lat' dir='ltr'><strong>mune,</strong></span> <span class='ocrx_word' id='word_1_225' title='bbox 378 2275 458 2352; x_wconf 90' lang='lat' dir='ltr'><strong>quod</strong></span> <span class='ocrx_word' id='word_1_226' title='bbox 482 2282 514 2334; x_wconf 91' lang='lat' dir='ltr'><strong>nt</strong></span> <span class='ocrx_word' id='word_1_227' title='bbox 537 2292 671 2351; x_wconf 90' lang='lat' dir='ltr'><strong>quaeque</strong></span> <span class='ocrx_word' id='word_1_228' title='bbox 695 2292 762 2351; x_wconf 90' lang='lat' dir='ltr'><strong>pars</strong></span> <span class='ocrx_word' id='word_1_229' title='bbox 785 2278 885 2336; x_wconf 88' lang='lat' dir='ltr'><strong>circuli</strong></span> <span class='ocrx_word' id='word_1_230' title='bbox 908 2281 1170 2354; x_wconf 72' lang='lat' dir='ltr'><strong>geometricoteroe</strong></span> <span class='ocrx_word' id='word_1_231' title='bbox 1192 2286 1324 2352; x_wconf 83' lang='lat' dir='ltr'><strong>secatur,</strong></span> <span class='ocrx_word' id='word_1_232' title='bbox 1355 2279 1398 2337; x_wconf 90' lang='lat' dir='ltr'><strong>sic</strong></span> <span class='ocrx_word' id='word_1_233' title='bbox 1421 2283 1606 2336; x_wconf 82' lang='lat' dir='ltr'><strong>straturam</strong></span> 
     </span>
     <span class='ocr_line' id='line_1_22' title="bbox 250 2363 1606 2442; baseline 0 -20"><span class='ocrx_word' id='word_1_234' title='bbox 250 2363 383 2422; x_wconf 89' lang='lat' dir='ltr'><strong>stimulat</strong></span> <span class='ocrx_word' id='word_1_235' title='bbox 404 2364 508 2423; x_wconf 83' lang='lat' dir='ltr'><strong>lortius</strong></span> <span class='ocrx_word' id='word_1_236' title='bbox 531 2371 682 2442; x_wconf 88' lang='lat' dir='ltr'><strong>aspectum</strong></span> <span class='ocrx_word' id='word_1_237' title='bbox 705 2363 906 2442; x_wconf 77' lang='lat' dir='ltr'><strong>conformans,</strong></span> <span class='ocrx_word' id='word_1_238' title='bbox 938 2373 967 2425; x_wconf 89' lang='grc' dir='ltr'><strong>ιι</strong></span> <span class='ocrx_word' id='word_1_239' title='bbox 990 2383 1075 2426; x_wconf 85' lang='lat' dir='ltr'><strong>aures</strong></span> <span class='ocrx_word' id='word_1_240' title='bbox 1098 2373 1198 2426; x_wconf 87' lang='lat' dir='ltr'><strong>movet</strong></span> <span class='ocrx_word' id='word_1_241' title='bbox 1221 2364 1401 2440; x_wconf 86' lang='lat' dir='ltr'><strong>evidentius,</strong></span> <span class='ocrx_word' id='word_1_242' title='bbox 1425 2363 1606 2424; x_wconf 88' lang='lat' dir='ltr'><strong>harmoniam</strong></span> 
     </span>
    </p>
   </div>
   <div class='ocr_carea' id='block_1_7' title="bbox 142 2454 442 2512">
    <p class='ocr_par' dir='ltr' id='par_1_7' title="bbox 142 2454 442 2512">
     <span class='ocr_line' id='line_1_23' title="bbox 142 2454 442 2512; baseline -0.007 0"><span class='ocrx_word' id='word_1_243' title='bbox 142 2489 144 2495; x_wconf 71' lang='lat'><strong>,</strong></span> <span class='ocrx_word' id='word_1_244' title='bbox 252 2454 442 2512; x_wconf 88' lang='lat' dir='ltr'><strong>constituens.</strong></span> 
     </span>
    </p>
   </div>
   <div class='ocr_carea' id='block_1_8' title="bbox 170 2557 1613 3070">
    <p class='ocr_par' dir='ltr' id='par_1_8' title="bbox 170 2557 1613 3070">
     <span class='ocr_line' id='line_1_24' title="bbox 357 2557 1608 2632; baseline 0 -16"><span class='ocrx_word' id='word_1_245' title='bbox 357 2560 574 2630; x_wconf 90' lang='lat' dir='ltr'><strong>Responsionem</strong></span> <span class='ocrx_word' id='word_1_246' title='bbox 592 2557 706 2628; x_wconf 85' lang='lat' dir='ltr'><strong>Kepleri</strong></span> <span class='ocrx_word' id='word_1_247' title='bbox 725 2558 760 2612; x_wconf 90' lang='lat' dir='ltr'><strong>ad</strong></span> <span class='ocrx_word' id='word_1_248' title='bbox 779 2561 967 2628; x_wconf 90' lang='lat' dir='ltr'><strong>quaestionem</strong></span> <span class='ocrx_word' id='word_1_249' title='bbox 984 2561 1104 2632; x_wconf 85' lang='lat' dir='ltr'><strong>pastoris</strong></span> <span class='ocrx_word' id='word_1_250' title='bbox 1122 2561 1278 2618; x_wconf 83' lang='lat' dir='ltr'><strong>Eichleri</strong></span> <span class='ocrx_word' id='word_1_251' title='bbox 1296 2560 1333 2630; x_wconf 81' lang='lat' dir='ltr'><strong>(d.</strong></span> <span class='ocrx_word' id='word_1_252' title='bbox 1351 2561 1376 2616; x_wconf 79' lang='lat' dir='ltr'><strong>l.</strong></span> <span class='ocrx_word' id='word_1_253' title='bbox 1395 2561 1470 2631; x_wconf 83' lang='lat' dir='ltr'><strong>dan.)</strong></span> <span class='ocrx_word' id='word_1_254' title='bbox 1495 2559 1529 2616; x_wconf 89' lang='lat' dir='ltr'><strong>de</strong></span> <span class='ocrx_word' id='word_1_255' title='bbox 1548 2560 1608 2616; x_wconf 88' lang='lat' dir='ltr'><strong>loco</strong></span> 
     </span>
     <span class='ocr_line' id='line_1_25' title="bbox 251 2645 1608 2717; baseline -0.006 -7"><span class='ocrx_word' id='word_1_256' title='bbox 251 2657 417 2710; x_wconf 85' lang='lat' dir='ltr'><strong>cometarum</strong></span> <span class='ocrx_word' id='word_1_257' title='bbox 440 2655 468 2703; x_wconf 93' lang='lat' dir='ltr'><strong>et</strong></span> <span class='ocrx_word' id='word_1_258' title='bbox 491 2646 552 2702; x_wconf 89' lang='lat' dir='ltr'><strong>aliis</strong></span> <span class='ocrx_word' id='word_1_259' title='bbox 577 2645 638 2702; x_wconf 84' lang='lat' dir='ltr'><strong>ride</strong></span> <span class='ocrx_word' id='word_1_260' title='bbox 661 2645 714 2704; x_wconf 80' lang='lat' dir='ltr'><strong>vol.</strong></span> <span class='ocrx_word' id='word_1_261' title='bbox 734 2647 770 2702; x_wconf 92' lang='lat' dir='ltr'><strong>ll.</strong></span> <span class='ocrx_word' id='word_1_262' title='bbox 794 2664 822 2717; x_wconf 88' lang='lat' dir='ltr'><strong>p.</strong></span> <span class='ocrx_word' id='word_1_263' title='bbox 840 2649 901 2704; x_wconf 87' lang='grc'>831.</span> <span class='ocrx_word' id='word_1_264' title='bbox 943 2648 974 2703; x_wconf 93' lang='lat' dir='ltr'><strong>ln</strong></span> <span class='ocrx_word' id='word_1_265' title='bbox 999 2647 1084 2704; x_wconf 89' lang='lat' dir='ltr'><strong>literis</strong></span> <span class='ocrx_word' id='word_1_266' title='bbox 1111 2649 1146 2704; x_wconf 90' lang='lat' dir='ltr'><strong>ad</strong></span> <span class='ocrx_word' id='word_1_267' title='bbox 1171 2649 1189 2703; x_wconf 91' lang='lat' dir='ltr'><strong>J</strong></span> <span class='ocrx_word' id='word_1_268' title='bbox 1198 2649 1391 2706; x_wconf 80' lang='lat' dir='ltr'><strong>cachinnum</strong></span> <span class='ocrx_word' id='word_1_269' title='bbox 1417 2647 1608 2705; x_wconf 81' lang='lat' dir='ltr'><strong>Tancltinm</strong></span> 
     </span>
     <span class='ocr_line' id='line_1_26' title="bbox 252 2735 1610 2810; baseline -0.005 -14"><span class='ocrx_word' id='word_1_270' title='bbox 252 2739 331 2804; x_wconf 87' lang='lat' dir='ltr'><strong>datis,</strong></span> <span class='ocrx_word' id='word_1_271' title='bbox 355 2751 427 2808; x_wconf 88' lang='lat' dir='ltr'><strong>quae</strong></span> <span class='ocrx_word' id='word_1_272' title='bbox 446 2735 564 2790; x_wconf 88' lang='lat' dir='ltr'><strong>maxima</strong></span> <span class='ocrx_word' id='word_1_273' title='bbox 582 2749 616 2787; x_wconf 86' lang='lat' dir='ltr'><strong>ex</strong></span> <span class='ocrx_word' id='word_1_274' title='bbox 634 2739 712 2804; x_wconf 86' lang='lat' dir='ltr'><strong>parte</strong></span> <span class='ocrx_word' id='word_1_275' title='bbox 730 2735 889 2792; x_wconf 88' lang='lat' dir='ltr'><strong>harmonica</strong></span> <span class='ocrx_word' id='word_1_276' title='bbox 905 2741 1025 2792; x_wconf 90' lang='lat' dir='ltr'><strong>tractant</strong></span> <span class='ocrx_word' id='word_1_277' title='bbox 1043 2739 1074 2806; x_wconf 85' lang='grc' dir='ltr'><strong>(Ι.</strong></span> <span class='ocrx_word' id='word_1_278' title='bbox 1093 2741 1143 2791; x_wconf 81' lang='grc'><strong>375</strong></span> <span class='ocrx_word' id='word_1_279' title='bbox 1157 2741 1217 2810; x_wconf 80' lang='grc' dir='ltr'>ιι),</span> <span class='ocrx_word' id='word_1_280' title='bbox 1244 2737 1329 2793; x_wconf 83' lang='lat' dir='ltr'><strong>refert</strong></span> <span class='ocrx_word' id='word_1_281' title='bbox 1342 2737 1496 2806; x_wconf 47' lang='lat' dir='ltr'><strong>,Keplerus,</strong></span> <span class='ocrx_word' id='word_1_282' title='bbox 1515 2735 1610 2790; x_wconf 87' lang='lat' dir='ltr'><strong>ludere</strong></span> 
     </span>
     <span class='ocr_line' id='line_1_27' title="bbox 251 2821 1611 2896; baseline -0.002 -15"><span class='ocrx_word' id='word_1_283' title='bbox 251 2841 281 2882; x_wconf 88' lang='lat' dir='ltr'><strong>se</strong></span> <span class='ocrx_word' id='word_1_284' title='bbox 303 2824 432 2896; x_wconf 80' lang='lat' dir='ltr'><strong>symbolis</strong></span> <span class='ocrx_word' id='word_1_285' title='bbox 451 2830 479 2879; x_wconf 90' lang='grc' dir='ltr'><strong>ιι</strong></span> <span class='ocrx_word' id='word_1_286' title='bbox 498 2821 660 2893; x_wconf 88' lang='lat' dir='ltr'><strong>opusculum</strong></span> <span class='ocrx_word' id='word_1_287' title='bbox 679 2822 830 2878; x_wconf 86' lang='lat' dir='ltr'><strong>instituisse</strong></span> <span class='ocrx_word' id='word_1_288' title='bbox 850 2823 1000 2880; x_wconf 82' lang='lat' dir='ltr'><strong>Gabbolom</strong></span> <span class='ocrx_word' id='word_1_289' title='bbox 1020 2827 1227 2896; x_wconf 66' lang='lat' dir='ltr'><strong>peruastauit,</strong></span> <span class='ocrx_word' id='word_1_290' title='bbox 1251 2825 1285 2879; x_wconf 87' lang='lat' dir='ltr'><strong>de</strong></span> <span class='ocrx_word' id='word_1_291' title='bbox 1308 2823 1376 2880; x_wconf 88' lang='lat' dir='ltr'><strong>ideis</strong></span> <span class='ocrx_word' id='word_1_292' title='bbox 1393 2839 1483 2878; x_wconf 86' lang='lat' dir='ltr'><strong>rerum</strong></span> <span class='ocrx_word' id='word_1_293' title='bbox 1501 2830 1611 2878; x_wconf 89' lang='lat' dir='ltr'><strong>nutura·</strong></span> 
     </span>
     <span class='ocr_line' id='line_1_28' title="bbox 250 2907 1611 2980; baseline -0.004 -10"><span class='ocrx_word' id='word_1_294' title='bbox 250 2913 315 2970; x_wconf 89' lang='lat' dir='ltr'><strong>lium</strong></span> <span class='ocrx_word' id='word_1_295' title='bbox 334 2911 361 2966; x_wconf 90' lang='lat' dir='ltr'><strong>in</strong></span> <span class='ocrx_word' id='word_1_296' title='bbox 379 2909 541 2980; x_wconf 86' lang='lat' dir='ltr'><strong>geometria;</strong></span> <span class='ocrx_word' id='word_1_297' title='bbox 566 2909 633 2964; x_wconf 93' lang='lat' dir='ltr'><strong>nihil</strong></span> <span class='ocrx_word' id='word_1_298' title='bbox 652 2925 716 2964; x_wconf 86' lang='lat' dir='ltr'><strong>sero</strong></span> <span class='ocrx_word' id='word_1_299' title='bbox 735 2911 846 2980; x_wconf 89' lang='lat' dir='ltr'><strong>probari</strong></span> <span class='ocrx_word' id='word_1_300' title='bbox 864 2909 1008 2980; x_wconf 79' lang='lat' dir='ltr'><strong>symbolis,</strong></span> <span class='ocrx_word' id='word_1_301' title='bbox 1033 2913 1101 2966; x_wconf 91' lang='lat' dir='ltr'><strong>nihil</strong></span> <span class='ocrx_word' id='word_1_302' title='bbox 1121 2913 1242 2968; x_wconf 86' lang='lat' dir='ltr'><strong>abstrusi</strong></span> <span class='ocrx_word' id='word_1_303' title='bbox 1265 2913 1323 2966; x_wconf 92' lang='lat' dir='ltr'><strong>erui</strong></span> <span class='ocrx_word' id='word_1_304' title='bbox 1341 2912 1369 2965; x_wconf 91' lang='lat' dir='ltr'><strong>in</strong></span> <span class='ocrx_word' id='word_1_305' title='bbox 1387 2908 1506 2966; x_wconf 86' lang='lat' dir='ltr'><strong>naturali</strong></span> <span class='ocrx_word' id='word_1_306' title='bbox 1522 2907 1611 2978; x_wconf 89' lang='lat' dir='ltr'><strong>philo·</strong></span> 
     </span>
     <span class='ocr_line' id='line_1_29' title="bbox 170 2993 1613 3070; baseline -0.003 -15"><span class='ocrx_word' id='word_1_307' title='bbox 170 3021 172 3028; x_wconf 87' lang='grc'><em>·</em></span> <span class='ocrx_word' id='word_1_308' title='bbox 251 2993 349 3070; x_wconf 83' lang='lat' dir='ltr'><strong>sophia</strong></span> <span class='ocrx_word' id='word_1_309' title='bbox 366 3015 416 3068; x_wconf 91' lang='lat' dir='ltr'><strong>per</strong></span> <span class='ocrx_word' id='word_1_310' title='bbox 427 2996 564 3068; x_wconf 82' lang='lat' dir='ltr'><strong>symbolas</strong></span> <span class='ocrx_word' id='word_1_311' title='bbox 579 2997 767 3069; x_wconf 88' lang='lat' dir='ltr'><strong>geometricas,</strong></span> <span class='ocrx_word' id='word_1_312' title='bbox 786 3003 891 3054; x_wconf 86' lang='grc' dir='ltr'>ιιιιιιιιι</span> <span class='ocrx_word' id='word_1_313' title='bbox 910 3006 974 3054; x_wconf 89' lang='lat' dir='ltr'><strong>ante</strong></span> <span class='ocrx_word' id='word_1_314' title='bbox 987 3005 1053 3054; x_wconf 82' lang='lat' dir='ltr'><strong>nota</strong></span> <span class='ocrx_word' id='word_1_315' title='bbox 1066 2999 1264 3056; x_wconf 88' lang='lat' dir='ltr'><strong>accommodari</strong></span> <span class='ocrx_word' id='word_1_316' title='bbox 1277 3005 1329 3054; x_wconf 87' lang='lat' dir='ltr'><strong>etc.</strong></span> <span class='ocrx_word' id='word_1_317' title='bbox 1358 2997 1517 3052; x_wconf 88' lang='lat' dir='ltr'><strong>Idemiorte</strong></span> <span class='ocrx_word' id='word_1_318' title='bbox 1531 3010 1613 3064; x_wconf 88' lang='lat' dir='ltr'><strong>opus·</strong></span> 
     </span>
    </p>
   </div>
   <div class='ocr_carea' id='block_1_9' title="bbox 147 3082 1613 3160">
    <p class='ocr_par' dir='ltr' id='par_1_9' title="bbox 147 3082 1613 3160">
     <span class='ocr_line' id='line_1_30' title="bbox 147 3082 1613 3160; baseline -0.006 -14"><span class='ocrx_word' id='word_1_319' title='bbox 147 3103 149 3112; x_wconf 79' lang='grc'>’</span> <span class='ocrx_word' id='word_1_320' title='bbox 253 3090 346 3146; x_wconf 91' lang='lat' dir='ltr'><strong>culum</strong></span> <span class='ocrx_word' id='word_1_321' title='bbox 365 3089 431 3145; x_wconf 91' lang='lat' dir='ltr'><strong>dicit</strong></span> <span class='ocrx_word' id='word_1_322' title='bbox 448 3089 472 3144; x_wconf 89' lang='lat' dir='ltr'><strong>J.</strong></span> <span class='ocrx_word' id='word_1_323' title='bbox 491 3089 607 3158; x_wconf 84' lang='lat' dir='ltr'><strong>Papius,</strong></span> <span class='ocrx_word' id='word_1_324' title='bbox 625 3088 715 3158; x_wconf 88' lang='lat' dir='ltr'><strong>Aprili</strong></span> <span class='ocrx_word' id='word_1_325' title='bbox 732 3103 827 3146; x_wconf 88' lang='lat' dir='ltr'><strong>mense</strong></span> <span class='ocrx_word' id='word_1_326' title='bbox 846 3090 984 3146; x_wconf 87' lang='lat' dir='ltr'><strong>scribens:</strong></span> <span class='ocrx_word' id='word_1_327' title='bbox 1010 3089 1058 3154; x_wconf 88' lang='lat' dir='ltr'><strong>,ln</strong></span> <span class='ocrx_word' id='word_1_328' title='bbox 1076 3089 1202 3160; x_wconf 87' lang='lat' dir='ltr'><strong>catalogo</strong></span> <span class='ocrx_word' id='word_1_329' title='bbox 1221 3088 1404 3144; x_wconf 89' lang='lat' dir='ltr'><strong>nundinarum</strong></span> <span class='ocrx_word' id='word_1_330' title='bbox 1421 3084 1542 3140; x_wconf 90' lang='lat' dir='ltr'><strong>nondum</strong></span> <span class='ocrx_word' id='word_1_331' title='bbox 1559 3082 1613 3138; x_wconf 85' lang='lat' dir='ltr'><strong>vidi</strong></span> 
     </span>
    </p>
   </div>
   <div class='ocr_carea' id='block_1_10' title="bbox 174 3171 1618 4749">
    <p class='ocr_par' dir='ltr' id='par_1_10' title="bbox 252 3171 1530 3249">
     <span class='ocr_line' id='line_1_31' title="bbox 252 3171 1530 3249; baseline -0.005 -18"><span class='ocrx_word' id='word_1_332' title='bbox 252 3176 454 3249; x_wconf 84' lang='lat' dir='ltr'><strong>philosophiam</strong></span> <span class='ocrx_word' id='word_1_333' title='bbox 472 3183 549 3233; x_wconf 90' lang='lat' dir='ltr'><strong>tuam</strong></span> <span class='ocrx_word' id='word_1_334' title='bbox 568 3177 744 3248; x_wconf 82' lang='lat' dir='ltr'><strong>paradoxum,</strong></span> <span class='ocrx_word' id='word_1_335' title='bbox 764 3177 842 3246; x_wconf 71' lang='lat' dir='ltr'><strong>cnjus</strong></span> <span class='ocrx_word' id='word_1_336' title='bbox 855 3177 1015 3246; x_wconf 77' lang='lat' dir='ltr'><strong>meministi,</strong></span> <span class='ocrx_word' id='word_1_337' title='bbox 1036 3177 1124 3232; x_wconf 91' lang='lat' dir='ltr'><strong>scribe</strong></span> <span class='ocrx_word' id='word_1_338' title='bbox 1137 3191 1249 3245; x_wconf 88' lang='lat' dir='ltr'><strong>quaeso,</strong></span> <span class='ocrx_word' id='word_1_339' title='bbox 1268 3173 1315 3230; x_wconf 89' lang='lat' dir='ltr'><strong>ubi</strong></span> <span class='ocrx_word' id='word_1_340' title='bbox 1326 3175 1459 3242; x_wconf 84' lang='lat' dir='ltr'><strong>impressa</strong></span> <span class='ocrx_word' id='word_1_341' title='bbox 1470 3171 1530 3226; x_wconf 81' lang='lat' dir='ltr'><strong>sit“</strong></span> 
     </span>
    </p>

    <p class='ocr_par' dir='ltr' id='par_1_11' title="bbox 174 3266 1618 4749">
     <span class='ocr_line' id='line_1_32' title="bbox 356 3266 1612 3350; baseline -0.006 -21"><span class='ocrx_word' id='word_1_342' title='bbox 356 3273 407 3329; x_wconf 91' lang='lat' dir='ltr'><strong>Die</strong></span> <span class='ocrx_word' id='word_1_343' title='bbox 426 3277 469 3330; x_wconf 87' lang='lat'><strong>10.</strong></span> <span class='ocrx_word' id='word_1_344' title='bbox 488 3273 650 3329; x_wconf 78' lang='lat' dir='ltr'><strong>Novembris</strong></span> <span class='ocrx_word' id='word_1_345' title='bbox 668 3275 804 3345; x_wconf 84' lang='lat' dir='ltr'><strong>lleplerus</strong></span> <span class='ocrx_word' id='word_1_346' title='bbox 822 3274 867 3330; x_wconf 89' lang='lat' dir='ltr'><strong>his</strong></span> <span class='ocrx_word' id='word_1_347' title='bbox 886 3271 1272 3350; x_wconf 81' lang='lat' dir='ltr'><strong>alloquitur,Fahricium:</strong></span> <span class='ocrx_word' id='word_1_348' title='bbox 1299 3267 1413 3328; x_wconf 86' lang='lat' dir='ltr'><strong>Silentii</strong></span> <span class='ocrx_word' id='word_1_349' title='bbox 1429 3266 1486 3324; x_wconf 88' lang='lat' dir='ltr'><strong>mel</strong></span> <span class='ocrx_word' id='word_1_350' title='bbox 1503 3280 1612 3323; x_wconf 80' lang='lat' dir='ltr'><strong>causae</strong></span> 
     </span>
     <span class='ocr_line' id='line_1_33' title="bbox 252 3352 1610 3434; baseline -0.006 -17"><span class='ocrx_word' id='word_1_351' title='bbox 252 3364 321 3417; x_wconf 89' lang='lat' dir='ltr'><strong>sunt</strong></span> <span class='ocrx_word' id='word_1_352' title='bbox 343 3357 473 3432; x_wconf 87' lang='lat' dir='ltr'><strong>eaedem,</strong></span> <span class='ocrx_word' id='word_1_353' title='bbox 497 3375 574 3434; x_wconf 90' lang='lat' dir='ltr'><strong>quaa</strong></span> <span class='ocrx_word' id='word_1_354' title='bbox 597 3360 650 3417; x_wconf 88' lang='lat' dir='ltr'><strong>otii</strong></span> <span class='ocrx_word' id='word_1_355' title='bbox 674 3357 797 3422; x_wconf 83' lang='lat' dir='ltr'><strong>annalis.</strong></span> <span class='ocrx_word' id='word_1_356' title='bbox 841 3357 1017 3434; x_wconf 85' lang='lat' dir='ltr'><strong>Astrologns</strong></span> <span class='ocrx_word' id='word_1_357' title='bbox 1040 3373 1081 3430; x_wconf 90' lang='lat' dir='ltr'><strong>cs,</strong></span> <span class='ocrx_word' id='word_1_358' title='bbox 1107 3355 1207 3416; x_wconf 88' lang='lat' dir='ltr'><strong>videre</strong></span> <span class='ocrx_word' id='word_1_359' title='bbox 1229 3353 1366 3426; x_wconf 87' lang='lat' dir='ltr'><strong>debuisti,</strong></span> <span class='ocrx_word' id='word_1_360' title='bbox 1391 3352 1489 3412; x_wconf 90' lang='lat' dir='ltr'><strong>Solem</strong></span> <span class='ocrx_word' id='word_1_361' title='bbox 1513 3367 1610 3410; x_wconf 88' lang='lat' dir='ltr'><strong>meum</strong></span> 
     </span>
     <span class='ocr_line' id='line_1_34' title="bbox 254 3437 1611 3520; baseline -0.007 -14"><span class='ocrx_word' id='word_1_362' title='bbox 254 3465 273 3506; x_wconf 90' lang='lat' dir='ltr'><strong>a</strong></span> <span class='ocrx_word' id='word_1_363' title='bbox 294 3444 422 3505; x_wconf 86' lang='lat' dir='ltr'><strong>Saturno</strong></span> <span class='ocrx_word' id='word_1_364' title='bbox 446 3443 584 3520; x_wconf 89' lang='lat' dir='ltr'><strong>obsideri,</strong></span> <span class='ocrx_word' id='word_1_365' title='bbox 608 3454 640 3504; x_wconf 89' lang='lat' dir='ltr'><strong>ut</strong></span> <span class='ocrx_word' id='word_1_366' title='bbox 662 3445 698 3504; x_wconf 94' lang='lat' dir='ltr'><strong>de</strong></span> <span class='ocrx_word' id='word_1_367' title='bbox 721 3445 848 3520; x_wconf 91' lang='lat' dir='ltr'><strong>publicis</strong></span> <span class='ocrx_word' id='word_1_368' title='bbox 870 3445 956 3504; x_wconf 90' lang='lat' dir='ltr'><strong>malis</strong></span> <span class='ocrx_word' id='word_1_369' title='bbox 979 3443 1052 3503; x_wconf 94' lang='lat' dir='ltr'><strong>nihil</strong></span> <span class='ocrx_word' id='word_1_370' title='bbox 1068 3444 1172 3503; x_wconf 88' lang='lat' dir='ltr'><strong>dicam.</strong></span> <span class='ocrx_word' id='word_1_371' title='bbox 1202 3440 1369 3503; x_wconf 85' lang='lat' dir='ltr'><strong>Praecessit</strong></span> <span class='ocrx_word' id='word_1_372' title='bbox 1384 3457 1468 3500; x_wconf 89' lang='lat' dir='ltr'><strong>ornan</strong></span> <span class='ocrx_word' id='word_1_373' title='bbox 1483 3437 1611 3498; x_wconf 89' lang='lat' dir='ltr'><strong>labantis</strong></span> 
     </span>
     <span class='ocr_line' id='line_1_35' title="bbox 254 3527 1612 3606; baseline -0.007 -12"><span class='ocrx_word' id='word_1_374' title='bbox 254 3532 343 3594; x_wconf 91' lang='lat' dir='ltr'><strong>studii</strong></span> <span class='ocrx_word' id='word_1_375' title='bbox 366 3535 441 3593; x_wconf 84' lang='lat' dir='ltr'><strong>mei:</strong></span> <span class='ocrx_word' id='word_1_376' title='bbox 465 3549 542 3592; x_wconf 90' lang='lat' dir='ltr'><strong>anno</strong></span> <span class='ocrx_word' id='word_1_377' title='bbox 569 3539 661 3593; x_wconf 80' lang='lat'><strong>1607.</strong></span> <span class='ocrx_word' id='word_1_378' title='bbox 686 3537 735 3594; x_wconf 76' lang='lat'><strong>25.</strong></span> <span class='ocrx_word' id='word_1_379' title='bbox 755 3533 841 3592; x_wconf 82' lang='lat' dir='ltr'><strong>Febr.</strong></span> <span class='ocrx_word' id='word_1_380' title='bbox 864 3548 930 3592; x_wconf 91' lang='lat' dir='ltr'><strong>cum</strong></span> <span class='ocrx_word' id='word_1_381' title='bbox 952 3533 981 3590; x_wconf 93' lang='lat' dir='ltr'><strong>in</strong></span> <span class='ocrx_word' id='word_1_382' title='bbox 1004 3549 1100 3592; x_wconf 82' lang='lat' dir='ltr'><strong>arceor</strong></span> <span class='ocrx_word' id='word_1_383' title='bbox 1124 3531 1320 3591; x_wconf 88' lang='lat' dir='ltr'><strong>ascendissem</strong></span> <span class='ocrx_word' id='word_1_384' title='bbox 1344 3527 1382 3588; x_wconf 88' lang='lat' dir='ltr'><strong>ad</strong></span> <span class='ocrx_word' id='word_1_385' title='bbox 1397 3527 1498 3606; x_wconf 86' lang='lat' dir='ltr'><strong>Byrgii</strong></span> <span class='ocrx_word' id='word_1_386' title='bbox 1521 3535 1612 3586; x_wconf 87' lang='lat' dir='ltr'><strong>auto·</strong></span> 
     </span>
     <span class='ocr_line' id='line_1_36' title="bbox 253 3613 1612 3697; baseline -0.008 -15"><span class='ocrx_word' id='word_1_387' title='bbox 253 3629 435 3697; x_wconf 89' lang='lat' dir='ltr'><strong>matopoeos,</strong></span> <span class='ocrx_word' id='word_1_388' title='bbox 458 3629 614 3697; x_wconf 87' lang='lat' dir='ltr'><strong>rogaturus</strong></span> <span class='ocrx_word' id='word_1_389' title='bbox 639 3619 674 3678; x_wconf 86' lang='lat' dir='ltr'><strong>de</strong></span> <span class='ocrx_word' id='word_1_390' title='bbox 697 3628 841 3697; x_wconf 88' lang='lat' dir='ltr'><strong>apparatu</strong></span> <span class='ocrx_word' id='word_1_391' title='bbox 864 3620 902 3678; x_wconf 90' lang='lat' dir='ltr'><strong>ad</strong></span> <span class='ocrx_word' id='word_1_392' title='bbox 924 3619 1137 3696; x_wconf 89' lang='lat' dir='ltr'><strong>postridianam</strong></span> <span class='ocrx_word' id='word_1_393' title='bbox 1160 3620 1218 3694; x_wconf 83' lang='lat' dir='ltr'><strong>(uti</strong></span> <span class='ocrx_word' id='word_1_394' title='bbox 1240 3615 1457 3689; x_wconf 80' lang='lat' dir='ltr'><strong>hallucinabor)</strong></span> <span class='ocrx_word' id='word_1_395' title='bbox 1481 3613 1612 3690; x_wconf 88' lang='lat' dir='ltr'><strong>eclipsin,</strong></span> 
     </span>
     <span class='ocr_line' id='line_1_37' title="bbox 253 3700 1613 3785; baseline -0.007 -17"><span class='ocrx_word' id='word_1_396' title='bbox 253 3709 402 3769; x_wconf 88' lang='lat' dir='ltr'><strong>incidi&#39;ex</strong></span> <span class='ocrx_word' id='word_1_397' title='bbox 426 3709 586 3785; x_wconf 87' lang='lat' dir='ltr'><strong>improviso</strong></span> <span class='ocrx_word' id='word_1_398' title='bbox 610 3710 639 3765; x_wconf 92' lang='lat' dir='ltr'><strong>in</strong></span> <span class='ocrx_word' id='word_1_399' title='bbox 662 3718 835 3784; x_wconf 88' lang='lat' dir='ltr'><strong>quaerentes</strong></span> <span class='ocrx_word' id='word_1_400' title='bbox 859 3725 895 3768; x_wconf 85' lang='grc' dir='ltr'><strong>ιι</strong></span> <span class='ocrx_word' id='word_1_401' title='bbox 917 3725 978 3780; x_wconf 82' lang='lat' dir='ltr'><strong>rue,</strong></span> <span class='ocrx_word' id='word_1_402' title='bbox 1009 3725 1079 3767; x_wconf 91' lang='lat' dir='ltr'><strong>uum</strong></span> <span class='ocrx_word' id='word_1_403' title='bbox 1101 3706 1275 3766; x_wconf 87' lang='lat' dir='ltr'><strong>attenderim</strong></span> <span class='ocrx_word' id='word_1_404' title='bbox 1298 3705 1337 3766; x_wconf 89' lang='lat' dir='ltr'><strong>ad</strong></span> <span class='ocrx_word' id='word_1_405' title='bbox 1359 3701 1505 3780; x_wconf 80' lang='lat' dir='ltr'><strong>eclipsin?</strong></span> <span class='ocrx_word' id='word_1_406' title='bbox 1542 3700 1613 3761; x_wconf 89' lang='lat' dir='ltr'><strong>Jam</strong></span> 
     </span>
     <span class='ocr_line' id='line_1_38' title="bbox 256 3788 1612 3874; baseline -0.007 -16"><span class='ocrx_word' id='word_1_407' title='bbox 256 3799 333 3858; x_wconf 88' lang='lat' dir='ltr'><strong>anim</strong></span> <span class='ocrx_word' id='word_1_408' title='bbox 357 3793 410 3854; x_wconf 90' lang='lat' dir='ltr'><strong>illa</strong></span> <span class='ocrx_word' id='word_1_409' title='bbox 432 3812 467 3856; x_wconf 92' lang='lat' dir='ltr'><strong>eo</strong></span> <span class='ocrx_word' id='word_1_410' title='bbox 492 3795 538 3854; x_wconf 90' lang='lat' dir='ltr'><strong>die</strong></span> <span class='ocrx_word' id='word_1_411' title='bbox 560 3799 750 3874; x_wconf 86' lang='lat' dir='ltr'><strong>praeterierat</strong></span> <span class='ocrx_word' id='word_1_412' title='bbox 753 3839 859 3857; x_wconf 92' lang='grc'><strong>.....</strong></span> <span class='ocrx_word' id='word_1_413' title='bbox 904 3795 1098 3872; x_wconf 82' lang='lat' dir='ltr'><strong>Prognostica</strong></span> <span class='ocrx_word' id='word_1_414' title='bbox 1127 3792 1202 3853; x_wconf 87' lang='lat' dir='ltr'><strong>desii</strong></span> <span class='ocrx_word' id='word_1_415' title='bbox 1224 3793 1351 3854; x_wconf 85' lang='lat' dir='ltr'><strong>scribere</strong></span> <span class='ocrx_word' id='word_1_416' title='bbox 1353 3833 1459 3854; x_wconf 87' lang='grc'><strong>.....</strong></span> <span class='ocrx_word' id='word_1_417' title='bbox 1502 3788 1612 3849; x_wconf 86' lang='lat' dir='ltr'><strong>Narras</strong></span> 
     </span>
     <span class='ocr_line' id='line_1_39' title="bbox 254 3879 1610 3964; baseline -0.009 -16"><span class='ocrx_word' id='word_1_418' title='bbox 254 3881 416 3964; x_wconf 85' lang='lat' dir='ltr'><strong>periculum</strong></span> <span class='ocrx_word' id='word_1_419' title='bbox 449 3881 642 3958; x_wconf 81' lang='lat' dir='ltr'><strong>ualetudinis,</strong></span> <span class='ocrx_word' id='word_1_420' title='bbox 673 3899 709 3942; x_wconf 87' lang='lat' dir='ltr'><strong>sn</strong></span> <span class='ocrx_word' id='word_1_421' title='bbox 741 3885 1011 3962; x_wconf 88' lang='lat' dir='ltr'><strong>computationibus</strong></span> <span class='ocrx_word' id='word_1_422' title='bbox 1042 3889 1232 3942; x_wconf 89' lang='lat' dir='ltr'><strong>contractum.</strong></span> <span class='ocrx_word' id='word_1_423' title='bbox 1283 3879 1356 3938; x_wconf 88' lang='lat' dir='ltr'><strong>Post</strong></span> <span class='ocrx_word' id='word_1_424' title='bbox 1382 3879 1488 3938; x_wconf 87' lang='lat' dir='ltr'><strong>loetum</strong></span> <span class='ocrx_word' id='word_1_425' title='bbox 1512 3879 1610 3950; x_wconf 88' lang='lat' dir='ltr'><strong>venio,</strong></span> 
     </span>
     <span class='ocr_line' id='line_1_40' title="bbox 254 3965 1614 4048; baseline -0.007 -15"><span class='ocrx_word' id='word_1_426' title='bbox 254 3973 430 4033; x_wconf 88' lang='lat' dir='ltr'><strong>medicinam</strong></span> <span class='ocrx_word' id='word_1_427' title='bbox 463 3977 561 4030; x_wconf 86' lang='lat' dir='ltr'><strong>tamen</strong></span> <span class='ocrx_word' id='word_1_428' title='bbox 591 3970 713 4031; x_wconf 90' lang='lat' dir='ltr'><strong>suadeo.</strong></span> <span class='ocrx_word' id='word_1_429' title='bbox 760 3971 917 4030; x_wconf 81' lang='lat' dir='ltr'><strong>Abstineas</strong></span> <span class='ocrx_word' id='word_1_430' title='bbox 940 3989 959 4030; x_wconf 88' lang='lat' dir='ltr'><strong>a</strong></span> <span class='ocrx_word' id='word_1_431' title='bbox 981 3968 1188 4048; x_wconf 80' lang='lat' dir='ltr'><strong>constituenda</strong></span> <span class='ocrx_word' id='word_1_432' title='bbox 1218 3967 1375 4046; x_wconf 85' lang='lat' dir='ltr'><strong>hypothesi</strong></span> <span class='ocrx_word' id='word_1_433' title='bbox 1400 3965 1522 4040; x_wconf 87' lang='lat' dir='ltr'><strong>Martis,</strong></span> <span class='ocrx_word' id='word_1_434' title='bbox 1551 3965 1614 4040; x_wconf 89' lang='lat' dir='ltr'><strong>jam</strong></span> 
     </span>
     <span class='ocr_line' id='line_1_41' title="bbox 255 4053 1613 4138; baseline -0.01 -16"><span class='ocrx_word' id='word_1_435' title='bbox 255 4064 332 4123; x_wconf 92' lang='lat' dir='ltr'><strong>enim</strong></span> <span class='ocrx_word' id='word_1_436' title='bbox 356 4067 401 4120; x_wconf 86' lang='lat' dir='ltr'><strong>est</strong></span> <span class='ocrx_word' id='word_1_437' title='bbox 424 4060 592 4121; x_wconf 88' lang='lat' dir='ltr'><strong>constituta.</strong></span> <span class='ocrx_word' id='word_1_438' title='bbox 624 4057 687 4134; x_wconf 85' lang='lat' dir='ltr'><strong>Ego</strong></span> <span class='ocrx_word' id='word_1_439' title='bbox 711 4064 825 4118; x_wconf 89' lang='lat' dir='ltr'><strong>tantum</strong></span> <span class='ocrx_word' id='word_1_440' title='bbox 849 4060 971 4118; x_wconf 91' lang='lat' dir='ltr'><strong>insumsi</strong></span> <span class='ocrx_word' id='word_1_441' title='bbox 994 4057 1114 4131; x_wconf 91' lang='lat' dir='ltr'><strong>laboris,</strong></span> <span class='ocrx_word' id='word_1_442' title='bbox 1138 4066 1279 4138; x_wconf 81' lang='lat' dir='ltr'><strong>quantum</strong></span> <span class='ocrx_word' id='word_1_443' title='bbox 1295 4055 1403 4114; x_wconf 84' lang='lat' dir='ltr'><strong>sufficit</strong></span> <span class='ocrx_word' id='word_1_444' title='bbox 1418 4053 1519 4113; x_wconf 87' lang='lat' dir='ltr'><strong>decem</strong></span> <span class='ocrx_word' id='word_1_445' title='bbox 1533 4069 1613 4112; x_wconf 92' lang='lat' dir='ltr'><strong>mor-</strong></span> 
     </span>
     <span class='ocr_line' id='line_1_42' title="bbox 201 4141 1615 4226; baseline -0.009 -15"><span class='ocrx_word' id='word_1_446' title='bbox 201 4145 207 4168; x_wconf 83' lang='grc'><strong>“</strong></span> <span class='ocrx_word' id='word_1_447' title='bbox 254 4151 342 4222; x_wconf 90' lang='lat' dir='ltr'><strong>tibus,</strong></span> <span class='ocrx_word' id='word_1_448' title='bbox 367 4155 396 4208; x_wconf 90' lang='lat' dir='ltr'><strong>et</strong></span> <span class='ocrx_word' id='word_1_449' title='bbox 419 4147 529 4226; x_wconf 83' lang='lat' dir='ltr'><strong>persici</strong></span> <span class='ocrx_word' id='word_1_450' title='bbox 552 4164 604 4224; x_wconf 92' lang='lat' dir='ltr'><strong>per</strong></span> <span class='ocrx_word' id='word_1_451' title='bbox 619 4145 676 4206; x_wconf 88' lang='lat' dir='ltr'><strong>Dei</strong></span> <span class='ocrx_word' id='word_1_452' title='bbox 691 4149 815 4221; x_wconf 85' lang='lat' dir='ltr'><strong>gratiam</strong></span> <span class='ocrx_word' id='word_1_453' title='bbox 839 4148 1019 4224; x_wconf 87' lang='lat' dir='ltr'><strong>pervenique</strong></span> <span class='ocrx_word' id='word_1_454' title='bbox 1034 4163 1080 4218; x_wconf 88' lang='lat' dir='ltr'><strong>eo,</strong></span> <span class='ocrx_word' id='word_1_455' title='bbox 1104 4151 1137 4203; x_wconf 90' lang='grc' dir='ltr'><strong>ιιι</strong></span> <span class='ocrx_word' id='word_1_456' title='bbox 1160 4151 1314 4204; x_wconf 89' lang='lat' dir='ltr'><strong>contentus</strong></span> <span class='ocrx_word' id='word_1_457' title='bbox 1337 4157 1402 4202; x_wconf 89' lang='lat' dir='ltr'><strong>esse</strong></span> <span class='ocrx_word' id='word_1_458' title='bbox 1417 4143 1526 4218; x_wconf 84' lang='lat' dir='ltr'><strong>possim</strong></span> <span class='ocrx_word' id='word_1_459' title='bbox 1542 4141 1615 4200; x_wconf 90' lang='lat' dir='ltr'><strong>meis</strong></span> 
     </span>
     <span class='ocr_line' id='line_1_43' title="bbox 256 4229 1615 4311; baseline -0.009 -15"><span class='ocrx_word' id='word_1_460' title='bbox 256 4237 385 4298; x_wconf 87' lang='lat' dir='ltr'><strong>inventis</strong></span> <span class='ocrx_word' id='word_1_461' title='bbox 408 4243 438 4294; x_wconf 88' lang='lat' dir='ltr'><strong>et</strong></span> <span class='ocrx_word' id='word_1_462' title='bbox 461 4237 588 4311; x_wconf 89' lang='lat' dir='ltr'><strong>quietus.</strong></span> <span class='ocrx_word' id='word_1_463' title='bbox 634 4235 804 4310; x_wconf 80' lang='lat' dir='ltr'><strong>Antequam</strong></span> <span class='ocrx_word' id='word_1_464' title='bbox 827 4236 1043 4311; x_wconf 90' lang='lat' dir='ltr'><strong>acquiescerem</strong></span> <span class='ocrx_word' id='word_1_465' title='bbox 1068 4234 1210 4306; x_wconf 87' lang='lat' dir='ltr'><strong>inventis,</strong></span> <span class='ocrx_word' id='word_1_466' title='bbox 1243 4234 1393 4308; x_wconf 84' lang='lat' dir='ltr'><strong>quiescere</strong></span> <span class='ocrx_word' id='word_1_467' title='bbox 1416 4229 1535 4288; x_wconf 91' lang='lat' dir='ltr'><strong>omnino</strong></span> <span class='ocrx_word' id='word_1_468' title='bbox 1558 4245 1615 4287; x_wconf 89' lang='grc' dir='ltr'>ιιοιι</span> 
     </span>
     <span class='ocr_line' id='line_1_44' title="bbox 255 4317 1616 4404; baseline -0.009 -19"><span class='ocrx_word' id='word_1_469' title='bbox 255 4327 357 4404; x_wconf 89' lang='lat' dir='ltr'><strong>potui;</strong></span> <span class='ocrx_word' id='word_1_470' title='bbox 381 4341 415 4382; x_wconf 88' lang='grc' dir='ltr'><strong>ιι</strong></span> <span class='ocrx_word' id='word_1_471' title='bbox 438 4325 585 4399; x_wconf 86' lang='lat' dir='ltr'><strong>praesenti</strong></span> <span class='ocrx_word' id='word_1_472' title='bbox 607 4323 698 4400; x_wconf 84' lang='lat' dir='ltr'><strong>igitur</strong></span> <span class='ocrx_word' id='word_1_473' title='bbox 721 4322 820 4398; x_wconf 91' lang='lat' dir='ltr'><strong>quiete</strong></span> <span class='ocrx_word' id='word_1_474' title='bbox 843 4328 1047 4398; x_wconf 88' lang='lat' dir='ltr'><strong>argumentare</strong></span> <span class='ocrx_word' id='word_1_475' title='bbox 1078 4319 1114 4380; x_wconf 87' lang='lat' dir='ltr'><strong>dc</strong></span> <span class='ocrx_word' id='word_1_476' title='bbox 1142 4321 1215 4380; x_wconf 87' lang='lat' dir='ltr'><strong>meis</strong></span> <span class='ocrx_word' id='word_1_477' title='bbox 1238 4319 1377 4379; x_wconf 88' lang='lat' dir='ltr'><strong>iurantis.</strong></span> <span class='ocrx_word' id='word_1_478' title='bbox 1415 4317 1459 4376; x_wconf 83' lang='lat' dir='ltr'><strong>Ex</strong></span> <span class='ocrx_word' id='word_1_479' title='bbox 1482 4317 1518 4374; x_wconf 90' lang='lat' dir='ltr'><strong>iis</strong></span> <span class='ocrx_word' id='word_1_480' title='bbox 1541 4332 1616 4391; x_wconf 88' lang='lat' dir='ltr'><strong>quae</strong></span> 
     </span>
     <span class='ocr_line' id='line_1_45' title="bbox 256 4401 1616 4488; baseline -0.009 -16"><span class='ocrx_word' id='word_1_481' title='bbox 256 4413 361 4472; x_wconf 91' lang='lat' dir='ltr'><strong>scribis</strong></span> <span class='ocrx_word' id='word_1_482' title='bbox 385 4409 511 4487; x_wconf 89' lang='lat' dir='ltr'><strong>colligo,</strong></span> <span class='ocrx_word' id='word_1_483' title='bbox 544 4427 619 4488; x_wconf 89' lang='lat' dir='ltr'><strong>quae</strong></span> <span class='ocrx_word' id='word_1_484' title='bbox 644 4426 753 4470; x_wconf 82' lang='grc' dir='ltr'>ιιιιιι</span> <span class='ocrx_word' id='word_1_485' title='bbox 777 4412 832 4469; x_wconf 91' lang='lat' dir='ltr'><strong>tibi</strong></span> <span class='ocrx_word' id='word_1_486' title='bbox 855 4413 930 4483; x_wconf 88' lang='lat' dir='ltr'><strong>sint,</strong></span> <span class='ocrx_word' id='word_1_487' title='bbox 960 4425 1011 4469; x_wconf 92' lang='lat' dir='ltr'><strong>cur</strong></span> <span class='ocrx_word' id='word_1_488' title='bbox 1034 4409 1193 4468; x_wconf 88' lang='lat' dir='ltr'><strong>observata</strong></span> <span class='ocrx_word' id='word_1_489' title='bbox 1216 4414 1268 4466; x_wconf 87' lang='lat' dir='ltr'><strong>tua</strong></span> <span class='ocrx_word' id='word_1_490' title='bbox 1289 4423 1348 4466; x_wconf 87' lang='lat' dir='ltr'><strong>non</strong></span> <span class='ocrx_word' id='word_1_491' title='bbox 1371 4405 1479 4462; x_wconf 88' lang='lat' dir='ltr'><strong>mittas.</strong></span> <span class='ocrx_word' id='word_1_492' title='bbox 1525 4401 1616 4480; x_wconf 86' lang='lat' dir='ltr'><strong>Cupis</strong></span> 
     </span>
     <span class='ocr_line' id='line_1_46' title="bbox 222 4489 1616 4576; baseline -0.009 -16"><span class='ocrx_word' id='word_1_493' title='bbox 222 4489 228 4508; x_wconf 84' lang='lat'>&#39;</span> <span class='ocrx_word' id='word_1_494' title='bbox 257 4498 370 4576; x_wconf 89' lang='lat' dir='ltr'><strong>aliquid</strong></span> <span class='ocrx_word' id='word_1_495' title='bbox 395 4506 425 4558; x_wconf 91' lang='lat' dir='ltr'><strong>et</strong></span> <span class='ocrx_word' id='word_1_496' title='bbox 448 4500 510 4575; x_wconf 88' lang='lat' dir='ltr'><strong>ipse</strong></span> <span class='ocrx_word' id='word_1_497' title='bbox 534 4504 695 4576; x_wconf 89' lang='lat' dir='ltr'><strong>praestare,</strong></span> <span class='ocrx_word' id='word_1_498' title='bbox 721 4499 750 4556; x_wconf 94' lang='lat' dir='ltr'><strong>in</strong></span> <span class='ocrx_word' id='word_1_499' title='bbox 774 4515 834 4573; x_wconf 90' lang='lat' dir='ltr'><strong>qua</strong></span> <span class='ocrx_word' id='word_1_500' title='bbox 856 4499 954 4574; x_wconf 88' lang='lat' dir='ltr'><strong>operis</strong></span> <span class='ocrx_word' id='word_1_501' title='bbox 977 4504 1060 4573; x_wconf 89' lang='lat' dir='ltr'><strong>parte</strong></span> <span class='ocrx_word' id='word_1_502' title='bbox 1088 4511 1148 4554; x_wconf 92' lang='lat' dir='ltr'><strong>non</strong></span> <span class='ocrx_word' id='word_1_503' title='bbox 1171 4495 1218 4556; x_wconf 84' lang='lat' dir='ltr'><strong>ris</strong></span> <span class='ocrx_word' id='word_1_504' title='bbox 1239 4493 1350 4554; x_wconf 89' lang='lat' dir='ltr'><strong>habero</strong></span> <span class='ocrx_word' id='word_1_505' title='bbox 1379 4491 1538 4553; x_wconf 88' lang='lat' dir='ltr'><strong>aemulum.</strong></span> <span class='ocrx_word' id='word_1_506' title='bbox 1557 4533 1564 4551; x_wconf 90' lang='lat'><strong>.</strong></span> <span class='ocrx_word' id='word_1_507' title='bbox 1582 4533 1616 4552; x_wconf 89' lang='lat'><strong>..</strong></span> 
     </span>
     <span class='ocr_line' id='line_1_47' title="bbox 258 4579 1617 4662; baseline -0.007 -17"><span class='ocrx_word' id='word_1_508' title='bbox 258 4587 305 4645; x_wconf 78' lang='lat' dir='ltr'><strong>Ad</strong></span> <span class='ocrx_word' id='word_1_509' title='bbox 329 4595 381 4646; x_wconf 87' lang='lat' dir='ltr'><strong>tna</strong></span> <span class='ocrx_word' id='word_1_510' title='bbox 403 4589 525 4646; x_wconf 86' lang='lat' dir='ltr'><strong>inventa</strong></span> <span class='ocrx_word' id='word_1_511' title='bbox 548 4584 585 4646; x_wconf 87' lang='lat' dir='ltr'><strong>de</strong></span> <span class='ocrx_word' id='word_1_512' title='bbox 608 4585 715 4660; x_wconf 87' lang='lat' dir='ltr'><strong>Marte,</strong></span> <span class='ocrx_word' id='word_1_513' title='bbox 740 4602 816 4661; x_wconf 88' lang='lat' dir='ltr'><strong>quae</strong></span> <span class='ocrx_word' id='word_1_514' title='bbox 832 4583 1030 4662; x_wconf 85' lang='lat' dir='ltr'><strong>Pythagorico</strong></span> <span class='ocrx_word' id='word_1_515' title='bbox 1046 4583 1153 4642; x_wconf 81' lang='lat' dir='ltr'><strong>affeetu</strong></span> <span class='ocrx_word' id='word_1_516' title='bbox 1177 4581 1364 4642; x_wconf 86' lang='lat' dir='ltr'><strong>commendas</strong></span> <span class='ocrx_word' id='word_1_517' title='bbox 1386 4596 1492 4656; x_wconf 90' lang='lat' dir='ltr'><strong>meque</strong></span> <span class='ocrx_word' id='word_1_518' title='bbox 1507 4579 1617 4637; x_wconf 87' lang='lat' dir='ltr'><strong>invitas</strong></span> 
     </span>
     <span class='ocr_line' id='line_1_48' title="bbox 174 4666 1618 4749; baseline -0.007 -16"><span class='ocrx_word' id='word_1_519' title='bbox 174 4666 176 4676; x_wconf 71' lang='grc'>’</span> <span class='ocrx_word' id='word_1_520' title='bbox 258 4673 296 4732; x_wconf 88' lang='lat' dir='ltr'><strong>ad</strong></span> <span class='ocrx_word' id='word_1_521' title='bbox 319 4689 355 4732; x_wconf 88' lang='lat' dir='ltr'><strong>ea</strong></span> <span class='ocrx_word' id='word_1_522' title='bbox 378 4672 566 4747; x_wconf 86' lang='lat' dir='ltr'><strong>admiranda,</strong></span> <span class='ocrx_word' id='word_1_523' title='bbox 598 4672 671 4749; x_wconf 91' lang='lat' dir='ltr'><strong>quid</strong></span> <span class='ocrx_word' id='word_1_524' title='bbox 700 4671 797 4731; x_wconf 86' lang='lat' dir='ltr'><strong>dicam</strong></span> <span class='ocrx_word' id='word_1_525' title='bbox 828 4687 886 4730; x_wconf 91' lang='lat' dir='ltr'><strong>uon</strong></span> <span class='ocrx_word' id='word_1_526' title='bbox 915 4671 1022 4730; x_wconf 88' lang='lat' dir='ltr'><strong>habeo.</strong></span> <span class='ocrx_word' id='word_1_527' title='bbox 1066 4669 1206 4730; x_wconf 86' lang='lat' dir='ltr'><strong>Ridebo‘l</strong></span> <span class='ocrx_word' id='word_1_528' title='bbox 1239 4671 1279 4728; x_wconf 83' lang='lat' dir='ltr'><strong>At</strong></span> <span class='ocrx_word' id='word_1_529' title='bbox 1301 4666 1422 4730; x_wconf 89' lang='lat' dir='ltr'><strong>meliora</strong></span> <span class='ocrx_word' id='word_1_530' title='bbox 1443 4667 1563 4726; x_wconf 87' lang='lat' dir='ltr'><strong>meritus</strong></span> <span class='ocrx_word' id='word_1_531' title='bbox 1587 4682 1618 4724; x_wconf 91' lang='lat' dir='ltr'><strong>es</strong></span> 
     </span>
    </p>
   </div>
   <div class='ocr_carea' id='block_1_11' title="bbox 153 4751 1617 4836">
    <p class='ocr_par' dir='ltr' id='par_1_12' title="bbox 153 4751 1617 4836">
     <span class='ocr_line' id='line_1_49' title="bbox 153 4751 1617 4836; baseline -0.007 -15"><span class='ocrx_word' id='word_1_532' title='bbox 153 4759 155 4764; x_wconf 83' lang='grc'><strong>’</strong></span> <span class='ocrx_word' id='word_1_533' title='bbox 258 4761 374 4836; x_wconf 88' lang='lat' dir='ltr'><strong>egregio</strong></span> <span class='ocrx_word' id='word_1_534' title='bbox 399 4759 496 4820; x_wconf 89' lang='lat' dir='ltr'><strong>studio</strong></span> <span class='ocrx_word' id='word_1_535' title='bbox 521 4768 551 4819; x_wconf 90' lang='grc' dir='ltr'><strong>ιι</strong></span> <span class='ocrx_word' id='word_1_536' title='bbox 574 4759 735 4836; x_wconf 89' lang='lat' dir='ltr'><strong>cupiditate</strong></span> <span class='ocrx_word' id='word_1_537' title='bbox 761 4758 920 4835; x_wconf 88' lang='lat' dir='ltr'><strong>inculpata.</strong></span> <span class='ocrx_word' id='word_1_538' title='bbox 965 4757 1069 4834; x_wconf 88' lang='lat' dir='ltr'><strong>Magni</strong></span> <span class='ocrx_word' id='word_1_539' title='bbox 1096 4774 1167 4818; x_wconf 82' lang='lat' dir='ltr'><strong>vero</strong></span> <span class='ocrx_word' id='word_1_540' title='bbox 1197 4755 1326 4818; x_wconf 80' lang='lat' dir='ltr'><strong>iscium?</strong></span> <span class='ocrx_word' id='word_1_541' title='bbox 1367 4756 1408 4815; x_wconf 85' lang='lat' dir='ltr'><strong>At</strong></span> <span class='ocrx_word' id='word_1_542' title='bbox 1434 4756 1530 4814; x_wconf 90' lang='lat' dir='ltr'><strong>minus</strong></span> <span class='ocrx_word' id='word_1_543' title='bbox 1560 4751 1617 4812; x_wconf 90' lang='lat' dir='ltr'><strong>hoc</strong></span> 
     </span>
    </p>
   </div>
   <div class='ocr_carea' id='block_1_12' title="bbox 258 4839 1619 4938">
    <p class='ocr_par' dir='ltr' id='par_1_13' title="bbox 258 4839 1619 4938">
     <span class='ocr_line' id='line_1_50' title="bbox 258 4839 1619 4938; baseline -0.004 -32"><span class='ocrx_word' id='word_1_544' title='bbox 258 4839 313 4906; x_wconf 86' lang='lat' dir='ltr'><strong>erit</strong></span> <span class='ocrx_word' id='word_1_545' title='bbox 334 4845 490 4906; x_wconf 89' lang='lat' dir='ltr'><strong>candidum</strong></span> <span class='ocrx_word' id='word_1_546' title='bbox 512 4847 635 4908; x_wconf 83' lang='lat' dir='ltr'><strong>lacinus.</strong></span> <span class='ocrx_word' id='word_1_547' title='bbox 674 4845 741 4908; x_wconf 90' lang='lat' dir='ltr'><strong>Hoc</strong></span> <span class='ocrx_word' id='word_1_548' title='bbox 764 4845 861 4938; x_wconf 85' lang='lat' dir='ltr'><strong>solum</strong></span> <span class='ocrx_word' id='word_1_549' title='bbox 883 4847 938 4908; x_wconf 89' lang='lat' dir='ltr'><strong>tibi</strong></span> <span class='ocrx_word' id='word_1_550' title='bbox 961 4845 1044 4924; x_wconf 90' lang='lat' dir='ltr'><strong>dico,</strong></span> <span class='ocrx_word' id='word_1_551' title='bbox 1067 4851 1120 4906; x_wconf 88' lang='lat' dir='ltr'><strong>aut</strong></span> <span class='ocrx_word' id='word_1_552' title='bbox 1140 4852 1170 4905; x_wconf 91' lang='lat' dir='ltr'><strong>ta</strong></span> <span class='ocrx_word' id='word_1_553' title='bbox 1185 4843 1350 4938; x_wconf 88' lang='lat' dir='ltr'><strong>coincidara</strong></span> <span class='ocrx_word' id='word_1_554' title='bbox 1372 4845 1405 4926; x_wconf 78' lang='lat' dir='ltr'><strong>in</strong></span> <span class='ocrx_word' id='word_1_555' title='bbox 1424 4841 1528 4904; x_wconf 86' lang='lat' dir='ltr'><strong>euactn</strong></span> <span class='ocrx_word' id='word_1_556' title='bbox 1552 4856 1619 4901; x_wconf 89' lang='lat' dir='ltr'><strong>cum</strong></span> 
     </span>
    </p>
   </div>
   <div class='ocr_carea' id='block_1_13' title="bbox 0 0 1857 5544">
    <p class='ocr_par' dir='ltr' id='par_1_14' title="bbox 0 0 1857 5544">
     <span class='ocr_line' id='line_1_51' title="bbox 0 0 1857 5544; baseline 0 0"><span class='ocrx_word' id='word_1_557' title='bbox 0 0 1857 5544; x_wconf 95' lang='lat' dir='ltr'><strong> </strong></span> 
     </span>
    </p>
   </div>
  </div>
 </body>
</html>
