3612 5538
584 444 628 502 us
645 443 739 506 amau
755 449 785 504 a
800 441 954 506 mnrium
970 446 1092 520 uepres.
1309 528 1314 540 .
1393 415 1396 426 ”
1452 453 1517 524 953

164 629 235 690 toris
252 625 397 692 volumini
412 625 607 702 satisfaceret,
621 627 672 704 qni
685 623 797 704 judicia
812 625 900 688 vellet
913 643 992 690 mero
1006 627 1199 706 aruoiogiea,
1221 629 1366 710 Keplerua
1381 629 1417 694 de
1432 633 1519 692 certis
1540 661 1545 676 ·

163 717 251 778 rebus
265 715 442 778 coelestibus
457 712 607 778 consultus
627 717 755 792 priorum
776 714 988 792 astrologorum
1003 719 1163 778 sententias
1177 717 1276 790 affert,
1299 727 1331 780 ιιι
1345 717 1518 794 Ptolemaei,

164 802 382 878 nlbnmasarir,
407 801 548 876 Cardaui,
571 801 671 864 Lucae
692 800 812 864 Gaurioi
826 803 1018 880 aliorumque,
1040 805 1134 880 iisque
1155 805 1228 882 ipsis
1250 799 1411 866 orationem
1433 809 1519 868 attri-

164 893 242 966 buit,
266 893 308 950 ita
323 891 442 968 quidem
465 897 496 952 nt
519 889 600 952 illam
623 889 830 968 interpretandi
851 893 995 952 rationem
1016 907 1050 952 se
1071 893 1167 970 ipsum
1192 909 1309 970 quoque
1331 901 1519 970 acceptarum

165 979 257 1040 luisse
273 977 367 1052 dicat,
391 981 417 1040 si
431 995 558 1056 aequum
574 984 603 1038 at
618 978 727 1040 bouum
743 976 870 1052 duceret,
892 978 945 1040 sed
960 978 1017 1040 hoc
1036 997 1069 1040 se
1085 980 1233 1060 „insum“,
1256 982 1423 1060 opinionem
1437 998 1519 1042 oom-

165 1069 333 1128 menticiam
354 1065 472 1128 habere.
518 1064 660 1141 Quamvis
683 1071 783 1126 autem
799 1063 946 1144 Keplerus
968 1065 1026 1128 hoc
1047 1065 1135 1126 modo
1157 1068 1340 1146 imperatoris
1362 1078 1520 1148 praecepta

168 1155 310 1230 effugeret
331 1156 495 1232 partimque
519 1151 650 1214 eluderet
672 1151 797 1229 ideoque
821 1153 885 1228 ejus
907 1152 1013 1214 studiis
1036 1170 1185 1231 nunquam
1201 1172 1319 1233 prorsus
1343 1155 1518 1234 indulgeret,

169 1252 267 1304 tamen
292 1253 433 1320 perpetua
455 1241 533 1318 apud
557 1243 760 1318 imperatorem
783 1257 875 1318 usque
898 1240 936 1300 ad
960 1241 1025 1316 ejus
1047 1251 1172 1302 mortem
1193 1247 1290 1319 gratia
1312 1261 1383 1304 usus
1406 1255 1460 1306 eat

271 1329 361 1388 niiud
384 1346 504 1406 quoque
525 1331 677 1405 negotium
699 1329 758 1390 sibi
779 1325 949 1388 mandatum
973 1331 1082 1406 incepit
1095 1329 1242 1409 Keplerus
1264 1331 1379 1392 edendo
1395 1333 1518 1409 parthu—

166 1433 222 1493 que
258 1417 429 1492 corrigendo
461 1415 610 1492 Tyohouis
630 1433 735 1494 ,opere
769 1413 1053 1492 „Progymnasmata
1088 1419 1293 1478 Astrouomiae
1325 1421 1516 1482 instauratae.

95 1561 96 1565 ,
167 1503 241 1562 Pars
265 1505 388 1580 prima‘t,
412 1505 442 1560 in
465 1519 524 1580 quo
548 1502 749 1562 additamenta
763 1510 792 1562 et
807 1501 918 1562 indices
941 1504 1004 1580 lpse
1027 1502 1108 1564 solus
1123 1505 1296 1578 elaboravit,
1319 1506 1372 1566 sed
1387 1508 1417 1564 in
1432 1524 1519 1586 prae·

167 1591 305 1670 parandis
327 1590 365 1652 ad
389 1590 544 1652 editionem
569 1592 700 1667 prodmio
722 1598 752 1650 ct
773 1588 921 1650 nonnullis
945 1587 1072 1667 plagulis
1099 1592 1249 1667 adjutores
1272 1593 1376 1654 habuit
1398 1592 1520 1670 Longo-

165 1686 347 1752 montanum,
364 1680 488 1756 priorem
504 1677 654 1755 'lychonis
668 1679 830 1736 ministrum
846 1679 966 1755 (postea
980 1675 1119 1740 Hauniae
1139 1677 1352 1760 professorem),
1375 1689 1406 1740 et
1419 1681 1521 1758 ‘reng-

164 1763 315 1842 nagelium
337 1765 488 1844 Tychouis
513 1782 668 1842 generum,
699 1771 803 1843 postea
833 1761 1008 1824 Archiducis
1033 1763 1178 1828 Matthiae
1209 1766 1417 1829 consiliarium.
1461 1767 1521 1828 Hic

166 1855 300 1934 inprimis
322 1853 482 1932 Keplerum
512 1855 609 1931 operis
630 1855 742 1912 socium
766 1869 831 1914 asse
853 1855 1014 1928 aegerrime
1037 1853 1117 1928 tulit,
1148 1857 1179 1914 in
1204 1855 1293 1916 rebus
1315 1857 1519 1917 astronomicis

162 1959 197 2005 ac
219 1941 350 2019 Keplero
373 1958 430 2000 non
455 1941 619 2000 interiorem
650 1957 713 2000 esse
743 1949 833 1999 ratus.
879 1939 947 2017 Ipse
976 1941 1054 2000 enirn
1084 1952 1114 2002 et
1143 1949 1207 2002 tota
1229 1941 1379 2020 Typhonis
1407 1943 1522 2004 familia

162 2029 335 2106 (praecipua
351 2028 415 2104 ejus
432 2028 535 2098 vidua)
557 2027 717 2106 Keplerum
741 2028 883 2104 putabant
897 2027 1045 2088 homiuem
1059 2029 1117 2088 sibi
1132 2028 1352 2104 alienissimum,
1375 2033 1424 2106 qui
1441 2045 1522 2092 mor-

163 2117 209 2176 tui
231 2119 348 2194 scriptis
371 2133 422 2194 per
445 2117 581 2192 iujuriam
609 2117 719 2194 potitus
742 2113 897 2176 utilitatem
921 2131 958 2174 ex
979 2113 1101 2176 edendis
1133 2117 1191 2176 illis
1218 2118 1436 2196 percipiendam
1464 2119 1523 2180 sihi

161 2202 343 2264 haeredibus
367 2207 558 2264 imminueret.
606 2201 701 2278 Quam
725 2201 763 2262 ob
785 2217 845 2260 ram
867 2201 1087 2280 Tengnagelins
1112 2221 1145 2264 ae
1167 2207 1231 2267 sine
1254 2205 1383 2282 Keplero
1405 2205 1523 2266 tabulas

122 2361 128 2364 ,
161 2291 309 2352 multone
332 2307 419 2369 posse
443 2299 532 2364 ratus,
555 2289 674 2368 Keplari
697 2291 830 2366 negotiis,
845 2305 905 2350 non
927 2290 1014 2350 modo
1038 2291 1161 2367 obstitn,
1189 2291 1243 2353 sed
1266 2295 1355 2354 etlam
1384 2293 1414 2352 id
1437 2309 1522 2354 asse·

161 2387 252 2440 cutus
275 2386 328 2451 est,
352 2389 385 2439 ut
406 2377 552 2460 Keplems
576 2379 669 2436 invito
691 2375 893 2453 Tengnagelio
908 2375 1143 2455 Tychonioornm
1165 2381 1338 2459 scriptorum
1361 2379 1524 2456 quidquam

160 2465 252 2527 edere
277 2473 433 2528 vetaretur.
474 2464 569 2541 Quam
596 2483 656 2524 rem
680 2463 836 2524 multarum
864 2465 1080 2526 inimicitiarum
1103 2484 1224 2528 causam
1251 2468 1342 2530 inisse
1365 2467 1453 2529 lacils
1475 2471 1523 2526 in·

160 2553 324 2630 telligetur.
353 2553 499 2630 chlerus
515 2555 601 2625 enim,
618 2555 676 2628 ·qui
690 2553 747 2613 hoo
761 2551 818 2612 sibi
834 2552 872 2611 ab
887 2553 1060 2628 imperatore
1076 2555 1247 2616 mandatum
1272 2555 1390 2630 diceret,
1413 2557 1524 2632 scripta

158 2659 194 2702 ae
219 2639 397 2701 traditurum
421 2658 485 2700 esse
508 2648 674 2702 constanter
689 2641 819 2716 negavit,
842 2637 895 2698 sed
918 2649 1015 2700 tamen
1031 2639 1233 2719 Tengnagelio
1256 2645 1387 2719 mntiglt,
1409 2651 1443 2702 ut
1465 2645 1523 2702 sibl

157 2727 318 2808 Tychouis
342 2730 536 2788 instrumenta
558 2725 751 2788 custodienda
773 2725 920 2798 darentur,
943 2743 1002 2802 qua
1024 2743 1055 2788 re
1069 2728 1215 2806 Keplerus
1237 2730 1420 2808 aliquantum
1443 2737 1521 2790 mm·

154 2818 245 2894 poris
270 2815 309 2876 ab
333 2816 589 2878 observationibus
612 2815 816 2874 astronomicis
845 2813 1010 2890 prohibitus
1032 2822 1087 2876 est.

272 2901 331 2964 Sed
354 2920 389 2966 eo
413 2905 582 2962 inimicitiae
597 2901 747 2980 Tychouis
769 2899 909 2962 haeredes
931 2905 1078 2978 progressi
1098 2911 1176 2975 sunt,
1200 2904 1294 2964 nt-ad
1316 2905 1521 2981 imperaturam

154 2991 313 3052 deferrent
335 2990 501 3068 querelam,
531 2989 691 3066 Keplerurn
714 2991 743 3048 in
766 2988 872 3049 studita
894 2989 1034 3050 inanibus
1052 2997 1166 3068 tempus
1190 2999 1283 3054 terere
1304 2999 1334 3052 et
1362 2993 1419 3052 hae
1440 3009 1522 3052 mora

153 3079 327 3140 editionem
357 3082 447 3155 patris
477 3081 672 3155 suiaeoperum
702 3077 851 3137 retardari.
898 3073 1006 3138 Contra
1028 3075 1174 3156 Keplerue
1199 3079 1267 3154 Jure
1292 3079 1382 3152 dixit,
1412 3095 1522 3138 mamm

153 3165 287 3244 quidem
317 3167 558 3228 observationum
580 3164 816 3242 Tychouicarum
846 3162 1004 3224 editionem
1032 3165 1144 3228 futilem
1169 3183 1251 3240 ease,
1280 3167 1522 3228 ratiocinationes

151 3263 283 3328 antem,
308 3254 416 3329 quibus
437 3253 510 3314 solis
532 3256 662 3312 omnium
686 3259 919 3321 astronomorum
940 3253 1006 3312 usui
1028 3261 1116 3330 aptae
1138 3254 1257 3327 fierent,
1286 3253 1370 3314 multi
1399 3253 1520 3328 laboris,

153 3359 289 3422 operae,
314 3342 455 3420 temporis
477 3358 541 3402 esse
564 3358 634 3402 rem.
677 3338 746 3398 Hoc
768 3339 886 3415 quidem
908 3341 993 3403 initio
1016 3339 1133 3415 celarit,
1157 3357 1189 3402 se
1211 3343 1331 3418 insuper
1351 3357 1408 3401 sua
1422 3339 1524 3401 studia

149 3435 344 3490 mactantem
366 3439 397 3488 et
411 3428 535 3506 Optieen
558 3435 588 3487 et
609 3443 696 3488 suum
718 3425 755 3488 de
776 3425 871 3488 Marte
893 3426 998 3487 librum
1022 3444 1204 3506 praeparare.
1242 3428 1394 3490 Postremo
1410 3429 1449 3490 ab
1463 3431 1522 3488 im-

149 3525 304 3596 peratore
328 3518 514 3595 impetratum
536 3522 591 3587 eat,
613 3523 647 3574 ut
667 3512 814 3592 Keplerus
832 3515 919 3590 jussu
942 3516 1127 3592 imperatorio
1150 3532 1240 3596 opera
1260 3533 1316 3576 sna
1336 3523 1521 3596 proponeret.

149 3605 213 3668 cni
241 3603 390 3666 mandato
414 3621 478 3664 com
501 3603 639 3664 cessisset
661 3611 691 3664 et
713 3599 856 3678 quidquid
879 3600 1045 3662 tabularum
1068 3601 1273 3664 elaboraverat
1293 3606 1323 3664 in
1346 3603 1445 3666 madio
1465 3620 1523 3682 po-

149 3697 296 3766 suisset,
327 3690 489 3752 adveraarii
511 3693 553 3750 rei
577 3690 669 3766 ipsius
691 3690 899 3766 imperitissimi
921 3686 1194 3768 (Longomontauus
1217 3695 1295 3752 enim
1318 3691 1382 3768 iam
1410 3691 1522 3752 diutius

147 3779 269 3862 procul
296 3795 317 3838 a
337 3777 434 3856 Pragn
457 3774 544 3856 erat),
575 3776 696 3855 Koplari
721 3777 848 3853 negotiis
871 3778 988 3836 minime
1011 3781 1139 3838 contenti
1162 3779 1200 3840 ab
1224 3781 1398 3857 insperatum
1427 3781 1522 3855 impe-

145 3873 332 3939 traverunt,
357 3873 389 3926 ut
409 3866 451 3924 illi
475 3869 621 3944 inspector
644 3867 729 3941 quasi
751 3863 913 3923 studiorum
941 3865 1147 3925 nominaretur.
1194 3865 1249 3926 Cui
1272 3869 1385 3928 muneri
1406 3865 1428 3926 J
1436 3881 1524 3926 oan-

144 3975 225 4020 nea
249 3955 460 4014 Pistorius
483 3951 662 4026 electusest,
686 3952 804 4010 natione
821 3949 934 4029 cattus,
957 3949 994 4015 sd
1009 3949 1103 4012 tidem
1126 3953 1301 4014 catholicam
1323 3965 1524 4029 transgressus

142 4055 177 4108 ot
201 4039 373 4118 Rudolphi
396 4043 580 4119 imperatoris
602 4041 631 4098 in
654 4041 741 4100 rebus
762 4039 852 4099 sacris
876 4037 1004 4113 adjutor,
1035 4041 1087 4115 qui
1110 4039 1238 4102 oihoium
1268 4042 1325 4102 sihi
1354 4041 1523 4118 impositum
1618 4082 1621 4090 .

141 4131 397 4214 prudentissima
420 4130 567 4190 tractavit.
611 4127 701 4188 Brevi
726 4128 802 4186 enim
825 4127 972 4204 perspexit
995 4126 1049 4184 riri
1070 4145 1210 4205 maguum
1238 4130 1406 4204 ingenium,
1437 4127 1523 4202 cujas

138 4221 257 4282 studia
286 4219 355 4294 ipso
376 4217 541 4293 inspiceret,
565 4225 594 4278 et
618 4213 698 4276 haud
722 4212 810 4274 dubie
833 4212 871 4273 oh
894 4231 959 4274 eam
983 4215 1074 4290 ipsam
1098 4230 1158 4276 rem
1181 4216 1220 4277 ab
1242 4218 1415 4294 imperatore
1438 4213 1522 4272 den-

141 4322 247 4387 gatus
277 4310 340 4376 est,
364 4305 429 4380 qui,
453 4319 631 4380 quamquam
655 4303 765 4362 inimici
788 4301 887 4360 omnia
909 4301 1004 4362 moliti
1026 4309 1108 4376 eunt,
1131 4311 1229 4364 tamm
1252 4301 1410 4380 lieplerum
1433 4316 1521 4360 suam

138 4395 282 4478 plurimi
312 4393 484 4451 aestimaret
505 4408 600 4467 nequa
624 4407 690 4450 enm
713 4395 827 4468 praeter
848 4405 910 4449 rem
939 4390 1039 4448 vexari
1061 4397 1091 4449 et
1113 4391 1224 4450 turbari
1252 4389 1350 4450 vellet.
1393 4388 1523 4447 Pistoris

136 4493 257 4545 autem
288 4477 442 4556 Keplerue
463 4479 566 4539 libenti
595 4480 694 4540 animo
725 4477 824 4536 omnia
851 4475 1049 4536 consiliosus
1079 4475 1202 4551 detexit,
1233 4479 1285 4551 qui
1306 4475 1467 4554 Keplerum
1490 4481 1523 4533 ut

134 4575 290 4636 amicum
328 4572 456 4626 nactam
486 4574 588 4644 aperta
616 4564 808 4624 admiratione
836 4565 964 4624 maxima
993 4563 1048 4648 riri
1078 4579 1167 4642 opera
1197 4566 1326 4623 ornarit.¹
1366 4561 1424 4622 Sed
1455 4577 1522 4621 oum

136 4661 331 4740 Keplerus,
354 4659 387 4711 ut
408 4653 533 4726 solebat,
556 4651 705 4731 quondam
727 4659 828 4728 aperte
851 4651 887 4710 da
910 4653 1115 4711 controversiis
1138 4649 1176 4710 ad
1198 4666 1244 4710 rea
1258 4666 1356 4710 moras
1377 4651 1524 4728 pertiuen-

134 4751 230 4813 tibns
259 4747 297 4804 in
328 4740 455 4817 epistola
477 4741 655 4819 scripsisset,
683 4755 760 4816 quae
791 4739 895 4816 prioris
925 4739 1068 4798 sermonis
1097 4739 1279 4796 mndnnatin
1309 4736 1522 4810 emoriuntur,

134 4829 397 4920 potentissimus
420 4826 469 4888 ille
492 4827 629 4890 sacerdos
651 4825 814 4888 catholicus
835 4826 892 4886 hnc
914 4825 1072 4903 Keplerum
1095 4823 1243 4900 rescripsit
1269 4841 1328 4884 non
1350 4823 1524 4902 intelligere,

137 4925 234 4994 ,ουρ
258 4935 303 4982 aa
335 4921 369 4976 at
389 4913 538 4992 Kepieras
558 4915 738 4993 maologinr
760 4915 880 4974 mnsam
902 4913 1020 4974 iaceret.
1056 4912 1121 4984 (cfr.
1137 4910 1190 4970 roi
1207 4911 1257 4970 Ν.
1275 4931 1304 4984 p.
1324 4914 1374 4974 tit
1391 4917 1440 4980 sai

1228 5011 1231 5020 “
1265 5009 1317 5066 62*
