3516 5540
282 425 348 496 582
589 423 769 482 firmantium
786 427 924 484 Hirtam
941 427 1132 486 wonomiro
1149 429 1242 486 seculo
1259 429 1333 487 xvi.

282 602 444 660 celebratm.
481 601 552 674 Quid
570 607 662 658 auten
680 601 747 656 bnie
763 603 815 658 Dei
833 603 942 672 opificio
960 605 1172 675 marenlentius,
1191 621 1272 675 quarn
1290 608 1322 660 ut
1337 605 1454 675 primum
1472 606 1526 663 boc
1538 613 1635 679 etper·

281 691 459 749 sactissimum
477 705 547 760 opus
564 690 651 760 primo
670 696 699 744 et
717 689 813 745 eodan
831 691 1029 760 perfectissimo
1047 707 1160 748 numero
1181 691 1356 749 includatur?
1385 693 1428 748 Ad
1445 695 1527 765 baec,
1553 701 1585 750 nt
1601 696 1637 752 ita

281 777 461 848 apraediotis
485 793 534 832 sex
558 775 671 834 orbibus
693 777 838 834 mobilibus
861 778 1004 835 harmonia
1026 780 1153 836 coelestia
1177 781 1346 851 perficietur,
1371 781 1418 838 nbi
1441 783 1521 838 orbes
1546 797 1636 838 omnes

281 865 335 922 sibi
353 881 386 922 eo
404 871 486 935 pacto
505 864 668 936 succedant,
692 872 724 921 ut
740 872 769 921 ct
785 865 862 922 nulla
878 869 914 923 ab
933 866 1020 924 altero
1039 867 1074 924 ad
1092 867 1205 924 alterum
1222 868 1359 924 intervalli
1375 868 1543 926 immonsitas
1561 870 1637 924 relin-

281 943 382 1024 quatur
400 959 428 1008 et
445 953 561 1022 quisque
580 953 730 1024 geometria
747 962 842 1024 septus
860 970 939 1010 suum
958 954 1048 1011 locum
1065 955 1092 1010 in
1110 957 1306 1012 banctueatnr
1321 956 1439 1027 modum,
1457 963 1489 1013 nt
1506 955 1530 1014 el
1547 972 1637 1028 quara·

282 1056 389 1110 cunque
408 1040 469 1105 loco
488 1055 596 1096 morere
614 1047 711 1112 tentae
731 1043 811 1100 simul
830 1043 911 1098 etiarn
930 1047 1019 1098 totum
1037 1049 1157 1113 system
1175 1042 1334 1100 dissolvas.“

384 1127 456 1184 Hinc
483 1127 582 1182 transit
604 1128 735 1186 Rbeticus
752 1131 794 1194 ,ad
820 1137 938 1201 quatuor
966 1137 1072 1194 motus,
1100 1145 1170 1201 quos
1204 1129 1371 1200 eopmmcar
1402 1131 1503 1186 Terrae
1530 1131 1637 1188 tribuit:

282 1216 313 1290 1)
331 1214 520 1284 quotidianum
539 1215 612 1271 urea
629 1231 722 1286 axem,
749 1217 779 1286 2)
798 1233 917 1274 annuum
935 1218 1009 1274 circa
1026 1208 1129 1288 Solem,
1158 1220 1187 1288 3)
1208 1226 1326 1285 ,motum
1350 1219 1506 1288 sequuturis
1530 1227 1560 1276 ot
1582 1222 1640 1277 axis

282 1305 384 1360 Terras
402 1303 439 1359 ad
455 1302 566 1373 plenum
586 1302 727 1372 eclipticas
751 1304 874 1360 inclinati
891 1305 1094 1362 convertibilem
1111 1313 1141 1363 ct
1158 1297 1255 1362 contra
1270 1314 1374 1362 motum
1391 1308 1479 1362 centri
1496 1306 1637 1376 reflexum,

157 1415 162 1426 ι
280 1391 320 1448 ita
338 1396 369 1446 ut
387 1390 543 1459 ubicunque
560 1389 597 1446 sit
615 1397 737 1446 centrum
756 1393 865 1463 Terrae,
885 1392 1091 1463 aequinoctialis
1109 1400 1137 1448 et
1154 1393 1211 1463 poli
1229 1394 1331 1450 Terrae
1348 1401 1461 1466 propter
1477 1395 1561 1452 telem
1581 1397 1639 1450 axis

281 1480 383 1536 Terrae
401 1477 604 1534 inclinationem
622 1484 651 1532 et
668 1477 772 1534 stellati
789 1481 863 1536 orbis
880 1481 1089 1538 immensitatem
1113 1481 1149 1536 ad
1170 1480 1280 1537 eudem
1302 1481 1395 1539 mundi
1416 1489 1510 1552 partes
1533 1498 1641 1553 semper

280 1568 366 1624 ferme
383 1565 545 1636 respiciant,
563 1565 637 1636 quod
655 1566 711 1634 fiet,
730 1567 754 1622 si
772 1573 903 1636 quantum
917 1568 1018 1624 Terrae
1030 1575 1152 1625 centrum
1165 1569 1200 1624 ab
1218 1569 1285 1624 orbe
1296 1584 1393 1639 magno
1404 1571 1433 1624 ln
1444 1572 1640 1640 consequentia

282 1655 406 1722 ducatur,
424 1657 531 1708 tanturn
549 1653 609 1708 axis
627 1654 728 1709 Terrae
747 1653 942 1726 extremitates,
961 1657 1008 1726 qui
1019 1657 1078 1726 poli
1091 1657 1201 1726 Teme,
1221 1657 1335 1725 empuis
1347 1657 1444 1714 diebus
1454 1656 1512 1714 iera
1523 1659 1552 1714 in
1565 1666 1640 1714 ante

280 1741 406 1800 cedenda
422 1734 571 1810 procedere
587 1739 787 1811 intelligantur,
811 1740 883 1797 circa
908 1759 987 1800 axem
1005 1751 1034 1800 et
1050 1743 1144 1814 polos,
1169 1745 1215 1800 axi
1239 1751 1268 1801 et
1289 1745 1362 1815 polis
1386 1745 1458 1802 orbis
1482 1745 1642 1818 magnicat

280 1828 423 1898 eclipticae
441 1827 665 1896 aequidistantes,
684 1828 800 1884 ciramea
819 1842 919 1898 perros
938 1829 1132 1888 describendo“
1142 1853 1150 1902 ;
1174 1836 1200 1902 l)
1219 1838 1336 1899 motum,
1361 1832 1408 1903 qui
1425 1833 1497 1890 binis
1514 1833 1642 1903 polorum

280 1913 471 1972 lineationibus
489 1915 639 1986 perficitur.
674 1914 844 1974 Posteriores
862 1917 932 1974 duos
949 1925 1040 1975 motus
1058 1920 1100 1975 lris
1118 1919 1256 1991 explicare
1273 1921 1367 1977 studet
1384 1921 1530 1977 Rusticus:
1558 1937 1641 1990 ,quo-

281 2005 354 2058 niam
371 2001 578 2073 aequinoctialis
601 2002 713 2075 planum
738 2011 852 2074 propter
875 2006 1001 2075 polorum
1026 2021 1137 2062 snorum
1161 2015 1263 2064 motum
1288 2007 1323 2064 ab
1345 2007 1487 2078 eclipticas
1509 2008 1596 2078 plano
1613 2009 1641 2065 in

280 2089 426 2148 collatione
444 2089 480 2146 ad
498 2089 588 2146 Solem
606 2089 758 2148 reflectitur
770 2098 798 2148 et
810 2092 938 2161 declinat,
958 2096 1009 2150 sub
1021 2093 1118 2150 iisdem
1131 2094 1189 2152 iere
1200 2093 1343 2164 eclipticas
1359 2093 1428 2150 locis
1440 2093 1537 2151 eadem
1549 2097 1642 2167 aequi·

281 2177 407 2234 noctialis
429 2179 465 2234 eb
490 2177 616 2248 ecliptica
641 2177 712 2235 redit
735 2178 880 2235 decbnatio
905 2180 1013 2251 ipsique
1038 2181 1096 2250 poli
1118 2181 1231 2238 dimnae
1258 2183 1434 2239 revolutionis
1459 2198 1569 2254 semper
1592 2185 1642 2242 snb

280 2263 376 2320 eodem
400 2265 479 2335 quasi
501 2265 626 2322 stellatae
643 2265 785 2335 'sphaerae
812 2267 868 2322 situ
890 2275 1043 2325 vomantur.
1083 2269 1190 2326 Deinde
1209 2270 1240 2324 in
1262 2269 1387 2325 maximis
1412 2269 1643 2328 declinationibus

280 2351 486 2422 aequinocuatle
508 2352 544 2410 ab
568 2351 710 2424 eclipticas
734 2351 817 2426 plano
839 2354 876 2411 ad
895 2355 993 2412 Solem·
1010 2356 1083 2412 bnea
1100 2371 1135 2414 ex
1159 2363 1253 2412 centro
1272 2357 1344 2413 Solia
1368 2356 1461 2414 exiens
1484 2357 1520 2412 ad
1538 2359 1643 2414 Terrae

280 2446 403 2496 centrum
421 2443 542 2498 cerdone
560 2441 655 2498 conica
672 2440 774 2498 Terrae
797 2441 920 2514 globum,
944 2444 1042 2500 diurna
1064 2444 1235 2500 revolutione
1258 2443 1495 2515 circumvolutum,
1521 2445 1644 2503 dissecat

279 2527 455 2598 tropicasque
477 2527 615 2584 describit.
651 2529 810 2600 Praeterea,
834 2531 943 2601 quando
967 2531 1174 2602 aequinoctialis
1196 2531 1308 2602 pbnnm
1329 2533 1365 2589 ab
1388 2531 1540 2602 eclipticas
1558 2534 1643 2604 plano

282 2616 319 2674 ad
338 2615 430 2672 Solem
446 2615 563 2672 maxime
581 2615 739 2687 reflectitur,
757 2617 786 2672 iu
804 2618 930 2676 universe
949 2619 1034 2676 Terra
1052 2620 1255 2689 aequinoctium
1277 2617 1418 2690 contingit
1446 2619 1563 2676 Polares
1582 2622 1645 2690 (cir-

222 2769 224 2779 ,
279 2701 370 2772 culos)
388 2703 422 2758 D.
434 2703 608 2772 Praeceptori
619 2701 677 2774 poli
687 2703 831 2774 eclipticas
841 2706 1056 2774 aequidistantee
1068 2708 1141 2764 circa
1159 2705 1367 2777 aequinoctialis
1385 2707 1464 2778 polos
1479 2707 1643 2778 depingunt.

282 2790 344 2860 eus
360 2789 466 2846 ratione
483 2788 580 2844 stellae
596 2785 669 2844 fixae
687 2805 705 2842 a
722 2790 832 2861 punctis
850 2791 1095 2860 aequinoctialibus
1113 2801 1142 2850 et
1152 2793 1341 2850 solstitialibus
1360 2793 1481 2862 congeri
1496 2793 1645 2852 rideentru

281 2883 310 2934 et
326 2876 444 2934 mulne
464 2874 535 2932 Solis
553 2875 701 2948 obliquitas
718 2877 830 2943 variari,
855 2894 891 2934 ox
908 2886 984 2936 motu
1002 2879 1190 2940 declinationis
1209 2887 1238 2938 et
1254 2880 1325 2938 binis
1344 2880 1397 2938 slbi
1414 2879 1529 2937 invicem
1548 2897 1644 2938 occur-

278 2961 402 3022 rentibus
419 2961 610 3020 librationibue
623 2963 788 3036 dependere,
801 2966 837 3024 D.
849 2967 1016 3036 Praeceptor
1027 2968 1144 3038 college
1174 2972 1198 3024 A
1210 2969 1291 3039 polis,
1308 2968 1452 3039 eclipticas
1463 2968 1536 3038 polis
1549 2971 1644 3040 aequi·

280 3050 456 3120 distantibus,
474 3051 601 3122 utrinque
613 3051 661 3108 23⁰
672 3051 717 3109 40¹
735 3059 911 3110 numerentur
927 3053 1021 3125 ibique
1034 3055 1088 3140 duq
1101 3061 1230 3112 notemur
1242 3063 1353 3126 puncta,
1372 3070 1443 3126 quae
1454 3056 1535 3124 polos
1548 3059 1644 3126 sequi·

277 3138 404 3196 noctialis
422 3137 504 3194 medii
521 3139 653 3210 referant,
676 3145 705 3196 et
722 3139 894 3198 delineentur
917 3141 1003 3198 coluri
1026 3143 1204 3200 solstitiorum
1222 3149 1251 3198 at
1267 3141 1499 3213 aequinoctiorum
1521 3143 1554 3200 in
1572 3145 1645 3200 orbi·

279 3226 350 3297 culo,
368 3223 479 3296 globum
497 3225 598 3282 Terrae
617 3227 782 3282 continente.
814 3227 914 3284 Oentro
931 3235 1023 3284 autem
1041 3229 1143 3286 Terrae
1160 3229 1231 3286 iuter
1250 3229 1341 3286 Solem
1359 3239 1388 3287 et
1404 3229 1500 3288 stellas
1519 3231 1645 3302 Virginis

279 3319 478 3384 commorante,
502 3311 661 3370 reflectatur
678 3329 727 3370 scu
746 3315 901 3385 obliquetur
918 3316 1124 3386 aequinoctialis
1141 3316 1246 3374 medius
1264 3317 1299 3372 sd
1317 3317 1421 3389 Solem,
1443 3327 1471 3373 et
1490 3317 1569 3376 linea
1588 3320 1645 3374 reri

280 3400 334 3458 loci
352 3401 424 3460 Solis
442 3417 492 3475 per
511 3418 679 3459 communem
702 3405 851 3462 sectionem
873 3405 949 3476 plani
972 3405 1129 3476 eclipticas,
1155 3403 1362 3474 aequinoctialis
1387 3405 1469 3462 medii
1492 3412 1523 3461 et
1547 3395 1646 3476 coluri,

279 3489 472 3561 disfinguentis
495 3491 666 3561 aequinoctia
687 3491 792 3562 media,
817 3500 947 3548 nauseat
982 3492 1026 3550 Ab
1043 3493 1175 3550 hocloco
1194 3493 1294 3548 Terrae
1320 3497 1414 3548 centro
1435 3493 1547 3563 aequali
1567 3507 1646 3550 motu

278 3575 314 3632 ad
332 3576 427 3634 stellas
444 3576 513 3632 fixas
531 3577 644 3648 singulis
663 3577 759 3636 diebus
778 3579 820 3636 ct‘
838 3581 874 3636 δ”
892 3580 952 3634 11”’
971 3578 1145 3651 procedente,
1164 3585 1297 3649 punctum
1314 3579 1423 3636 rmndc
1442 3581 1566 3638 medinm
1584 3589 1647 3640 tan·

279 3664 391 3724 tundam
408 3665 437 3722 in
458 3665 651 3737 praecedentia
676 3681 760 3737 super
778 3667 879 3724 Terrae
902 3671 997 3724 centro
1021 3665 1148 3724 contest
1169 3675 1198 3724 at
1221 3669 1305 3741 paulo
1327 3670 1457 3728 velociori
1477 3687 1584 3742 gressu
1607 3675 1646 3728 in·

278 3755 388 3822 cedens,
405 3755 448 3812 8‘¹‘
472 3754 531 3810 iere
553 3753 680 3823 angulum
704 3755 836 3824 maiorem
862 3755 1006 3812 describat.
1043 3755 1097 3812 Sed
1114 3763 1255 3812 manante
1277 3757 1393 3816 subinde
1411 3759 1529 3832 angulo,
1557 3763 1647 3833 qnia

277 3847 380 3914 puncto
398 3841 501 3897 vernali
518 3840 724 3912 aequinoctialis
742 3843 920 3914 mediisuper
932 3843 1034 3902 Terrae
1046 3849 1140 3900 corruo
1158 3842 1324 3914 (leonnatus,
1341 3847 1500 3917 priusquam
1514 3857 1647 3908 connum

279 3933 381 3988 Terrae
398 3929 434 3986 ad
451 3931 542 3986 locum
560 3930 711 4002 eclipticas,
730 3932 803 3989 unde
821 3933 981 4002 &messum
999 3941 1151 3990 narentur
1169 3933 1266 4004 denuo,
1283 3933 1357 3992 linea
1374 3937 1431 3992 veri
1447 3935 1501 3994 loci
1520 3940 1600 3996 Solis
1618 3941 1648 3994 in

277 4019 479 4092 aequinoctium
497 4019 616 4076 medium
638 4019 740 4077 incidet
767 4027 796 4076 et
813 4020 911 4082 stelles
932 4021 1095 4078 ridebuntur
1119 4020 1199 4078 nobis
1223 4021 1312 4080 medic
1338 4038 1388 4080 ssu
1412 4023 1522 4094 aequm
1550 4026 1647 4098 sliqm

274 4116 350 4168 motu
367 4110 396 4165 in
414 4107 618 4180 comeqaentia,
636 4123 686 4178 pro
704 4107 906 4179 antldpsitionis
923 4109 1038 4178 muana
1057 4107 1210 4178 proqrsdi.“

279 4255 300 4268 ,,
381 4195 540 4254 Librstlone
556 4195 641 4267 priori
659 4192 808 4266 obliquitas
825 4195 967 4266 eclipticae
985 4197 1118 4266 vadatur,
1137 4195 1208 4266 polis
1227 4195 1328 4252 Terrae
1345 4195 1374 4250 in
1392 4195 1487 4254 coloro
1505 4201 1648 4258 solstitio·

276 4305 336 4348 rum
354 4286 503 4344 mediorum
521 4285 565 4342 24¹
583 4281 795 4341 ascendentibus
813 4293 841 4340 et
860 4285 1104 4354 descendentibus,
1126 4284 1272 4356 posteriori
1288 4300 1352 4342 vero
1376 4289 1537 4356 praecessio
1556 4307 1650 4360 punc·

275 4383 365 4432 torum
385 4372 618 4446 aequinoctiorum
640 4371 791 4442 inaequalis
816 4371 948 4445 efficitur,
975 4374 1045 4444 polis
1067 4373 1168 4431 Terrae
1184 4389 1202 4426 a
1220 4371 1313 4430 colurc
1338 4371 1516 4432 solstitiorum
1545 4394 1650 4435 serens

275 4463 364 4518 latera
378 4460 474 4520 mnndi
490 4457 705 4531 deflectentibus,
724 4475 779 4530 quo
796 4457 854 4514 reri
871 4461 1027 4530 aequatoris
1045 4476 1106 4518 cunr
1123 4459 1249 4532 ecliptica
1265 4460 1352 4518 sectio
1370 4477 1388 4516 a
1404 4463 1495 4520 media
1512 4465 1553 4523 70
1566 4481 1647 4523 sorn-

276 4549 349 4620 pulie
366 4551 494 4619 utrinque
512 4545 639 4604 vamur.

382 4638 462 4696 Orbis
480 4637 582 4694 Terrae
600 4650 650 4692 cur
666 4637 814 4707 magnus
827 4634 981 4708 appelletur
998 4651 1016 4692 a
1034 4635 1197 4709 eopcmico,
1222 4636 1265 4692 bis
1283 4635 1403 4707 explicat
1421 4635 1578 4696 Rhoecus:
1607 4641 1649 4708 ,si

275 4727 452 4798 imperatores
468 4732 582 4796 prepter
599 4739 644 4780 ros
661 4723 777 4782 feliciter
794 4724 868 4782 bello
886 4730 978 4795 pastea
995 4727 1045 4780 ant
1060 4733 1155 4795 emtas
1173 4725 1293 4782 demutas
1310 4725 1481 4798 noram
1502 4731 1649 4802 accepere

277 4817 468 4883 cognomenta,
493 4809 591 4882 dignus
613 4819 689 4873 certe
713 4818 742 4868 et
758 4811 804 4870 hic
821 4813 894 4870 orbis
913 4817 985 4880 crat,
1011 4813 1057 4868 cui
1073 4813 1296 4884 augustissimum
1313 4814 1510 4872 attribueretur
1530 4833 1649 4890 noman,

277 4915 339 4958 cum
355 4899 416 4972 illie
433 4897 512 4971 saed
529 4898 606 4960 solus
624 4898 715 4971 lupum
734 4899 860 4958 cedentis
878 4899 989 4971 polinas
1006 4901 1155 4975 parddpes
1172 4915 1224 4958 nos
1247 4900 1331 4962 enat
1353 4917 1502 4975 omenque
1531 4919 1651 4966 amores
