3516 5540
136 503 143 520 .
214 411 277 486 636
519 411 698 472 sennarum
715 413 852 471 Historias
870 409 1060 472 amoremne
1078 413 1171 475 seculo
1188 415 1263 476 XVI.

211 605 289 660 esset
311 597 464 674 aequatio,
488 599 634 673 potuisset
656 596 779 658 eandem
801 603 914 674 partem
937 597 1121 672 aequationis
1141 597 1173 656 in
1196 595 1282 659 Lana
1309 599 1447 660 omissam
1475 599 1565 660 911999

213 691 241 746 19
266 683 334 745 Sole
358 688 509 756 omittere,
541 693 572 744 ut
594 687 637 744 sie
659 703 718 744 una
740 686 843 745 199919
865 687 981 760 9191999
1004 683 1210 744 consuleretur.
1257 687 1297 746 At
1318 687 1389 764 9919
1411 691 1566 750 99999991

213 770 541 846 ο99999991911,991911
564 773 620 832 999
643 773 808 836 tabularum
832 773 1001 832 diversitate
1025 771 1181 834 admonere
1204 782 1317 834 ceteros
1345 775 1501 835 decausis
1524 779 1566 836 rei

212 859 399 938 quaerendis,
424 862 487 964 ipre
511 862 623 919 interim
647 861 703 920 999
724 860 891 921 tabularum
921 861 1091 920 diversitate
1118 860 1265 920 consuluit
1293 863 1457 923 observatis
1489 865 1568 970 eirca

212 951 337 1020 Lunam,
360 955 392 1008 ut
414 950 477 1007 sine
500 947 708 1024 impedimento
732 947 917 1024 aliquatenus
940 946 1076 1024 progredi
1098 955 1207 1025 posset

321 1035 581 1113 tiiRectissime'
574 1053 605 1098 ru
627 1036 751 1098 eundem
782 1038 871 1096 situm
900 1034 1128 1112 conjunctionis,
1161 1038 1352 1114 oppositionis
1382 1045 1412 1100 91
1435 1037 1566 1116 9999199-

200 1133 352 1186 9199999999.

317 1212 349 1288 7)
372 1211 448 1271 Nam
472 1213 591 1272 omnino
613 1229 666 1290 per
688 1212 878 1292 epieyclioanr
901 1211 1177 1290 proetbapbaeresin
1201 1229 1288 1272 serus
1305 1213 1408 1276 Lunae
1430 1212 1514 1274 19999
1535 1217 1567 1274 19

211 1301 259 1362 919
278 1301 341 1378 jam
364 1299 450 1358 dietis
473 1299 590 1360 ossibus
613 1300 719 1378 prodit.
1284 1319 1289 1338 ·

138 1387 436 1460 Ι1981199
459 1390 535 1447 enim
559 1387 620 1448 ulla
643 1387 725 1448 deest
746 1388 1000 1466 proethapheresis
1023 1385 1264 1448 eecentriciiatis:
1289 1389 1317 1447 in
1341 1387 1428 1451 dietis
1449 1389 1568 1452 casibus

212 1479 325 1562 quippe
347 1474 429 1535 nulla
453 1483 506 1546 991,
529 1475 580 1535 sed
604 1477 785 1550 absorbetur,

319 1565 353 1636 9)
319 1571 409 1624 991
432 1570 461 1623 91
483 1560 647 1623 librationis
670 1565 840 1640 aequatio
832 1562 930 1622 99919
954 1561 1085 1624 articulis
1108 1561 1290 1628 absorbetur

231 1708 237 1720 ,
301 1651 354 1728 10)
376 1649 438 1709 Neo
461 1649 623 1712 differentia
651 1653 725 1711 inter
754 1652 851 1711 locum
882 1650 994 1709 orbitae
1018 1659 1048 1709 91
1069 1648 1235 1726 eclipticum
1259 1649 1421 1726 quidquam
1448 1654 1568 1713 veritati

212 1741 253 1800 rei
276 1737 411 1800 detrabit.
447 1737 522 1798 Nara
538 1738 617 1815 quod
633 1738 826 1816 quadraturas
847 1739 960 1810 attinet,
985 1736 1079 1798 ductis
1102 1737 1216 1798 circulis
1232 1737 1269 1796 ad
1286 1739 1452 1816 eclipticam
1465 1744 1563 1816 rectis,

212 1828 304 1889 altero
326 1843 379 1904 per
400 1825 516 1901 Solem,
545 1826 637 1888 aliero
659 1845 712 1903 per
734 1826 863 1900 Lunam,
891 1827 916 1885 si
939 1842 1024 1886 arcus
1047 1824 1199 1902 eclipticas
1222 1827 1399 1904 interceptus
1422 1835 1567 1906 991999-

213 1915 309 1988 dmm,
333 1915 439 1974 erit'et
460 1930 544 1974 arcus
567 1915 679 1975 orbitae
702 1915 803 1974 Lunae
826 1912 984 1989 quadrans.
1023 1911 1110 1987 Quod
1126 1931 1195 1972 9999
1212 1916 1317 1974 attinet
1339 1914 1461 1991 copulas
1479 1933 1516 1983 00
1535 1923 1567 1978 91

214 2015 264 2077 (f,
288 2003 460 2063 9991199991
483 2000 640 2076 9999991,
670 2010 703 2062 91
731 2009 862 2062 centrum
885 2001 1038 2062 eccentrici
1061 2003 1181 2060 altimo
1208 1999 1290 2073 loco,
1319 2002 1438 2078 qnando
1461 2003 1513 2064 Sol
1538 2011 1568 2064 et

210 2091 298 2152 Luna
317 2089 481 2165 aequaliter
508 2089 616 2150 absunt
639 2109 656 2150 a
679 2089 773 2162 nodo,
795 2107 854 2148 non
883 2091 1033 2163 obstante,
1067 2087 1146 2164 qood
1175 2087 1259 2150 loeus
1282 2089 1384 2150 Lunae
1413 2090 1568 2168 eclipticus

211 2178 253 2259 (id
275 2185 320 2239 est
342 2178 533 2254 imaginarius
557 2178 605 2238 991
627 2174 779 2246 relativus)
801 2179 904 2254 paucis
919 2178 1039 2236 minutis
1060 2177 1100 2236 sit
1115 2183 1183 2236 ante
1198 2176 1247 2238 991
1261 2185 1329 2254 post
1343 2176 1442 2239 Solem
1463 2179 1568 2256 ejusve
1599 2249 1605 2254 ¹

211 2284 229 2328 o
272 2267 388 2328 oeitum.

230 2285 269 2346 pp
314 2353 373 2414 Sed
396 2351 481 2412 aliter
505 2351 635 2430 objectio
659 2352 809 2414 informari
831 2359 945 2429 potest:
969 2369 1090 2428 nempe,
1112 2358 1181 2412 utut
1203 2351 1278 2412 bene
1300 2351 1411 2414 babeat
1432 2371 1499 2414 oum
1521 2353 1570 2416 bis

211 2446 231 2504 4
248 2442 386 2512 articulis,
402 2439 515 2517 reliqua
530 2447 608 2502 certe
624 2440 689 2502 loca
705 2440 887 2515 intermedia,
903 2442 1073 2544 praesertim
1090 2446 1232 2512 ostentes,
1249 2444 1350 2501 teneri.
1378 2440 1569 2518 Respondeo,

211 2534 237 2592 si
259 2546 329 2606 ergo
351 2527 458 2605 aliquis
481 2534 566 2617 putat
588 2527 780 2590 9999911999
802 2530 916 2606 peccari
940 2526 1070 2588 notabile
1094 2527 1229 2603 aliquid
1221 2545 1250 2586 m
1266 2527 1390 2602 calculo,
1413 2531 1438 2588 is
1453 2537 1571 2605 repetat

210 2619 340 2679 laborem
364 2623 394 2676 et
415 2633 490 2692 quas
512 2618 704 2692 99999119999
719 2618 803 2693 prius
818 2617 1007 2692 quaesiverat
1021 2633 1073 2692 per
1086 2614 1362 2692 prostbapbaeresin
1378 2616 1569 2722 epieyclieam

212 2706 315 2778 solam,
338 2703 456 2764 easdem
479 2712 584 2781 postea
606 2712 729 2780 quaerat
749 2719 801 2780 per
824 2720 925 2782 oprnes
941 2701 1416 2780 9999199999999999,9999999991
1432 2707 1569 2765 crassiori

209 2795 344 2856 Minerva
366 2791 523 2866 adbibitus,
546 2797 580 2850 ut
601 2808 655 2868 ego
678 2791 773 2852 iacere
793 2807 859 2850 sum
873 2791 994 2850 solitus:
1018 2791 1149 2850 99999191
1171 2795 1268 2850 sutem
1284 2790 1372 2868 plane
1387 2798 1569 2854 contemtum

211 2883 363 2961 quippiam
392 2881 507 2940 mutari.
554 2877 629 2940 Narn
652 2879 709 2939 bae
731 2877 1011 2956 prostbepbaereses
1034 2884 1215 2949 menstruae,
1245 2881 1414 2956 praesertim
1437 2879 1567 2956 libratio,

211 2973 242 3030 ln
265 2967 433 3030 octantibus
457 2973 525 3026 sunt
547 2969 701 3037 maximae,
726 2973 755 3026 et
777 2974 878 3024 notum
902 2972 961 3040 est,
994 2965 1112 3042 quando
1135 2965 1280 3025 maximae
1303 2974 1385 3038 sunt,
1416 2975 1485 3028 tuno
1516 2985 1568 3028 eas

209 3058 293 3119 tarde
316 3055 437 3129 mutari,
465 3062 498 3113 ut
520 3057 651 3131 proxime
675 3053 752 3113 idem
775 3060 947 3130 excerpatur
973 3071 1025 3130 per
1054 3053 1223 3132 distantiam
1245 3052 1347 3114 Lunae
1368 3072 1387 3112 a
1409 3053 1480 3114 Sole
1502 3055 1568 3116 9199

212 3141 355 3208 4419199
380 3137 612 3203 4919199461.
657 3139 806 3217 09119199,
837 3139 1020 3202 199911991919
1048 3139 1104 3200 boe
1134 3157 1217 3212 esse,
1248 3142 1334 3217 99991
1357 3159 1410 3220 per
1433 3142 1567 3218 regulam

210 3233 277 3294 19191
306 3231 428 3308 operari.
473 3228 666 3306 Respondeo:
698 3235 806 3289 certum
837 3235 896 3302 991,
928 3235 1026 3288 motus
1054 3227 1156 3288 Lunae
1187 3225 1350 3303 dispensari
1378 3245 1430 3306 per
1458 3247 1568 3291 9999999

210 3321 356 3400 physicas,
387 3318 487 3393 ltaque
516 3333 581 3377 9999
603 3315 772 3393 inaequales
802 3317 891 3376 etlam
922 3315 1003 3386 illos,
1036 3317 1087 3390 991
1114 3315 1377 3391 inaequalitatibus
1401 3317 1568 3392 majoribus

211 3404 386 3486 quaerendis
410 3407 550 3478 serviunt,
574 3405 682 3482 991999
698 3402 778 3480 apud
792 3410 977 3463 astronomos
992 3409 1105 3463 ceteros
1120 3401 1261 3477 aequales
1278 3409 1364 3478 sunt;
1387 3419 1447 3463 uno
1463 3406 1568 3478 verbo,

212 3503 321 3557 eertum
352 3501 409 3566 991,
440 3493 633 3568 99999119999
665 3497 830 3552 monendas
858 3489 985 3567 pendere
1008 3509 1027 3549 a
1050 3507 1120 3549 vera
1150 3487 1290 3550 distantia
1319 3490 1582 3555 1999998919.Ι

212 3585 269 3644 Eat
289 3583 379 3658 igitur
402 3581 569 3656 quicunque
592 3578 668 3639 alius
692 3587 722 3638 91
743 3576 849 3638 (199991
871 3577 989 3638 modurn
1006 3576 1193 3654 computandi
1217 3596 1252 3637 ex
1269 3578 1314 3637 bis
1328 3579 1478 3656 principiis
1495 3582 1570 3640 arti-

212 3672 401 3738 liciosiorsm,
425 3675 454 3727 et
477 3669 530 3727 erit
551 3667 624 3726 mibi
654 3683 778 3744 magnus
801 3665 985 3743 Apollonius.
1032 3665 1097 3725 Non
1129 3671 1174 3724 est
1201 3666 1229 3723 ln
1253 3668 1433 3726 astronomia
1456 3669 1499 3727 119
1522 3671 1571 3726 in-

211 3759 309 3820 solens
341 3755 493 3831 neglectus
521 3756 704 3816 minimarum
736 3755 952 3831 particulamm.
1003 3752 1190 3813 Ptolemaeus
1219 3755 1308 3812 etiarn
1337 3771 1356 3814 a
1384 3771 1456 3815 9999
1488 3755 1569 3816 Solis

212 3845 352 3908 distantia
387 3841 539 3919 suspendit
574 3846 767 3920 aequationea
799 3849 972 3912 menstruas.
1026 3839 1114 3901 Solus
1147 3839 1326 3916 Gopemions
1366 3841 1482 3905 9991919
1513 3843 1571 3904 999

212 3944 347 4005 9919999,
372 3929 441 3990 dum
464 3929 605 3992 delicatos
628 3929 723 3991 reddit
744 3937 922 4008 geometres,
945 3945 1004 3990 non
1027 3927 1170 3988 9911919911
1193 3929 1370 3990 astronomis
1393 3930 1573 3992 999999919-

210 4025 301 4099 ribus,
326 4026 359 4079 ut
380 4017 484 4097 Tycbo
507 4026 644 4094 expertus
667 4026 720 4079 eet.

318 4107 371 4185 11)
395 4107 633 4166 Demonstratum
656 4113 716 4186 est,
745 4104 895 4182 querelam
925 4103 1002 4164 bauo
1024 4101 1061 4163 de
1082 4106 1161 4163 veris
1184 4116 1220 4169 0(
1256 4110 1286 4163 91
1310 4118 1359 4177 00,
1383 4109 1417 4163 ut
1438 4101 1572 4181 qnadra-

212 4201 293 4271 turis,
316 4195 456 4272 injustam
480 4211 554 4254 esse.

318 4283 371 4360 12)
395 4283 433 4342 Et
455 4280 494 4341 ad
516 4281 592 4342 bane
620 4279 708 4358 plane
736 4278 900 4358 respondeo
923 4277 1044 4352 eadem,
1075 4293 1152 4354 9999
1181 4283 1282 4338 999199
1310 4284 1572 4341 nnm.10.res·

211 4371 316 4453 pondi3
340 4372 402 4448 jam
426 4371 503 4432 euim
527 4367 637 4430 dicium
659 4373 714 4428 est.

320 4461 374 4534 te)
397 4457 514 4528 Mirum,
537 4473 597 4516 non
620 4455 719 4517 videre
742 4460 948 4531 opponentem,
971 4453 997 4512 ai
1012 4452 1161 4514 anomalia
1176 4453 1339 4530 corrigitur,
1363 4455 1454 4514 etlam
1469 4472 1572 4517 rerarn

213 4548 382 4608 distantiam
405 4545 508 4604 Lunae
530 4562 549 4603 a
571 4541 640 4604 Sole
664 4543 778 4616 corrigi

320 4636 374 4708 14)
397 4633 435 4692 Et
458 4647 509 4692 999
529 4638 635 4708 neget,
660 4630 762 4689 Lunae
786 4643 839 4705 per
863 4645 894 4688 99
917 4637 1028 4689 motum
1052 4628 1180 4706 eoniptt
1216 4627 1301 4688 Luna
1322 4630 1433 4708 quippe
1456 4629 1573 4693 distans

214 4718 272 4782 491
293 4737 312 4780 a
334 4720 403 4780 Sole
426 4718 560 4779 adbibita
582 4719 738 4777 libratione
762 4714 884 4776 distabit
908 4712 965 4777 45⁰
989 4718 1049 4776 to‘.

322 4805 374 4888 19)
396 4805 477 4866 Vera
500 4806 640 4868 9919999
662 4804 801 4881 objectio,
825 4809 856 4864 91
878 4820 936 4864 999
958 4804 1134 4866 9999999919.
1170 4803 1236 4862 1199
1253 4805 1419 4864 necessaria
1440 4805 1480 4866 ob
1496 4807 1573 4868 snb·

212 4891 350 4959 tilitatem
372 4893 509 4974 edoctusr
538 4911 610 4962 9999
638 4893 825 4986 geometrice,
869 4891 946 4962 tiam
973 4897 1111 4957 manente
1137 4889 1239 4954 eadem
1270 4892 1437 4970 quantitate
1459 4893 1573 4958 circelil
