3516 5540
432 405 621 468 Summarium
638 403 774 466 Historiae
792 404 980 465 uaeramus
998 405 1089 464 seculo
1108 403 1179 464 XVI.
1434 408 1498 485 585

123 591 169 646 un,
186 578 273 636 velut
296 596 344 637 ex
367 582 524 640 radiorum
543 579 733 640 intersectione
751 587 836 654 patet.
873 583 945 638 Hinc
961 583 1029 642 illud
1048 583 1183 656 sequitur,
1206 590 1238 642 tit
1255 585 1319 644 Sole
1336 603 1386 660 par
1404 589 1496 659 quale-

124 684 200 738 cunque
213 668 372 726 toramen
386 673 535 740 radiante,
553 688 607 744 qno
619 673 727 744 longms
739 690 756 729 a
767 672 899 732 foramine
911 672 980 744 radii
992 677 1183 748 processerint,
1203 691 1235 734 eo
1247 678 1334 749 magis
1342 678 1374 732 in
1386 679 1498 749 planum

125 756 209 827 urdo,
232 759 291 828 qui
315 763 475 818 terminus
495 769 538 817 est
554 762 686 820 radiantis
704 761 865 832 superficiei,
882 760 1043 832 parallelum
1060 765 1183 835 projecta
1201 766 1249 824 lux
1267 765 1302 822 ad
1314 766 1436 836 ejusdam
1449 768 1498 826 eir·

106 846 166 904 ¹osli
179 846 305 904 formam
327 852 465 922 propius
488 851 602 908 accedat
619 867 651 906 ac
668 849 779 908 tandem
802 850 925 922 perfecte
949 850 1088 910 circularis
1110 857 1258 928 apparenti
1280 854 1498 924 qnandoquidem

129 937 230 992 toramen
249 945 409 1010 respectu
431 939 532 998 solaris
549 938 740 1008 magnitudinis
758 939 923 996 insensibilis
941 940 978 996 sit
994 941 1179 1008 puniuerat
1206 942 1247 996 De
1264 941 1413 1000 reflexione
1431 943 1499 999 baec
1600 1000 1610 1010 ,

132 1023 230 1097 proiert:
250 1035 389 1098 propter
409 1027 553 1084 lenitatem
570 1029 663 1085 radius
680 1031 708 1085 in
726 1029 897 1100 superficiem
915 1031 1016 1088 ιιιιιιι
1039 1029 1193 1101 expellitur.
1229 1030 1331 1088 Radius
1349 1033 1498 1102 perpendi·
1530 1060 1535 1080 ·

135 1115 216 1172 culmis
233 1115 266 1170 in
286 1132 323 1172 se
344 1115 449 1186 ipsum
468 1115 625 1187 reflectitur,
643 1118 770 1188 obliquus
788 1118 823 1174 ad
842 1117 982 1188 aequalem
1000 1117 1184 1174 inclinationis
1197 1118 1324 1188 angulum
1341 1117 1499 1176 reflectitur.

137 1205 203 1260 lladii
218 1219 235 1258 ι
253 1221 393 1262 murano
418 1205 533 1276 speculo
558 1205 652 1262 reflexi
674 1207 702 1262 in
726 1214 857 1276 puuctum
879 1211 1051 1264 concurrunt.
1088 1207 1120 1260 ln
1139 1206 1296 1276 Gstoptrica
1317 1207 1446 1277 pleraque
1465 1221 1500 1264 en
1594 1223 1607 1234 ⁵
1686 1239 1689 1264 ι

141 1293 240 1350 Euclide
267 1307 326 1350 sen
346 1293 506 1352 Vitellians
529 1294 668 1372 desnensit
704 1293 852 1360 affirmat„
867 1293 983 1362 angulos
1007 1293 1212 1352 inclinationum
1230 1310 1291 1352 ease
1308 1295 1499 1352 intrandonnm

143 1381 235 1453 angulis
260 1382 514 1454 proportionales,
540 1401 619 1454 quam
645 1385 778 1440 rationem
802 1384 843 1440 ita
869 1383 1049 1453 demonstrat,
1077 1391 1108 1440 nt
1124 1383 1217 1440 orbem
1235 1383 1421 1442 concludenda
1438 1400 1501 1442 eum

145 1469 245 1526 volvisse
270 1469 365 1528 dicas.
411 1469 493 1526 Radii
517 1487 568 1540 per
589 1471 754 1541 diapbanum
778 1471 921 1542 globosum
949 1479 1123 1531 transeuntes
1153 1474 1235 1555 fracti
1258 1491 1313 1530 non
1336 1480 1503 1531 concurrunt

41 1555 43 1577 ¹
147 1559 206 1614 mua
221 1557 349 1628 globum,
370 1559 396 1613 si
415 1573 451 1614 ex
470 1574 525 1614 uno
543 1566 644 1628 puncto
664 1553 771 1616 'exeunt
787 1574 838 1616 seu
854 1567 938 1618 autea
954 1561 1078 1632 paralleli
1090 1563 1207 1632 luemut,
1226 1562 1391 1620 cornutum
1403 1563 1501 1630 euenit,

149 1645 246 1702 siradii
263 1646 400 1718 paralleli
424 1646 497 1702 intra
521 1645 629 1718 globum
654 1647 820 1720 diapbanum
845 1649 880 1704 ab
905 1663 937 1704 eo
962 1657 1071 1708 exeunt.
1107 1651 1151 1708 Da
1172 1650 1241 1706 iride
1263 1651 1338 1708 naria
1356 1648 1501 1704 Vitellians

49 1778 50 1785 ,
153 1736 212 1792 duce
228 1737 372 1808 proponit,
392 1753 416 1790 r.
438 1753 462 1792 c.
482 1735 586 1794 solares
603 1735 695 1794 radios
713 1737 741 1792 in
758 1737 876 1794 condam
895 1738 995 1794 nubem
1013 1737 1141 1794 mdeotes
1159 1736 1194 1793 ad
1212 1738 1350 1807 angulum,
1369 1737 1502 1806 quirem

153 1826 280 1882 dimidium
299 1835 358 1892 est,
384 1823 506 1894 undique
523 1823 559 1879 ad
577 1824 685 1880 oculum
704 1826 838 1882 retractos
860 1825 956 1882 iridem
975 1842 1106 1896 generare
1123 1832 1206 1897 atque
1223 1825 1286 1882 ideo
1303 1824 1400 1881 iridem
1417 1823 1502 1881 circu

153 1913 228 1970 larem
244 1915 341 1972 rideri.
380 1915 493 1971 colores
511 1914 576 1972 oriri
591 1915 736 1988 mriltiplioi
752 1915 917 1973 retractione
935 1916 1085 1985 radiorum,
1107 1931 1162 1986 qua
1178 1913 1246 1971 radii
1264 1913 1409 1974 solidiores
1425 1911 1502 1971 asna

154 2001 267 2070 Qnatnor
284 2000 395 2058 colores
421 2003 585 2073 praecipuos
602 2003 678 2060 iridis
696 2002 855 2072 destinguit,
882 2003 981 2072 quibus
999 2002 1131 2072 accedant
1145 2010 1204 2058 'tres
1227 2002 1273 2058 alii
1291 2000 1505 2064 medicalem,

153 2089 222 2158 amsi
232 2089 360 2144 binorum
371 2088 582 2160 praecipuorum
595 2091 787 2147 connexiones.
817 2089 936 2160 ,Orgsni
951 2085 1075 2146 visinalist
1091 2098 1253 2148 structuram
1266 2097 1378 2146 anctore
1391 2087 1503 2144 Andraa

45 2226 46 2233 ,
153 2176 268 2231 vassalio
285 2176 461 2234 Bruxellensi
484 2176 620 2234 describit.
656 2179 804 2234 Humorem
826 2179 1013 2250 mustellinum
1037 2179 1212 2250 praecipuam
1232 2177 1324 2236 sedem
1347 2178 1423 2234 visus
1441 2191 1502 2232 esse

153 2264 298 2332 metendis,
323 2270 351 2320 et
369 2264 500 2334 imagines
526 2271 681 2322 exterorum
699 2265 866 2336 objectorum
885 2266 958 2324 lente
977 2265 1066 2338 lrangi
1083 2274 1111 2324 ot
1127 2267 1155 2322 in
1168 2266 1283 2322 retinam
1295 2264 1384 2336 rejici;
1401 2265 1502 2322 lentem

153 2361 237 2408 suen
263 2352 450 2424 crystallinam
477 2360 617 2425 comparat
643 2371 704 2412 cum
732 2355 808 2410 vitris
831 2355 1056 2426 perspieillornm.
1098 2355 1236 2426 Myopianr
1259 2353 1369 2410 deducit
1386 2369 1403 2408 a
1420 2352 1503 2412 lentis

37 2500 38 2509 ,
153 2441 318 2498 wurexitme
335 2441 398 2510 plus
412 2459 495 2512 quam
509 2443 594 2510 iusta,
613 2458 667 2511 qua
684 2440 753 2497 radii
771 2443 800 2500 in
817 2459 900 2500 narso
916 2444 990 2500 riam
1009 2449 1064 2500 tam
1079 2459 1169 2514 propa
1186 2446 1358 2512 conrergant,
1379 2449 1409 2498 ut
1427 2442 1502 2498 risus

153 2527 278 2584 obscum
296 2529 358 2600 liat;
381 2530 430 2598 qui
447 2545 512 2584 sero
530 2527 661 2598 pupillam
679 2527 713 2584 de
731 2529 827 2600 maiori
844 2532 962 2600 sphaera
978 2540 1095 2586 sumtum
1118 2530 1258 2598 babeant,
1273 2529 1306 2584 iis
1325 2528 1501 2598 expansioras

152 2616 237 2672 radios
253 2615 405 2686 adlongius
418 2615 598 2688 spectandum
612 2617 685 2686 terri,
703 2633 839 2674 concursu
853 2619 913 2688 jam
924 2618 1068 2689 protelato.
1093 2617 1284 2674 Diversitatem
1303 2616 1378 2672 risus
1397 2615 1502 2674 adoles·

153 2702 265 2758 centinm
283 2719 316 2758 aa
334 2719 430 2760 senum
448 2703 513 2762 oriri
531 2705 724 2776 expapillatis
741 2705 844 2762 formae
861 2706 1023 2776 mutatione,
1047 2695 1180 2776 signidem
1202 2705 1231 2760 in
1247 2702 1359 2762 senibus
1382 2702 1502 2758 humoris

153 2791 271 2846 remissio
289 2793 411 2848 remittat
427 2791 552 2848 uonnbil
568 2794 596 2848 in
613 2793 719 2864 pupilla
736 2793 857 2850 tumoris.
888 2793 990 2850 Addita
1007 2799 1072 2850 sunt
1088 2793 1132 2850 bis
1150 2791 1382 2862 disquisitionibus
1394 2790 1503 2862 proble-

153 2880 371 2948 naupraedam
389 2879 425 2934 ad
440 2880 641 2950 perspectivam
660 2887 688 2936 et
704 2880 800 2937 iridem
819 2880 987 2950 spectantis,
1006 2879 1133 2950 equibus
1145 2897 1229 2936 unam
1246 2887 1351 2936 mutum
1370 2879 1503 2950 eligimus,

152 2965 180 3020 in
198 2982 249 3036 qno
266 2967 300 3024 de
318 2968 457 3026 coloribus
475 2968 553 3026 iridis
569 2969 622 3026 boc
640 2970 784 3027 assedtur:
804 2969 950 3034 ,Colonum
968 2969 1157 3026 varietasmon
1176 2969 1308 3040 prouenit,
1319 2968 1380 3038 ‚nisi
1391 2975 1503 3038 propter

151 3053 340 3124 multimodam,
358 3057 526 3126 reciprocam
537 3073 569 3113 ac
581 3056 683 3128 pluries
695 3058 841 3128 repetitam
852 3059 989 3126 radiorum
1002 3059 1244 3128 repercussiouem,
1256 3057 1297 3112 uti
1309 3057 1341 3114 lit
1351 3057 1379 3111 in
1392 3055 1503 3126 quibus·

153 3139 215 3194 dm
230 3143 343 3212 guttulis
361 3143 509 3200 herbarum
528 3153 556 3200 et
572 3144 600 3200 in
621 3146 766 3216 diapbanis
785 3146 878 3204 vitreis
901 3151 949 3202 aut
971 3147 1136 3218 crystallinis
1161 3145 1253 3217 politis
1276 3143 1451 3214 corporibus,
1474 3143 1504 3200 iu

152 3233 248 3301 ombus
264 3234 333 3290 radii
349 3233 534 3305 ingredientes
552 3233 722 3305 tranguntur,
741 3242 769 3290 at
786 3234 901 3302 ingressi
920 3234 990 3290 ultro
1009 3235 1133 3303 citroque
1155 3233 1189 3288 ab
1207 3233 1361 3288 intrinsecis
1379 3231 1503 3288 faciebus

151 3321 227 3376 nissi
241 3339 273 3380 ac
290 3322 398 3380 remissi
415 3320 534 3378 vicissim
552 3336 586 3378 nc
603 3323 713 3392 saepius
731 3322 809 3392 quasi
828 3339 845 3378 a
862 3321 980 3391 speculis
998 3321 1185 3402 reflectuntur.
1209 3320 1313 3390 Quodsi
1324 3335 1373 3390 per
1385 3334 1504 3389 pennam

152 3409 290 3466 aedom
307 3411 449 3468 columbae
467 3411 525 3466 sive
543 3411 654 3468 alamus
671 3411 730 3468 avis
749 3409 827 3468 oculo
847 3411 1000 3482 oppositam
1017 3411 1167 3482 perspicias
1190 3410 1283 3466 lsrmen
1301 3406 1431 3464 candelae
1448 3422 1507 3462 nou

151 3496 192 3551 ita
209 3496 286 3570 longe
302 3499 437 3570 positum,
461 3499 566 3556 ridebis
589 3499 660 3555 inter
677 3500 830 3570 plumarum
856 3498 943 3556 lineas
960 3515 993 3554 ao
1010 3499 1135 3557 smcnlos
1156 3499 1219 3556 illos
1241 3513 1348 3556 macera
1366 3497 1503 3569 quandam

151 3585 222 3640 aba
236 3587 355 3642 colorum
372 3587 517 3657 varietate,
540 3587 634 3656 quales
651 3588 679 3644 iu
698 3588 765 3646 iride
783 3595 862 3658 sunt,
888 3587 1057 3656 distinctam,
1082 3587 1130 3658 qui
1147 3603 1202 3642 non
1221 3586 1300 3642 aliter
1317 3585 1399 3654 liunt,
1421 3601 1504 3654 quam

151 3689 203 3742 per
218 3674 303 3730 lucem
319 3675 392 3730 inter
409 3675 556 3732 floccorum
573 3675 737 3734 canaliculos
754 3683 893 3747 receptam
905 3691 937 3730 ac
948 3674 1155 3744 multiplicatam
1168 3683 1196 3730 at
1208 3674 1360 3730 successive
1379 3671 1504 3728 inceden-

152 3767 210 3816 ιω
225 3771 251 3818 et
267 3761 379 3820 alternis
402 3769 615 3834 repercussam}
635 3795 668 3804 -
688 3765 878 3834 (Conseruntur
902 3764 1024 3822 cumbis
1043 3779 1088 3832 ea,
1113 3779 1183 3834 guae
1201 3763 1336 3833 Keplerus
1362 3761 1453 3832 prodit
1470 3761 1505 3817 de

152 3849 215 3904 risu
231 3859 258 3904 et
276 3851 446 3922 retractione,
465 3851 518 3910 sol.
536 3853 571 3908 ll.
590 3871 617 3924 p.
636 3854 688 3910 176
707 3869 752 3922 se,
771 3852 823 3910 226
841 3853 893 3922 ιι.)
908 3882 944 3920 ,-
961 3853 1025 3908 Noa
1042 3851 1192 3910 omittenda
1210 3851 1254 3907 liic
1272 3855 1336 3907 sunt
1352 3849 1505 3918 Manrolyoi

153 3937 243 3994 auda
260 3941 357 4009 purtim
375 3941 410 3996 sd
428 3940 612 3998 restituendos
630 3949 737 3998 veteres
755 3941 961 3999 mathematicos
979 3939 1186 4009 (Theodosium,
1204 3935 1388 4008 Apollonium,
1405 3937 1504 3992 Archi·

153 4027 270 4096 uam)
293 4029 471 4100 pertinentia,
494 4030 593 4098 partim
618 4030 835 4088 mathematicam
861 4027 1040 4086 theoreticam
1065 4026 1224 4098 spectantia.
1265 4027 1299 4082 ln
1326 4024 1505 4081 Aritbmstioa

154 4113 236 4178 (tiit
250 4114 389 4186 impressa
407 4116 535 4174 absoluta
552 4125 642 4174 autem
660 4135 686 4174 a.
705 4119 787 4186 tour)
806 4118 840 4173 ds
858 4117 978 4174 nummis
995 4119 1142 4185 praecipue
1161 4113 1368 4184 polygonaiibus
1386 4110 1503 4180 disserit,

156 4200 207 4259 sie
222 4201 315 4272 quibus
338 4219 428 4283 nsque
449 4203 524 4274 apud
547 4213 656 4262 nocuos
682 4220 771 4273 nequo
796 4204 869 4274 apud
889 4203 1007 4260 Graecos
1025 4203 1092 4260 satis
1116 4201 1226 4271 scripsit
1249 4201 1410 4271 quispiamt‘.
1448 4198 1503 4254 Sub

153 4285 231 4346 fin
246 4289 338 4348 librii
356 4291 498 4348 liwmnm
510 4307 576 4348 osus
588 4291 665 4350 nobis
678 4292 803 4360 occurrit,
822 4290 920 4358 quibus
932 4289 1027 4354 melem
1039 4289 1097 4346 lere
1109 4291 1215 4346 ratione
1229 4290 1322 4357 utitur,
1341 4302 1396 4356 qua
1412 4291 1503 4356 poste·

152 4377 237 4434 rinae
247 4379 324 4436 Virta
339 4385 368 4438 et
379 4380 535 4436 Herriotua.
565 4379 647 4436 Verbi
659 4395 756 4438 cansa:
778 4385 912 4448 ,ponatur
929 4379 1019 4444 unitas
1030 4395 1062 4450 a,
1087 4377 1202 4448 quilibet
1224 4383 1316 4432 autem
1332 4387 1460 4438 numerus
1478 4377 1504 4445 b,

152 4463 213 4535 ipsa
223 4475 307 4524 autam
319 4486 334 4526 o
345 4468 451 4524 unitate
465 4467 644 4538 majoranum
657 4471 681 4526 b.
712 4467 818 4522 Deinde
830 4469 847 4524 b
859 4468 887 4523 in
899 4481 929 4522 se
941 4466 1024 4522 facim
1036 4467 1062 4530 d,
1081 4465 1139 4522 bin
1151 4483 1166 4522 c
1177 4465 1260 4520 faciat
1273 4468 1302 4519 ιιι
1321 4464 1401 4519 etsie
1414 4477 1505 4532 porro,

153 4551 238 4610 duaa
251 4554 317 4614 baec
333 4556 434 4614 eradat
454 4555 597 4624 aequatio:
618 4565 811 4628 ,aggregatum
829 4571 864 4612 ex
880 4573 908 4612 aa
925 4573 942 4628 g
959 4554 1112 4625 qunbuplo
1130 4555 1251 4626 ipsorum
1269 4569 1306 4622 up
1319 4559 1347 4607 et
1364 4566 1400 4606 ex
1417 4553 1504 4623 ipsios

156 4659 174 4696 o
196 4644 313 4718 aarenplo
335 4655 380 4703 eat
407 4641 552 4701 secundus
570 4643 717 4712 quadratos
735 4645 819 4700 totins
837 4646 854 4700 b
872 4649 916 4712 ct,
940 4659 1020 4714 quam
1044 4649 1075 4698 ut
1092 4642 1234 4697 usitatiore
1251 4648 1279 4696 et
1297 4639 1401 4696 tritiora
1418 4641 1505 4698 torma

157 4729 415 4806 hbmpretanur:
436 4731 609 4801 (b†c)⁸=
623 4733 651 4787 b*
666 4733 698 4799 -l-
711 4730 839 4799 lb⁸e÷
852 4730 908 4788 bb²
921 4732 949 4786 c'
962 4734 993 4797 -ι
1007 4728 1083 4785 abal
1096 4731 1128 4796 -l-
1143 4727 1178 4786 0⁴.
1204 4726 1449 4798 Notandaquoque
1462 4737 1505 4786 est

154 4815 287 4896 hnulya
306 4822 463 4897 pemlinris
487 4816 558 4874 ratio
583 4819 699 4875 radicem
723 4819 883 4889 quadratam
907 4815 1079 4886 extrahendi,
1104 4815 1133 4870 in
1158 4829 1213 4886 qua
1233 4813 1350 4886 speciem
1369 4815 1505 4888 quandam

151 4907 292 4976 ludum
310 4909 499 4976 agminalium
518 4905 753 4978 deprehendimus.
