3624 5554
265 394 331 466 ast
479 469 482 474 ¹
576 395 756 456 ammaim
773 395 911 454 suasae
929 395 1120 456 mosanas
1138 397 1232 456 mesu
1248 400 1322 460 xva

266 579 349 642 atque
369 571 423 628 hos
450 570 579 628 imminua
602 571 747 642 paschales
776 572 883 630 condlii
907 571 1022 628 liicssni
1049 573 1213 630 auctoritate
1238 575 1404 632 constitutos
1429 572 1613 643 murmurat

269 659 374 728 ,Quum
392 666 484 716 autem
500 659 701 728 aequinoctium
726 676 837 716 sernum
855 668 919 716 aute
942 661 1137 716 correctionem
1154 662 1303 718 calendarii
1327 679 1383 718 non
1405 662 1499 718 iisdem
1517 661 1616 716 diebus

266 745 418 814 contigerit,
436 746 535 814 quibus
553 753 676 816 tempore
694 749 802 803 concilii
820 748 933 804 Nicaeui
957 747 1056 816 tiebat,
1079 750 1152 806 unde
1169 749 1257 806 multa
1275 749 1446 806 incommode
1461 755 1523 804 orta
1540 754 1615 812 sunt,

232 879 237 888 ,
268 832 451 890 necessarium
470 832 578 888 omniuo
597 833 662 904 luit,
685 843 716 890 ut
740 836 942 904 aequinoctium
966 851 1079 892 sernum
1096 838 1123 896 iu
1142 837 1284 907 pristinem
1307 837 1399 894 sedem
1417 835 1616 904 restitueretur,

266 936 317 976 nec
335 920 423 976 miuus
442 922 596 976 necessaria
615 929 674 978 erut
687 924 819 979 correctio
832 923 989 980 calendarii.
1019 925 1147 980 Exemtio
1165 925 1270 980 dierum
1290 924 1452 993 ldprimum
1468 921 1618 977 constituta

265 1008 318 1063 init
336 1016 399 1076 post
416 1009 443 1063 1.
461 1008 532 1064 diem
549 1007 676 1064 Octobris
693 1011 758 1066 anui
775 1011 852 1082 1582,
872 1012 936 1080 quis
953 1027 1018 1067 sero
1036 1011 1186 1068 nonnullae
1204 1011 1360 1080 provinciae
1378 1026 1412 1066 ex
1424 1009 1534 1066 Octobri
1552 1007 1618 1062 anni

268 1095 343 1152 1582.
362 1095 482 1166 nondum
501 1097 594 1154 decem
613 1096 670 1152 dies
683 1105 850 1165 exemerunt,
867 1097 942 1168 quod
960 1099 995 1153 sd
1012 1114 1059 1154 eas
1078 1106 1133 1154 tam
1152 1100 1206 1156 cito
1219 1099 1384 1168 exemplaris
1395 1098 1459 1154 nori
1471 1094 1617 1154 calendarii

264 1181 379 1252 perferri
402 1199 457 1238 uon
480 1191 640 1256 potuerant,
666 1186 767 1254 optimo
793 1185 906 1240 consilio
930 1184 1110 1258 factumest,
1135 1195 1165 1244 ut
1185 1202 1260 1248 anuo
1282 1186 1357 1242 tusa.
1384 1201 1440 1240 non
1458 1189 1618 1252 exspectato

264 1359 338 1416 bone
360 1358 395 1416 ab
421 1359 537 1416 ecclesia
560 1360 682 1418 Romana
704 1359 904 1416 dissentirent.“
942 1361 1013 1417 Dein
1033 1361 1140 1418 Clasius
1166 1363 1287 1420 rationes
1310 1361 1404 1428 aiiert,
1427 1357 1525 1431 quibus
1542 1366 1618 1414 mota

265 1445 381 1518 ecclesia
398 1445 563 1516 posthabitis
576 1447 647 1501 seris
660 1448 756 1504 Lunae
774 1463 806 1502 sc
819 1447 890 1502 Solis
905 1448 1024 1504 motibus
1043 1449 1118 1506 solos
1136 1450 1239 1518 medios
1258 1459 1287 1508 et
1303 1450 1432 1519 aequales
1450 1448 1617 1506 consideret:

265 1535 295 1600 1)
314 1541 406 1590 motus
424 1534 481 1588 reri
498 1533 655 1604 inaequales
674 1541 752 1604 sunt,
775 1537 857 1592 medii
880 1545 972 1594 autem
997 1553 1105 1607 semper
1127 1539 1256 1608 amosias
1274 1545 1303 1592 et
1320 1537 1482 1604 uniformem
1505 1533 1618 1602 regulae

227 1621 234 1636 “
269 1622 304 1678 ad
321 1622 557 1692 investigationem
575 1622 750 1692 aequinoctii,
777 1623 909 1680 novilunii
933 1641 966 1680 ao
983 1625 1127 1695 plenilunii
1152 1625 1290 1696 paschalis
1307 1624 1408 1682 traditu
1428 1621 1616 1687 sentiendas,

266 1723 338 1779 quae
355 1723 372 1762 a
390 1707 515 1778 quolibet
532 1709 714 1766 astronomiae
733 1709 815 1766 etiam
832 1712 942 1767 omuino
959 1714 1022 1768 rudi
1040 1721 1068 1768 et
1084 1714 1179 1784 ipuaro
1197 1713 1302 1784 percipi
1325 1713 1432 1782 possint
1449 1709 1616 1776 medumque

266 1803 330 1852 sunt
348 1794 484 1851 faciliores
503 1794 531 1850 in
549 1795 659 1866 mediis,
682 1813 763 1866 quam
785 1799 813 1851 in
831 1799 902 1854 reris
920 1800 1048 1856 motibus.
1083 1804 1100 1858 2
1102 1810 1114 1869 J
1135 1802 1199 1856 Veri
1216 1808 1306 1855 motus
1328 1805 1488 1867 perpetuans
1513 1794 1617 1850 excita·

269 1889 331 1940 rent
349 1882 513 1938 discordiam
529 1883 602 1942 inter
620 1883 720 1940 Christi
738 1884 833 1940 fideles
851 1885 880 1940 in
897 1886 1018 1954 paschae
1030 1887 1222 1956 celebratione,
1241 1893 1353 1956 propter
1364 1884 1519 1940 tabularum
1531 1888 1618 1938 astro·

268 1969 434 2024 nomicarum
456 1970 622 2028 serietatem.
666 1973 696 2042 3)
713 1971 813 2028 Nullae
837 1972 949 2028 tabulae
974 1975 1101 2030 conditu
1126 1977 1247 2030 suntab
1272 1972 1450 2040 astronomis,
1474 1986 1525 2040 per
1549 1985 1619 2038 quas

266 2057 324 2110 seri
348 2055 488 2114 stellarum
512 2066 602 2114 motus
627 2059 664 2114 ed
682 2075 761 2116 omne
784 2067 893 2128 tempus
921 2068 995 2115 certo
1017 2060 1116 2131 inquiri
1139 2063 1247 2132 possint
1270 2069 1299 2116 et
1324 2059 1460 2130 cognosci.
1496 2059 1528 2112 In
1545 2059 1620 2112 hunc

268 2143 350 2200 finem
368 2149 544 2208 recensentur
562 2145 673 2204 tabulae
689 2146 848 2216 Ptolemaei,
866 2148 1243 2217 Alphonsiuae,1³rutouicao
1261 2148 1453 2218 (praesuunt
1472 2162 1534 2202 cum
1551 2145 1619 2200 Pru·

267 2233 372 2287 tonicae
389 2231 500 2286 tabulae
512 2232 623 2290 incertis
636 2234 846 2304 hypothesibus,
864 2235 963 2292 nedum
976 2235 1101 2290 absurdis
1120 2243 1148 2292 ct
1160 2253 1177 2290 a
1189 2236 1322 2296 communi
1340 2236 1479 2290 homiuum
1491 2232 1620 2302 opinione

267 2319 478 2376 abhorrentibus
501 2327 529 2376 et
553 2322 652 2390 quibus
677 2339 772 2378 omues
794 2323 952 2392 philosophi
975 2323 1115 2380 naturales
1139 2331 1305 2392 repugnant,
1330 2321 1460 2378 fundatae
1486 2321 1569 2389 siat“)
1592 2326 1621 2374 et

269 2405 414 2476 Tychonia.
453 2408 528 2474 „Nec
545 2425 608 2464 sero
626 2408 696 2464 haec
714 2425 731 2462 a
750 2425 793 2464 me
810 2410 872 2466 ideo
891 2410 975 2466 allata
993 2415 1071 2474 suut,
1095 2412 1168 2482 quod
1186 2418 1280 2480 putem
1299 2411 1406 2466 tabulas
1425 2408 1621 2464 astronomicas

269 2495 376 2550 omnino
396 2495 558 2564 rejiciendas
578 2511 639 2554 esse
656 2507 794 2568 tamquam
810 2497 895 2556 falsas
914 2507 943 2554 et
959 2499 1062 2564 futiles,
1081 2499 1130 2556 sed
1148 2498 1234 2554 solum
1247 2498 1301 2554 hoo
1313 2497 1459 2565 contendo,
1476 2495 1633 2552 ecclesiam·

270 2600 324 2637 uon
342 2599 403 2638 esse
422 2582 457 2638 ad
475 2585 597 2640 curiosas
615 2592 833 2644 astronomorum
853 2587 1018 2644 subtilitates
1037 2587 1217 2656 alligandam,
1236 2602 1297 2641 cum
1315 2585 1426 2641 easdem
1445 2583 1554 2640 tabulae
1572 2583 1620 2637 dia

268 2671 365 2726 durare
384 2678 529 2742 nequeant,
548 2672 596 2728 sed
614 2673 686 2730 aliae
699 2682 783 2743 atque
801 2675 872 2730 alise
891 2693 941 2746 pro
959 2683 1112 2744 temporum
1131 2675 1261 2730 sarietma
1280 2675 1334 2730 siut
1352 2671 1529 2729 adhibendae.
1566 2672 1620 2727 Ne·

269 2775 321 2828 que
339 2775 403 2815 sero
422 2759 476 2816 hoc
500 2759 626 2830 dignitati
643 2778 676 2816 ac
700 2763 886 2832 praestantiae
910 2762 1091 2818 astronomiae
1113 2761 1298 2816 nobilissimae
1320 2761 1449 2818 amandae
1472 2759 1619 2830 quidquam

268 2846 400 2916 detrabit,
424 2847 506 2901 immo
529 2863 589 2902 eam
607 2849 699 2920 potius
718 2851 829 2906 mirifice
848 2851 1035 2916 commendat,
1063 2850 1136 2920 qnod
1153 2857 1209 2904 tens
1227 2857 1353 2904 accurate
1376 2855 1480 2902 tsnmrn
1498 2853 1619 2900 motuum

267 2935 424 2990 varietatem
443 2934 522 2990 nobis
547 2936 582 2991 ob
601 2936 695 2992 oculos
713 2940 902 3008 proposuerit,
928 2946 1056 3006 utquam
1081 2937 1204 3006 proxime
1226 2937 1369 2992 veritatem
1391 2936 1479 3004 ipsam
1503 2934 1620 3001 attinga-

266 3025 352 3075 mus.“
390 3023 419 3081 lt
439 3022 553 3078 Etiamsi
571 3023 683 3080 tabulae
701 3025 902 3082 astronomicae
920 3033 1061 3080 exstarent
1079 3023 1314 3092 absolutissimae,
1338 3023 1441 3078 irustra
1464 3029 1555 3074 tamen
1573 3035 1620 3072 cx·

267 3108 368 3178 quisita
385 3107 434 3163 illa
452 3117 479 3164 et
497 3110 604 3168 curiosa
622 3114 781 3182 supputatio
800 3113 928 3168 horarum
946 3130 978 3169 ao
996 3113 1170 3168 minutiarum
1194 3110 1344 3168 secundum
1366 3123 1444 3164 seros
1462 3115 1553 3162 mouns
1570 3106 1619 3160 ad-

267 3195 415 3252 hiberetur.
450 3197 520 3252 Nam
538 3197 679 3268 regionum
696 3216 729 3256 ac
747 3201 954 3256 meridianorum
974 3201 1091 3256 sanetas
1110 3199 1239 3266 efficeret,
1258 3205 1289 3254 ut
1306 3196 1382 3252 labor
1400 3193 1448 3250 ille
1465 3192 1569 3250 inutilis
1588 3209 1620 3248 ac

270 3299 355 3338 sanus
373 3281 541 3340 redderetur.
578 3285 605 3355 t)
623 3285 668 3340 Ex
685 3285 898 3355 antiquisissima
916 3285 1114 3342 consuetudine
1127 3285 1208 3342 medii
1219 3293 1309 3340 motus
1328 3300 1378 3338 seu
1395 3283 1487 3352 potius
1505 3282 1575 3352 cycli
1593 3281 1619 3334 in

270 3371 397 3439 ecclesia,
415 3371 485 3426 seris
503 3371 622 3428 motibus
639 3372 780 3442 neglectis,
799 3375 827 3430 iu
846 3390 897 3428 usu
916 3391 1023 3444 semper
1040 3375 1159 3430 iuerssnt.
1190 3377 1218 3438 d)
1238 3371 1419 3428 Confirmatur
1437 3370 1508 3425 idem
1526 3379 1620 3424 aucto-

268 3461 350 3516 ritate
369 3459 515 3516 multorum
539 3469 756 3518 astronomorum
780 3462 952 3532 omniumque
979 3463 1025 3530 qui
1047 3461 1182 3518 derebus
1209 3463 1244 3518 ad
1266 3459 1451 3516 calendarium
1468 3459 1620 3512 sommum

269 3549 469 3620 pertinentibus
488 3564 522 3602 ex
540 3546 673 3605 ecclesiae
691 3547 887 3604 cousuetudine
904 3549 1082 3618 scripserunt.
1119 3549 1293 3618 (Campanus,
1314 3545 1470 3613 Stoeflerue,
1488 3543 1621 3600 Pauluss

270 3635 460 3704 Middclburgo
473 3636 638 3692 inducuntur
650 3637 757 3706 testes.)
771 3667 802 3674 —
818 3635 1016 3702 „intercalandi
1026 3637 1149 3700 rationis,
1169 3643 1199 3690 ut
1210 3635 1411 3704 aequinoctium
1424 3639 1537 3704 propter
1549 3630 1621 3684 diem

271 3725 314 3778 21.
334 3723 434 3789 Martii,
454 3721 491 3777 ad
509 3739 589 3792 quem
608 3730 650 3777 est
665 3730 831 3792 revocatum,
851 3724 1007 3794 retineatur,
1026 3723 1148 3794 pontifici
1168 3724 1237 3778 duee
1256 3723 1427 3793 potissimum
1445 3720 1504 3774 siae
1521 3733 1622 3788 propo·

270 3811 340 3866 sitae
359 3817 430 3866 suut.
467 3809 560 3866 Altera
579 3810 695 3880 quidem,
715 3818 746 3866 ut
761 3826 830 3880 prae
847 3812 1042 3880 inaequalitate
1060 3812 1124 3866 anni
1142 3811 1248 3880 solaris,
1265 3811 1346 3866 modo
1364 3809 1459 3878 majori
1477 3806 1621 3862 intervallo

270 3915 402 3954 annorum
421 3897 501 3953 modo
519 3898 624 3968 minori,
643 3899 701 3954 dics
712 3897 883 3954 intercalaris
897 3915 966 3954 unus
980 3901 1151 3964 eximeretur,
1169 3907 1252 3968 prout
1263 3913 1351 3952 annus
1364 3897 1450 3965 maior
1467 3903 1517 3948 aut
1534 3895 1622 3948 minor

269 4004 304 4043 ex
323 3985 466 4057 Cupernici
484 3983 588 4042 calculo
608 3987 751 4056 existeret3
770 3985 857 4042 altera
869 4003 942 4066 sero,
961 3996 991 4042 ut
1003 3987 1161 4058 posthabita
1174 3987 1238 4042 anni
1251 3985 1444 4054 inaequalitate
1455 3981 1525 4038 ratio
1538 3981 1622 4034 inter·

269 4073 377 4130 calandi
395 4073 430 4126 ad
448 4087 549 4127 annum
567 4071 775 4142 Alphonsiuum,
795 4076 841 4144 qui
858 4077 930 4132 iuter
948 4079 1094 4132 maximum
1108 4077 1284 4132 etmimmum
1297 4075 1401 4130 medius
1421 4071 1622 4142 quodammodo

268 4168 319 4228 est,
337 4159 595 4216 accommodaretur.
625 4161 765 4218 Posterior
782 4165 852 4220 ratio
871 4165 983 4221 oonsilio
1002 4175 1219 4222 asuonomorum
1237 4163 1344 4220 delecta
1362 4170 1413 4232 est,
1432 4160 1560 4230 quoniam
1579 4173 1622 4214 cc·

270 4250 354 4306 cissis
372 4249 400 4303 iu
418 4247 537 4318 paschae
556 4246 740 4304 celebratione
757 4251 883 4319 regulare
901 4253 967 4321 quid
986 4260 1014 4308 et
1031 4252 1179 4322 uniforme,
1206 4252 1280 4322 quod
1304 4258 1405 4306 statum
1425 4251 1461 4306 sit
1478 4257 1507 4304 et
1522 4264 1541 4302 a
1557 4263 1622 4302 sero

271 4354 325 4392 nou
344 4337 424 4404 longe
443 4333 523 4402 absit,
541 4334 632 4404 potius
651 4351 732 4404 quam
748 4346 905 4394 accuratam
923 4349 1138 4396 astronomorum
1158 4340 1379 4410 supputationem
1399 4339 1475 4406 sequi
1493 4335 1576 4392 debet
1595 4343 1623 4388 et

273 4425 337 4494 quis
356 4423 471 4479 ecclesia
493 4437 544 4478 usa
562 4437 669 4492 sempor
693 4431 736 4478 est
760 4424 854 4480 mediis
877 4427 995 4484 motibus
1019 4428 1047 4482 iu
1071 4427 1216 4486 noviluniis
1241 4435 1270 4482 et
1286 4426 1358 4484 lunis
1376 4425 1447 4482 xlv.
1464 4424 1501 4480 ad
1518 4431 1621 4479 rectam

272 4513 392 4584 paschae
410 4509 620 4566 celebrationem
642 4509 870 4582 investigandam,
893 4515 963 4569 reris
987 4515 1105 4570 motibus
1127 4497 1298 4583 exquisitiori
1321 4519 1537 4568 asmonomorum
1561 4525 1622 4580 per-

273 4598 432 4656 scrutationi
451 4595 566 4667 relictis3
586 4612 703 4666 aequum
719 4599 802 4668 igitur
820 4609 848 4654 et
866 4609 1078 4660 consentaneum
1096 4618 1156 4658 esse
1174 4603 1293 4672 ridetur,
1316 4608 1349 4656 ut
1365 4601 1400 4656 sd
1418 4597 1621 4668 aequinoctium

271 4689 299 4744 in
318 4703 369 4742 sua
386 4686 452 4742 sade
469 4683 641 4742 retinendum
659 4686 788 4744 adhibeat
804 4705 912 4758 quoque
923 4691 987 4746 anni
998 4689 1211 4760 magnitudinem
1223 4689 1362 4744 medinm.“
1378 4687 1467 4742 —De
1482 4685 1621 4754 iiamens,

275 4795 346 4856 quae
364 4777 570 4834 llaestlinus
588 4775 696 4847 objicit,
715 4776 916 4846 aequinoctium
934 4793 1057 4850 seruum,
1083 4780 1192 4836 aibaec
1209 4776 1343 4848 posterior
1360 4773 1431 4830 ratio
1450 4772 1621 4838 adhibeatur,

274 4887 310 4932 or
329 4872 372 4929 die
390 4871 431 4926 21.
449 4869 542 4928 Martii
559 4885 614 4926 nou
630 4871 670 4928 ita
685 4881 750 4944 post
767 4871 853 4928 multa
870 4887 1003 4930 aanomm
1020 4871 1105 4926 millia
1122 4869 1157 4926 s'd
1174 4867 1218 4924 27.
1236 4881 1323 4935 usque
1335 4865 1533 4936 prolapsurum
1549 4869 1578 4916 et
1589 4859 1623 4916 od
