3588 5540
918 333 929 365 t

218 433 287 506 854
585 417 594 432 '
728 429 794 488 vita
811 427 927 488 doeens
944 425 1064 500 liepieri.

220 609 326 668 daatrla
343 608 524 666 subdubitare
541 607 680 680 ooepbae,
698 607 756 665 sire
774 604 849 678 quod
866 605 1009 678 prototypi
1026 605 1198 664 deformitate
1216 609 1322 666 interea
1339 607 1424 666 fueris
1442 609 1573 680 offensus,

221 715 270 757 eeu
288 698 362 768 quod
380 713 397 753 a
414 697 541 770 lirtgero
559 698 639 755 aliter
656 711 806 769 persuasus
824 697 871 765 ns,
889 697 937 766 qui
955 710 990 751 er
1007 694 1055 752 illo
1073 695 1135 751 rodi
1147 696 1294 767 specimine
1312 699 1486 755 menendum
1498 698 1575 769 peni·

103 781 108 794 '
220 787 275 843 tius
293 785 432 856 cognitum
448 801 634 857 praepropere
651 785 801 840 aestimarit
819 789 848 840 et
866 783 900 838 de
912 799 963 850 me,
981 784 1009 839 in
1027 785 1183 840 monasticis
1202 783 1317 856 cellulis,
1335 801 1389 841 uon
1407 784 1575 857 sculptorum

220 873 337 930 oldonis
355 874 486 942 educato,
510 873 600 931 minus
617 873 689 930 bene
708 872 843 929 ominatos
863 871 954 927 fuerit.
991 871 1045 928 Sed
1064 888 1121 927 rem
1138 873 1240 932 rectius
1261 873 1440 944 perpendenti
1458 873 1576 929 occurrit

220 951 311 1018 serior
327 961 464 1034 propositi
481 964 567 1018 rastri
585 969 614 1018 et
631 962 728 1019 mutati
746 960 852 1018 consilii
870 975 968 1028 ausa,
994 959 1099 1015 scilicet
1116 959 1207 1030 operis
1224 961 1377 1030 maturatio,
1395 977 1477 1032 quam
1495 959 1577 1017 effec-

220 1052 309 1118 tsbae,
327 1051 476 1120 propteroa
492 1049 591 1107 lobene
610 1050 727 1106 statione
744 1064 806 1106 mee
823 1048 903 1105 cessi.
933 1046 988 1104 Sed
1001 1047 1060 1116 J'em
1077 1047 1215 1116 longiores
1233 1063 1323 1105 morae
1340 1049 1425 1105 nectit
1437 1049 1577 1118 liregerus

221 1153 304 1209 pram
322 1153 373 1207 ego
391 1137 545 1194 mxiasem.
570 1138 657 1194 Doleo
674 1138 761 1192 rioeru
778 1152 834 1193 non
851 1141 958 1190 unum
975 1141 1057 1205 tuem,
1076 1135 1123 1205 qui
1135 1135 1299 1192 meohsuiois
1312 1135 1461 1194 artificibus
1472 1136 1578 1193 idoneis

222 1226 387 1294 destitueris,
406 1225 456 1283 red
474 1225 556 1282 etiam
574 1225 660 1282 totius
678 1223 834 1280 matheseos
853 1231 882 1279 et
899 1227 942 1278 tot
960 1221 1189 1278 nobilissimarum
1209 1223 1291 1279 dirimi
1308 1225 1410 1296 ingenii
1427 1225 1468 1281 tui
1485 1226 1577 1281 iuren-

220 1313 326 1370 tionun
345 1320 445 1370 sortem
464 1315 585 1384 miseror,
605 1327 677 1383 quae
695 1311 771 1370 hisce
789 1319 978 1370 ounotetorun
995 1311 1287 1381 procrastinationibus
1304 1313 1333 1367 in
1351 1313 1477 1370 editionis
1496 1329 1578 1370 eursu

221 1401 402 1458 retardentur.
440 1401 565 1458 cotenon
589 1401 664 1470 quod
690 1400 758 1457 illud
782 1415 864 1472 eapre
887 1401 974 1471 inea,
999 1399 1072 1470 quod
1094 1413 1198 1470 paucos
1216 1399 1361 1456 admodum
1383 1399 1500 1462 lectores
1518 1403 1578 1460 fore

222 1488 329 1545 animus
345 1489 493 1560 praesagit
512 1491 568 1545 heu
586 1506 668 1558 quam
685 1505 782 1547 rereor
800 1498 827 1547 et
845 1491 914 1562 ipse,
933 1505 969 1546 ue
981 1503 1044 1544 rere
1062 1489 1180 1544 divinest
1210 1489 1272 1545 Non
1283 1489 1386 1559 ignoro,
1405 1508 1485 1560 quam
1498 1489 1579 1563 pauci

223 1577 289 1648 rint,
307 1591 377 1647 quos
394 1575 521 1634 coelestis
539 1577 608 1635 haec
625 1595 691 1635 oura
708 1584 817 1650 tropat,
833 1578 905 1636 inter
921 1576 995 1632 mille
1013 1577 1059 1632 vix
1076 1575 1204 1648 totidem,
1224 1583 1291 1646 quot
1308 1578 1379 1633 ostis
1396 1579 1495 1638 Rheni.
1524 1581 1579 1638 Sed

222 1671 287 1722 atet
304 1664 397 1738 exigui
414 1679 528 1722 uumsro
546 1665 615 1736 siut,
640 1674 706 1724 tone
727 1674 875 1738 propterea
891 1666 1027 1736 reliquos,
1050 1679 1165 1733 querum
1187 1665 1267 1720 etiem
1285 1666 1408 1722 nonnulli
1425 1676 1502 1735 suut,
1526 1670 1580 1726 hoo

223 1753 297 1809 houo
315 1750 512 1810 defraudabis?
541 1752 635 1824 Ense,
655 1756 679 1811 si
696 1762 725 1810 te
743 1756 790 1812 uni
808 1754 892 1811 aetati
911 1761 939 1808 et
955 1752 1021 1810 huio
1038 1751 1089 1808 soli
1102 1750 1195 1808 seculo
1210 1753 1328 1809 scribere
1340 1755 1437 1812 credis.
1460 1757 1580 1814 Posteri-

222 1842 289 1898 tatls
307 1841 440 1896 ntionen
458 1839 542 1907 habs,
567 1842 639 1899 inter
658 1857 739 1913 qnam
762 1851 826 1916 post
847 1843 905 1900 ista
923 1842 1030 1899 demun
1047 1841 1145 1897 merita
1165 1840 1247 1900 laude
1267 1841 1458 1900 celebrates-is.
1479 1877 1508 1888 -
1528 1847 1580 1902 Die

223 1929 414 1989 euoenon
436 1927 520 1986 reiert
543 1930 742 2002 Schiokardus,
769 1932 901 1998 ,multasi
927 1945 957 1986 ee
981 1929 1134 1986 successive
1158 1929 1297 2000 accepisse
1315 1929 1446 2001 epistolas
1467 1948 1485 1989 a
1504 1931 1580 2003 Kap-

222 2017 295 2088 iero,
313 2017 421 2073 mittere
444 2031 475 2073 se
496 2017 597 2087 figuras
621 2019 736 2075 duorum
758 2019 881 2090 priorum
897 2016 1028 2074 librorum
1046 2018 1212 2074 Harmoniae
1229 2032 1283 2074 nou
1301 2019 1436 2089 sculptas,
1463 2020 1512 2076 sed
1536 2021 1581 2078 da·

223 2104 349 2163 11666166.
385 2105 475 2176 uaga
497 2105 550 2162 eibi
572 2106 693 2162 arridere
716 2121 816 2163 eeneas
839 2106 955 2163 tabellas
973 2111 1002 2162 et
1020 2105 1101 2162 offert
1119 2121 1150 2160 se
1173 2105 1275 2176 figures
1300 2105 1362 2162 ilias
1374 2151 1377 2159 .
1388 2107 1446 2161 aeri
1462 2107 1582 2164 incidere
1635 2129 1638 2135 ·

224 2195 291 2262 (11166
309 2196 380 2260 dtett,
398 2211 465 2263 quae
482 2195 534 2250 rol.
554 2199 585 2250 V.
604 2197 637 2248 ad
654 2213 680 2264 p.
702 2199 841 2250 lle-120
857 2194 1008 2264 pertinent),
1035 2193 1092 2262 „aio
1110 2193 1181 2248 euim
1205 2192 1308 2250 laboris
1325 2193 1374 2249 det
1391 2194 1580 2264 compendium

223 2288 252 2340 et
270 2281 360 2339 omnia
377 2281 530 2352 elepsntius
553 2280 728 2353 prodibuuti⁸
765 2283 832 2340 Cum
856 2281 920 2337 huic
943 2281 1057 2337 coneilio
1082 2281 1255 2336 consentiret.
1272 2281 1408 2352 Keplorus
1432 2281 1472 2350 (in
1496 2278 1582 2338 literis

136 2415 150 2430 .
223 2365 295 2425 datia
312 2369 339 2424 6.
357 2370 437 2434 Deo,
465 2383 534 2438 quas
558 2369 699 2438 accepisse
724 2385 754 2426 se
773 2369 839 2426 dicit
857 2369 1042 2426 Sohiokardus
1061 2367 1105 2424 die
1123 2369 1195 2439 26.),
1215 2367 1399 2424 Sobiokardus
1418 2369 1461 2425 die
1479 2369 1522 2425 27.
1538 2383 1582 2424 re·

223 2455 348 2529 spondit,
375 2470 405 2512 se
428 2471 535 2512 omnem
553 2471 665 2526 operam
683 2457 871 2530 impensurum
889 2463 918 2512 et
936 2455 1093 2527 sculpendis
1118 2457 1212 2526 epuns
1230 2456 1397 2528 diligentiam
1416 2471 1492 2538 suam
1510 2472 1582 2512 con·

222 2544 495 2620 probaturusne,
521 2560 637 2616 cuprum
660 2545 739 2616 parri
756 2551 897 2614 nonnus,
923 2544 1019 2601 libram
1038 2545 1073 2602 tt
1091 2547 1255 2614 omoigeros,
1274 2543 1420 2601 Besoldun
1438 2545 1582 2615 Tubingae

223 2633 332 2706 reliqua
349 2639 507 2690 cuntorum
526 2647 588 2690 esee
590 2672 679 2691 .....
716 2633 813 2690 hiirari
825 2647 863 2698 se,
881 2632 929 2703 ait,
949 2632 1022 2702 quod
1034 2633 1170 2702 Keplerus
1182 2631 1217 2686 de
1228 2631 1335 2688 duobus
1348 2632 1461 2688 cometis
1474 2632 1582 2699 scribat,

222 2737 255 2780 aa
272 2739 355 2780 unum
373 2728 402 2779 et
419 2721 534 2778 eundem
553 2721 687 2777 brennus
704 2729 827 2792 potesse.
863 2722 954 2792 Illum,
973 2737 1054 2792 quen
1072 2719 1208 2791 Kepierus
1232 2720 1284 2776 sub
1303 2719 1375 2776 Ursa
1399 2722 1582 2791 conspexerit,

222 2825 254 2868 se
271 2825 411 2881 uunquam
427 2809 541 2875 vidisse,
568 2807 649 2877 ,lieet
672 2808 745 2866 iana
770 2811 831 2880 eJ'us
855 2811 992 2867 excitetur
1016 2809 1162 2880 aliquoties
1186 2813 1250 2864 ante
1273 2808 1344 2864 diam
1363 2805 1458 2864 sedulo
1476 2809 1582 2865 eoelum

222 2897 426 2969 contemplatus
444 2897 552 2955 menn.
589 2895 695 2952 lienes
713 2897 852 2968 tuncjam
871 2902 1033 2953 evanuerat:
1051 2911 1119 2952 areo
1138 2895 1208 2951 seire
1225 2897 1400 2967 apparentiae
1419 2895 1506 2965 ejusr.
1525 2927 1560 2937 -

327 2985 370 3044 De
391 2983 500 3042 Medico
526 2983 675 3041 Viennensi
697 2985 882 3042 Guliieimo
907 2985 1131 3056 Reohperger
1153 2985 1255 3041 Remus
1277 2983 1397 3054 lieplero
1421 2986 1490 3040 haec
1514 3003 1583 3042 uun·

223 3075 288 3135 olat:
309 3072 435 3145 „saepius
451 3073 498 3129 ille
516 3072 582 3128 mihi
599 3073 675 3144 dixit,
695 3075 718 3130 ei
730 3073 866 3144 Keplerus
884 3088 991 3129 meeum
1010 3073 1108 3128 bonam
1121 3071 1389 3142 correspondentiam
1400 3079 1513 3140 teneret,
1530 3087 1583 3143 epo
1655 3145 1657 3150 Ι

222 3163 276 3236 lpsi
293 3159 410 3217 iaculitn
433 3175 510 3216 auam
528 3159 710 3230 provisionem
729 3162 849 3232 persolvi
874 3165 1024 3218 curarem.⁸
1065 3160 1169 3216 Eadem
1192 3160 1253 3230 ipse
1270 3161 1478 3231 Reohpergerus
1503 3161 1584 3218 offert

221 3248 357 3321 lleplaro,
375 3249 419 3306 dle
438 3249 461 3306 6.
480 3249 547 3307 Deo.
569 3249 647 3310 tete.
667 3249 801 3305 scribens:
829 3249 954 3318 Alougo
973 3255 1097 3320 tenpore
1120 3255 1148 3304 et
1165 3263 1262 3316 ruaguo
1287 3263 1379 3305 emore
1397 3249 1582 3306 1666166661-

220 3337 323 3396 lentiee
341 3343 370 3392 et
387 3335 522 3394 desiderio
539 3343 604 3394 ture
621 3337 756 3394 amicitiae
774 3335 860 3407 flagro
864 3376 958 3396 .....
994 3337 1062 3393 Peto
1081 3342 1113 3392 ot
1126 3343 1174 3393 tua
1186 3336 1360 3393 Excellentia
1373 3335 1582 3408 descriptionem

221 3439 300 3485 auam
318 3429 453 3495 cometae,
477 3439 551 3480 nuno
573 3427 608 3482 ab
631 3423 737 3495 aliquot
758 3424 854 3482 diebus
872 3423 900 3480 in
919 3425 1062 3481 horizonte
1084 3433 1177 3480 nostro
1194 3423 1336 3493 fulgentis,
1361 3425 1426 3480 mibi
1443 3425 1582 3481 transmit·

221 3518 271 3570 tat.
286 3555 292 3570 .
307 3552 314 3566 .
329 3553 357 3570 ..
394 3511 423 3568 ei
441 3511 507 3582 quid
525 3513 648 3569 Viennae
669 3527 720 3569 sua
738 3513 910 3569 Excellentia
933 3511 1017 3569 habet
1033 3513 1076 3570 rel
1099 3513 1127 3568 iu
1145 3511 1209 3569 aula
1227 3510 1270 3567 rei
1293 3513 1368 3583 apud
1386 3527 1520 3569 eameram
1537 3512 1582 3569 rel

221 3601 295 3674 alibi,
314 3601 388 3672 quod
406 3601 535 3659 effectum
552 3601 627 3674 velit,
646 3601 765 3658 riolasim
784 3602 906 3667 obsecro,
925 3607 956 3657 ut
972 3601 1037 3657 mibi
1051 3600 1208 3656 committat.
1240 3598 1352 3656 Omnem
1371 3599 1442 3657 dabo
1461 3615 1582 3671 operam,

221 3695 253 3747 ut
270 3688 326 3745 roti
343 3703 457 3760 compos
474 3689 523 3745 flat
540 3695 593 3747 etc.
630 3690 703 3746 Num
719 3688 856 3759 Keplerus
880 3690 931 3745 riri
956 3691 1039 3759 hujus
1062 3687 1163 3746 auxilio
1188 3703 1254 3745 usus
1278 3689 1361 3748 tuerit
1378 3689 1422 3743 vel
1439 3687 1581 3759 Minponio

221 3775 274 3833 roll
291 3789 336 3832 ree
354 3789 419 3832 sues
436 3775 559 3834 Viennae
575 3774 762 3850 procurandas
781 3777 959 3849 commiserit,
977 3777 1126 3848 neeoinos;
1151 3777 1294 3848 responsio
1312 3785 1385 3834 certe
1403 3775 1516 3847 liepleri
1533 3778 1580 3834 de·

131 3863 132 3868 ’
221 3861 366 3924 rideretur.

325 3952 397 4008 Dum
415 3951 552 4023 lieplerue
570 3953 714 4023 Tubinpae
731 3955 892 4010 versabatur
908 3954 993 4023 (anuo
1014 3954 1103 4023 1617),
1128 3966 1190 4010 oum
1208 3952 1343 4022 theologis
1361 3952 1581 4022 'lhbinpensibus

220 4039 311 4113 opiam
328 4041 439 4098 ridetur
456 4042 490 4097 de
507 4041 556 4097 lite
574 4057 635 4098 oum
652 4040 763 4097 Hirlsro
781 4044 814 4111 (r.
833 4058 856 4101 s.
875 4059 902 4113 p.
921 4041 993 4112 667).
1025 4042 1058 4097 16
1076 4041 1220 4098 inbellario
1233 4041 1401 4110 Tubinpensi
1418 4039 1513 4112 plures
1533 4057 1580 4097 ex·

218 4135 295 4188 stant
312 4130 446 4202 epistolae
462 4129 575 4202 liepleri
593 4137 622 4186 et
638 4128 828 4201 Haieurederi,
849 4129 930 4187 dstae
948 4130 1026 4186 aunis
1045 4131 1115 4186 1618
1133 4135 1162 4185 61
1182 4129 1257 4196 1619,
1274 4131 1303 4186 iu
1321 4129 1420 4199 quihus
1438 4127 1581 4199 disputant

221 4217 255 4278 de
272 4217 328 4275 dde
345 4217 470 4289 iiepieu·;
493 4231 571 4289 qun,
589 4231 651 4273 oum
669 4217 741 4273 iuter
758 4233 788 4273 se
806 4218 984 4290 cohaereant,
1007 4217 1102 4275 ordine
1123 4220 1251 4276 contiuuo
1274 4217 1319 4276 hio
1335 4217 1507 4278 inseruimus.

323 4305 444 4363 Primum
462 4304 530 4362 adiit
547 4304 683 4376 lieplerus
701 4305 929 4380 iiaienredarun,
948 4307 1082 4364 scribens:

232 4512 237 4522 ’
325 4411 519 4581 Dignisffin}
535 4415 664 4564 gemine
694 4489 891 4580 Cancellerie,
928 4503 1102 4586 Reverendo
1134 4511 1164 4566 et
1192 4505 1362 4566 Clarissima
1391 4503 1428 4566 D.
1453 4505 1576 4579 Ductor,

220 4589 399 4670 Praeceptor
422 4589 636 4655 colendiseine.
675 4587 779 4652 Annus
794 4593 1011 4672 dirumpitur,
1035 4612 1072 4659 ex
1094 4611 1154 4671 quo
1169 4593 1308 4672 Tubiuge
1332 4591 1494 4654 discedenti
1509 4609 1578 4669 epea

221 4687 267 4739 eat
288 4677 367 4742 iacta
388 4687 541 4742 secuturae
564 4677 731 4742 schedulae.
778 4677 861 4757 Quae
894 4681 974 4760 quod
1003 4699 1063 4744 nou
1084 4683 1224 4758 mittitur,
1255 4680 1286 4742 id
1308 4681 1485 4744 humanitati
1508 4688 1577 4741 tneo
1689 4729 1693 4736 .

220 4765 328 4842 tribuo,
351 4769 402 4844 qul
423 4785 470 4828 me
492 4770 619 4848 amioum
640 4784 700 4828 uon
721 4771 849 4830 sustines
864 4767 1021 4845 euertere,
1046 4777 1128 4831 retus
1151 4769 1181 4830 id
1204 4769 1284 4848 quod
1306 4786 1352 4831 ras
1374 4776 1435 4842 est,
1456 4786 1505 4829 ura
1528 4765 1578 4828 rel

221 4869 258 4918 ex
279 4851 398 4920 renuo
419 4853 457 4917 de
479 4861 652 4939 argumento
673 4857 837 4938 promissae
858 4857 1003 4938 eptateise
1025 4857 1224 4936 conjecturam
1254 4858 1354 4955 iacere
1370 4857 1456 4922 laede
1478 4873 1576 4938 posse.
